{
    "summary": {
        "stock_name": "倉佑",
        "stock_id": "1568",
        "category": "汽車",
        "main_business": "汽車及其零件製造業(汽車零組件)<br>汽.機車零件配備批發業<br>汽.機車零件配備零售業",
        "website_url": "http://www.tsangyow.com.tw",
        "ceo": "蘇祈祜",
        "pe_ratio": 9,
        "report_year_from": 2003,
        "report_year_to": 2023,
        "age": 21,
        "eps_negative_percentage": 0,
        "eps_growth_avg": {
            "last_all": 20.36,
            "last_2y": 95.68,
            "last_4y": 30.68,
            "last_8y": 17,
            "last_12y": null,
            "last_16y": null,
            "last_20y": null,
            "at_2006_last_3y": null,
            "at_2007_last_3y": null,
            "at_2008_last_3y": null,
            "at_2009_last_3y": null,
            "at_2010_last_3y": null,
            "at_2011_last_3y": null,
            "at_2012_last_3y": null,
            "at_2013_last_3y": null,
            "at_2014_last_3y": null,
            "at_2015_last_3y": null,
            "at_2016_last_3y": null,
            "at_2017_last_3y": 25.24,
            "at_2018_last_3y": -0.11,
            "at_2019_last_3y": -20.93,
            "at_2020_last_3y": -44.69,
            "at_2021_last_3y": -21.1,
            "at_2022_last_3y": 16.6,
            "at_2023_last_3y": 56.02,
            "at_2024_last_3y": 56.02,
            "at_2006_last_all": null,
            "at_2007_last_all": null,
            "at_2008_last_all": null,
            "at_2009_last_all": null,
            "at_2010_last_all": null,
            "at_2011_last_all": null,
            "at_2012_last_all": null,
            "at_2013_last_all": null,
            "at_2014_last_all": null,
            "at_2015_last_all": 31.62,
            "at_2016_last_all": 31.78,
            "at_2017_last_all": 25.24,
            "at_2018_last_all": 10.04,
            "at_2019_last_all": -3.41,
            "at_2020_last_all": -11.92,
            "at_2021_last_all": 2.07,
            "at_2022_last_all": 12.95,
            "at_2023_last_all": 20.36,
            "at_2024_last_all": 20.36
        },
        "latest_eps": 3.3,
        "latest_price": 30.5,
        "latest_roe": 19.66,
        "latest_gross_margin": 32.97,
        "latest_equity": 1820671,
        "latest_revenue": 305872,
        "latest_gross_profit": 100851,
        "latest_net_income": 226686,
        "latest_debt_ratio": 33.57,
        "latest_current_ratio": 294.37,
        "latest_account_receivable_turnover_ratio": 1.14,
        "latest_inventory_turnover_ratio": 0.52,
        "latest_reinvestment_rate": -89.74,
        "latest_research_to_sale_ratio": 4.33
    },
    "eps_dividends": {
        "2001": {
            "cash": 0,
            "stock": 0,
            "eps": 0
        },
        "2002": {
            "cash": 0,
            "stock": 0,
            "eps": 0
        },
        "2003": {
            "cash": 0,
            "stock": 0,
            "eps": 0
        },
        "2004": {
            "cash": 0.2,
            "stock": 2,
            "eps": 0
        },
        "2005": {
            "cash": 0.2,
            "stock": 1,
            "eps": 0
        },
        "2006": {
            "cash": 0,
            "stock": 0,
            "eps": 0
        },
        "2007": {
            "cash": 0,
            "stock": 0,
            "eps": 0
        },
        "2008": {
            "cash": 0.2,
            "stock": 1.01,
            "eps": 0
        },
        "2009": {
            "cash": 0,
            "stock": 0,
            "eps": 0
        },
        "2010": {
            "cash": 0,
            "stock": 0,
            "eps": 0
        },
        "2011": {
            "cash": 0,
            "stock": 0,
            "eps": 0
        },
        "2012": {
            "cash": 0,
            "stock": 0,
            "eps": 0
        },
        "2013": {
            "cash": 0.5,
            "stock": 0,
            "eps": 0.79
        },
        "2014": {
            "cash": 0.5,
            "stock": 0,
            "eps": 1.19
        },
        "2015": {
            "cash": 0.5,
            "stock": 0,
            "eps": 1.34
        },
        "2016": {
            "cash": 1,
            "stock": 0,
            "eps": 1.77
        },
        "2017": {
            "cash": 1.2,
            "stock": 0,
            "eps": 1.87
        },
        "2018": {
            "cash": 0.8,
            "stock": 0,
            "eps": 0.92
        },
        "2019": {
            "cash": 0.65,
            "stock": 0,
            "eps": 0.27
        },
        "2020": {
            "cash": 0.5,
            "stock": 0,
            "eps": 0.1
        },
        "2021": {
            "cash": 0.3,
            "stock": 0,
            "eps": 0.29
        },
        "2022": {
            "cash": 0.3,
            "stock": 0,
            "eps": 1.62
        },
        "2023": {
            "cash": 1.1,
            "stock": 0,
            "eps": 3.03
        },
        "2024": {
            "cash": 1.34,
            "stock": 0,
            "eps": 0
        }
    },
    "dividends": {
        "2004-04-07": {
            "cash": 0.2,
            "stock": 2
        },
        "2005-03-24": {
            "cash": 0.2,
            "stock": 1
        },
        "2008-03-28": {
            "cash": 0.2,
            "stock": 1.01
        },
        "2013-03-22": {
            "cash": 0.5,
            "stock": 0
        },
        "2014-06-23": {
            "cash": 0.5,
            "stock": 0
        },
        "2015-07-29": {
            "cash": 0.5,
            "stock": 0
        },
        "2016-07-15": {
            "cash": 1,
            "stock": 0
        },
        "2017-07-26": {
            "cash": 1.2,
            "stock": 0
        },
        "2018-07-20": {
            "cash": 0.8,
            "stock": 0
        },
        "2019-07-25": {
            "cash": 0.65,
            "stock": 0
        },
        "2020-07-31": {
            "cash": 0.5,
            "stock": 0
        },
        "2021-07-30": {
            "cash": 0.3,
            "stock": 0
        },
        "2022-06-30": {
            "cash": 0.3,
            "stock": 0
        },
        "2023-05-30": {
            "cash": 1.1,
            "stock": 0
        },
        "2024-03-07": {
            "cash": 1.34,
            "stock": 0
        }
    },
    "prices": {
        "200101": "無",
        "200102": "無",
        "200103": "無",
        "200104": "無",
        "200105": "無",
        "200106": "無",
        "200107": "無",
        "200108": "無",
        "200109": "無",
        "200110": "無",
        "200111": "無",
        "200112": "無",
        "200201": "無",
        "200202": "無",
        "200203": "無",
        "200204": "無",
        "200205": "無",
        "200206": "無",
        "200207": "無",
        "200208": "無",
        "200209": "無",
        "200210": "無",
        "200211": "無",
        "200212": "無",
        "200301": "無",
        "200302": "無",
        "200303": "無",
        "200304": "無",
        "200305": "無",
        "200306": "無",
        "200307": "無",
        "200308": "無",
        "200309": "無",
        "200310": "無",
        "200311": "無",
        "200312": "無",
        "200401": "無",
        "200402": "無",
        "200403": "無",
        "200404": "無",
        "200405": "無",
        "200406": "25.34",
        "200407": "25.02",
        "200408": "20.00",
        "200409": "19.00",
        "200410": "17.08",
        "200411": "14.97",
        "200412": "15.45",
        "200501": "12.99",
        "200502": "13.10",
        "200503": "13.48",
        "200504": "14.32",
        "200505": "15.04",
        "200506": "15.49",
        "200507": "16.57",
        "200508": "16.64",
        "200509": "17.49",
        "200510": "16.94",
        "200511": "16.98",
        "200512": "17.81",
        "200601": "19.75",
        "200602": "24.40",
        "200603": "21.58",
        "200604": "22.95",
        "200605": "23.82",
        "200606": "21.40",
        "200607": "19.07",
        "200608": "18.68",
        "200609": "18.61",
        "200610": "18.02",
        "200611": "17.79",
        "200612": "17.94",
        "200701": "17.56",
        "200702": "17.31",
        "200703": "17.53",
        "200704": "21.05",
        "200705": "21.22",
        "200706": "25.87",
        "200707": "28.54",
        "200708": "26.65",
        "200709": "25.46",
        "200710": "27.84",
        "200711": "26.14",
        "200712": "23.88",
        "200801": "22.59",
        "200802": "20.56",
        "200803": "20.24",
        "200804": "20.31",
        "200805": "19.90",
        "200806": "19.43",
        "200807": "18.00",
        "200808": "18.79",
        "200809": "16.54",
        "200810": "16.15",
        "200811": "13.47",
        "200812": "10.31",
        "200901": "10.08",
        "200902": "10.15",
        "200903": "10.04",
        "200904": "9.70",
        "200905": "9.52",
        "200906": "9.61",
        "200907": "9.74",
        "200908": "10.41",
        "200909": "10.00",
        "200910": "9.89",
        "200911": "9.93",
        "200912": "9.76",
        "201001": "9.99",
        "201002": "10.04",
        "201003": "10.01",
        "201004": "12.45",
        "201005": "12.09",
        "201006": "11.78",
        "201007": "11.38",
        "201008": "11.94",
        "201009": "13.88",
        "201010": "13.58",
        "201011": "13.08",
        "201012": "11.78",
        "201101": "11.46",
        "201102": "11.05",
        "201103": "10.34",
        "201104": "9.04",
        "201105": "9.04",
        "201106": "9.30",
        "201107": "9.13",
        "201108": "9.14",
        "201109": "9.26",
        "201110": "9.32",
        "201111": "9.16",
        "201112": "9.09",
        "201201": "9.25",
        "201202": "9.76",
        "201203": "9.80",
        "201204": "9.64",
        "201205": "9.74",
        "201206": "10.17",
        "201207": "10.33",
        "201208": "10.13",
        "201209": "10.38",
        "201210": "10.72",
        "201211": "10.94",
        "201212": "11.89",
        "201301": "12.92",
        "201302": "12.75",
        "201303": "12.86",
        "201304": "12.18",
        "201305": "11.17",
        "201306": "10.77",
        "201307": "10.66",
        "201308": "11.45",
        "201309": "11.49",
        "201310": "11.62",
        "201311": "11.84",
        "201312": "18.23",
        "201401": "19.81",
        "201402": "24.76",
        "201403": "26.02",
        "201404": "30.17",
        "201405": "29.39",
        "201406": "28.58",
        "201407": "27.67",
        "201408": "24.25",
        "201409": "24.13",
        "201410": "22.62",
        "201411": "20.32",
        "201412": "21.55",
        "201501": "22.12",
        "201502": "21.36",
        "201503": "19.95",
        "201504": "20.14",
        "201505": "19.35",
        "201506": "18.41",
        "201507": "17.46",
        "201508": "15.65",
        "201509": "16.21",
        "201510": "16.93",
        "201511": "18.26",
        "201512": "20.45",
        "201601": "19.80",
        "201602": "24.07",
        "201603": "25.76",
        "201604": "26.09",
        "201605": "23.21",
        "201606": "24.59",
        "201607": "25.21",
        "201608": "30.79",
        "201609": "37.19",
        "201610": "37.43",
        "201611": "31.88",
        "201612": "33.68",
        "201701": "32.71",
        "201702": "32.55",
        "201703": "31.70",
        "201704": "34.67",
        "201705": "36.29",
        "201706": "41.11",
        "201707": "41.65",
        "201708": "41.27",
        "201709": "44.93",
        "201710": "44.72",
        "201711": "37.88",
        "201712": "35.26",
        "201801": "35.13",
        "201802": "31.99",
        "201803": "32.10",
        "201804": "29.25",
        "201805": "29.85",
        "201806": "29.56",
        "201807": "26.41",
        "201808": "24.50",
        "201809": "20.66",
        "201810": "19.27",
        "201811": "18.33",
        "201812": "19.74",
        "201901": "19.00",
        "201902": "19.18",
        "201903": "19.93",
        "201904": "20.00",
        "201905": "19.44",
        "201906": "19.79",
        "201907": "20.03",
        "201908": "23.04",
        "201909": "21.68",
        "201910": "20.40",
        "201911": "19.39",
        "201912": "19.30",
        "202001": "19.11",
        "202002": "17.62",
        "202003": "14.26",
        "202004": "14.01",
        "202005": "15.17",
        "202006": "16.06",
        "202007": "15.72",
        "202008": "15.20",
        "202009": "15.84",
        "202010": "16.68",
        "202011": "18.46",
        "202012": "22.19",
        "202101": "28.15",
        "202102": "27.36",
        "202103": "29.63",
        "202104": "32.80",
        "202105": "25.67",
        "202106": "25.98",
        "202107": "27.83",
        "202108": "24.35",
        "202109": "21.92",
        "202110": "21.20",
        "202111": "21.95",
        "202112": "21.48",
        "202201": "21.90",
        "202202": "21.27",
        "202203": "20.34",
        "202204": "20.28",
        "202205": "21.52",
        "202206": "25.58",
        "202207": "26.21",
        "202208": "29.03",
        "202209": "27.10",
        "202210": "23.00",
        "202211": "23.70",
        "202212": "24.00",
        "202301": "22.75",
        "202302": "24.24",
        "202303": "23.89",
        "202304": "23.86",
        "202305": "24.30",
        "202306": "26.09",
        "202307": "24.59",
        "202308": "24.75",
        "202309": "27.95",
        "202310": "32.48",
        "202311": "32.80",
        "202312": "34.40"
    },
    "quarters": {
        "20011": {
            "year_quarter": 20011,
            "year": 2001,
            "quarter": 1,
            "eps": null,
            "eps_growth_year": null,
            "eps_4q": null,
            "eps_4q_growth_year": null,
            "roe": null,
            "roe_4q": 0,
            "gross_profit": null,
            "gross_margin": null,
            "gross_margin_4q_avg": 0,
            "net_income": null,
            "net_income_4q": null,
            "revenue": null,
            "revenue_4q": null,
            "common_shares": null,
            "book_valuer_per_share": null,
            "book_valuer_per_share_4q_avg": 0,
            "equity": null,
            "current_ratio": null,
            "debt_ratio": null,
            "inventory_turnover_ratio": null,
            "account_receivable_turnover_ratio": null,
            "reinvestment_rate": null,
            "research_to_sale_ratio": null,
            "price_fair": 0,
            "eps_avg_yearly": 0,
            "eps_latest_yearly": 0,
            "eps_growth_yearly": 0
        },
        "20012": {
            "year_quarter": 20012,
            "year": 2001,
            "quarter": 2,
            "eps": null,
            "eps_growth_year": null,
            "eps_4q": null,
            "eps_4q_growth_year": null,
            "roe": null,
            "roe_4q": 0,
            "gross_profit": null,
            "gross_margin": null,
            "gross_margin_4q_avg": 0,
            "net_income": null,
            "net_income_4q": null,
            "revenue": null,
            "revenue_4q": null,
            "common_shares": null,
            "book_valuer_per_share": null,
            "book_valuer_per_share_4q_avg": 0,
            "equity": null,
            "current_ratio": null,
            "debt_ratio": null,
            "inventory_turnover_ratio": null,
            "account_receivable_turnover_ratio": null,
            "reinvestment_rate": null,
            "research_to_sale_ratio": null,
            "price_fair": 0,
            "eps_avg_yearly": 0,
            "eps_latest_yearly": 0,
            "eps_growth_yearly": 0
        },
        "20013": {
            "year_quarter": 20013,
            "year": 2001,
            "quarter": 3,
            "eps": null,
            "eps_growth_year": null,
            "eps_4q": null,
            "eps_4q_growth_year": null,
            "roe": null,
            "roe_4q": 0,
            "gross_profit": null,
            "gross_margin": null,
            "gross_margin_4q_avg": 0,
            "net_income": null,
            "net_income_4q": null,
            "revenue": null,
            "revenue_4q": null,
            "common_shares": null,
            "book_valuer_per_share": null,
            "book_valuer_per_share_4q_avg": 0,
            "equity": null,
            "current_ratio": null,
            "debt_ratio": null,
            "inventory_turnover_ratio": null,
            "account_receivable_turnover_ratio": null,
            "reinvestment_rate": null,
            "research_to_sale_ratio": null,
            "price_fair": 0,
            "eps_avg_yearly": 0,
            "eps_latest_yearly": 0,
            "eps_growth_yearly": 0
        },
        "20014": {
            "year_quarter": 20014,
            "year": 2001,
            "quarter": 4,
            "eps": null,
            "eps_growth_year": null,
            "eps_4q": null,
            "eps_4q_growth_year": null,
            "roe": null,
            "roe_4q": 0,
            "gross_profit": null,
            "gross_margin": null,
            "gross_margin_4q_avg": 0,
            "net_income": null,
            "net_income_4q": null,
            "revenue": null,
            "revenue_4q": null,
            "common_shares": 183385,
            "book_valuer_per_share": 16.85,
            "book_valuer_per_share_4q_avg": 4.21,
            "equity": 308936,
            "current_ratio": 170.26,
            "debt_ratio": 48.54,
            "inventory_turnover_ratio": null,
            "account_receivable_turnover_ratio": null,
            "reinvestment_rate": null,
            "research_to_sale_ratio": null,
            "price_fair": 0,
            "eps_avg_yearly": 0,
            "eps_latest_yearly": 0,
            "eps_growth_yearly": 0
        },
        "20021": {
            "year_quarter": 20021,
            "year": 2002,
            "quarter": 1,
            "eps": null,
            "eps_growth_year": null,
            "eps_4q": null,
            "eps_4q_growth_year": null,
            "roe": null,
            "roe_4q": 0,
            "gross_profit": null,
            "gross_margin": null,
            "gross_margin_4q_avg": 0,
            "net_income": null,
            "net_income_4q": null,
            "revenue": null,
            "revenue_4q": null,
            "common_shares": null,
            "book_valuer_per_share": null,
            "book_valuer_per_share_4q_avg": 4.21,
            "equity": null,
            "current_ratio": null,
            "debt_ratio": null,
            "inventory_turnover_ratio": null,
            "account_receivable_turnover_ratio": null,
            "reinvestment_rate": null,
            "research_to_sale_ratio": null,
            "price_fair": 0,
            "eps_avg_yearly": 0,
            "eps_latest_yearly": 0,
            "eps_growth_yearly": 0
        },
        "20022": {
            "year_quarter": 20022,
            "year": 2002,
            "quarter": 2,
            "eps": null,
            "eps_growth_year": null,
            "eps_4q": null,
            "eps_4q_growth_year": null,
            "roe": null,
            "roe_4q": 0,
            "gross_profit": null,
            "gross_margin": null,
            "gross_margin_4q_avg": 0,
            "net_income": null,
            "net_income_4q": null,
            "revenue": null,
            "revenue_4q": null,
            "common_shares": null,
            "book_valuer_per_share": null,
            "book_valuer_per_share_4q_avg": 4.21,
            "equity": null,
            "current_ratio": null,
            "debt_ratio": null,
            "inventory_turnover_ratio": null,
            "account_receivable_turnover_ratio": null,
            "reinvestment_rate": null,
            "research_to_sale_ratio": null,
            "price_fair": 0,
            "eps_avg_yearly": 0,
            "eps_latest_yearly": 0,
            "eps_growth_yearly": 0
        },
        "20023": {
            "year_quarter": 20023,
            "year": 2002,
            "quarter": 3,
            "eps": null,
            "eps_growth_year": null,
            "eps_4q": null,
            "eps_4q_growth_year": null,
            "roe": null,
            "roe_4q": 0,
            "gross_profit": null,
            "gross_margin": null,
            "gross_margin_4q_avg": 0,
            "net_income": null,
            "net_income_4q": null,
            "revenue": null,
            "revenue_4q": null,
            "common_shares": null,
            "book_valuer_per_share": null,
            "book_valuer_per_share_4q_avg": 4.21,
            "equity": null,
            "current_ratio": null,
            "debt_ratio": null,
            "inventory_turnover_ratio": null,
            "account_receivable_turnover_ratio": null,
            "reinvestment_rate": null,
            "research_to_sale_ratio": null,
            "price_fair": 0,
            "eps_avg_yearly": 0,
            "eps_latest_yearly": 0,
            "eps_growth_yearly": 0
        },
        "20024": {
            "year_quarter": 20024,
            "year": 2002,
            "quarter": 4,
            "eps": null,
            "eps_growth_year": null,
            "eps_4q": null,
            "eps_4q_growth_year": null,
            "roe": null,
            "roe_4q": 0,
            "gross_profit": null,
            "gross_margin": null,
            "gross_margin_4q_avg": 0,
            "net_income": null,
            "net_income_4q": null,
            "revenue": null,
            "revenue_4q": null,
            "common_shares": 258400,
            "book_valuer_per_share": 16.46,
            "book_valuer_per_share_4q_avg": 4.12,
            "equity": 425253,
            "current_ratio": 139.43,
            "debt_ratio": 51.08,
            "inventory_turnover_ratio": null,
            "account_receivable_turnover_ratio": null,
            "reinvestment_rate": null,
            "research_to_sale_ratio": null,
            "price_fair": 0,
            "eps_avg_yearly": 0,
            "eps_latest_yearly": 0,
            "eps_growth_yearly": 0
        },
        "20031": {
            "year_quarter": 20031,
            "year": 2003,
            "quarter": 1,
            "eps": null,
            "eps_growth_year": null,
            "eps_4q": null,
            "eps_4q_growth_year": null,
            "roe": null,
            "roe_4q": 0,
            "gross_profit": null,
            "gross_margin": null,
            "gross_margin_4q_avg": 0,
            "net_income": null,
            "net_income_4q": null,
            "revenue": null,
            "revenue_4q": null,
            "common_shares": null,
            "book_valuer_per_share": null,
            "book_valuer_per_share_4q_avg": 4.12,
            "equity": null,
            "current_ratio": null,
            "debt_ratio": null,
            "inventory_turnover_ratio": null,
            "account_receivable_turnover_ratio": null,
            "reinvestment_rate": null,
            "research_to_sale_ratio": null,
            "price_fair": 0,
            "eps_avg_yearly": 0,
            "eps_latest_yearly": 0,
            "eps_growth_yearly": 0
        },
        "20032": {
            "year_quarter": 20032,
            "year": 2003,
            "quarter": 2,
            "eps": null,
            "eps_growth_year": null,
            "eps_4q": null,
            "eps_4q_growth_year": null,
            "roe": null,
            "roe_4q": 0,
            "gross_profit": null,
            "gross_margin": null,
            "gross_margin_4q_avg": 0,
            "net_income": null,
            "net_income_4q": null,
            "revenue": null,
            "revenue_4q": null,
            "common_shares": null,
            "book_valuer_per_share": null,
            "book_valuer_per_share_4q_avg": 4.12,
            "equity": null,
            "current_ratio": null,
            "debt_ratio": null,
            "inventory_turnover_ratio": null,
            "account_receivable_turnover_ratio": null,
            "reinvestment_rate": null,
            "research_to_sale_ratio": null,
            "price_fair": 0,
            "eps_avg_yearly": 0,
            "eps_latest_yearly": 0,
            "eps_growth_yearly": 0
        },
        "20033": {
            "year_quarter": 20033,
            "year": 2003,
            "quarter": 3,
            "eps": null,
            "eps_growth_year": null,
            "eps_4q": null,
            "eps_4q_growth_year": null,
            "roe": null,
            "roe_4q": 0,
            "gross_profit": null,
            "gross_margin": null,
            "gross_margin_4q_avg": 0,
            "net_income": null,
            "net_income_4q": null,
            "revenue": null,
            "revenue_4q": null,
            "common_shares": null,
            "book_valuer_per_share": null,
            "book_valuer_per_share_4q_avg": 4.12,
            "equity": null,
            "current_ratio": null,
            "debt_ratio": null,
            "inventory_turnover_ratio": null,
            "account_receivable_turnover_ratio": null,
            "reinvestment_rate": null,
            "research_to_sale_ratio": null,
            "price_fair": 0,
            "eps_avg_yearly": 0,
            "eps_latest_yearly": 0,
            "eps_growth_yearly": 0
        },
        "20034": {
            "year_quarter": 20034,
            "year": 2003,
            "quarter": 4,
            "eps": null,
            "eps_growth_year": null,
            "eps_4q": null,
            "eps_4q_growth_year": null,
            "roe": null,
            "roe_4q": 0,
            "gross_profit": null,
            "gross_margin": null,
            "gross_margin_4q_avg": 0,
            "net_income": null,
            "net_income_4q": null,
            "revenue": null,
            "revenue_4q": null,
            "common_shares": 400500,
            "book_valuer_per_share": 16.49,
            "book_valuer_per_share_4q_avg": 4.12,
            "equity": 660276,
            "current_ratio": 140.41,
            "debt_ratio": 37.54,
            "inventory_turnover_ratio": null,
            "account_receivable_turnover_ratio": null,
            "reinvestment_rate": null,
            "research_to_sale_ratio": null,
            "price_fair": 0,
            "eps_avg_yearly": 0,
            "eps_latest_yearly": 0,
            "eps_growth_yearly": 0
        },
        "20041": {
            "year_quarter": 20041,
            "year": 2004,
            "quarter": 1,
            "eps": null,
            "eps_growth_year": null,
            "eps_4q": null,
            "eps_4q_growth_year": null,
            "roe": null,
            "roe_4q": 0,
            "gross_profit": null,
            "gross_margin": null,
            "gross_margin_4q_avg": 0,
            "net_income": null,
            "net_income_4q": null,
            "revenue": null,
            "revenue_4q": null,
            "common_shares": null,
            "book_valuer_per_share": null,
            "book_valuer_per_share_4q_avg": 4.12,
            "equity": null,
            "current_ratio": null,
            "debt_ratio": null,
            "inventory_turnover_ratio": null,
            "account_receivable_turnover_ratio": null,
            "reinvestment_rate": null,
            "research_to_sale_ratio": null,
            "price_fair": 0,
            "eps_avg_yearly": 0,
            "eps_latest_yearly": 0,
            "eps_growth_yearly": 0
        },
        "20042": {
            "year_quarter": 20042,
            "year": 2004,
            "quarter": 2,
            "eps": null,
            "eps_growth_year": null,
            "eps_4q": null,
            "eps_4q_growth_year": null,
            "roe": null,
            "roe_4q": 0,
            "gross_profit": null,
            "gross_margin": null,
            "gross_margin_4q_avg": 0,
            "net_income": null,
            "net_income_4q": null,
            "revenue": null,
            "revenue_4q": null,
            "common_shares": null,
            "book_valuer_per_share": null,
            "book_valuer_per_share_4q_avg": 4.12,
            "equity": null,
            "current_ratio": null,
            "debt_ratio": null,
            "inventory_turnover_ratio": null,
            "account_receivable_turnover_ratio": null,
            "reinvestment_rate": null,
            "research_to_sale_ratio": null,
            "price_fair": 0,
            "eps_avg_yearly": 0,
            "eps_latest_yearly": 0,
            "eps_growth_yearly": 0
        },
        "20043": {
            "year_quarter": 20043,
            "year": 2004,
            "quarter": 3,
            "eps": null,
            "eps_growth_year": null,
            "eps_4q": null,
            "eps_4q_growth_year": null,
            "roe": null,
            "roe_4q": 0,
            "gross_profit": null,
            "gross_margin": null,
            "gross_margin_4q_avg": 0,
            "net_income": null,
            "net_income_4q": null,
            "revenue": null,
            "revenue_4q": null,
            "common_shares": null,
            "book_valuer_per_share": null,
            "book_valuer_per_share_4q_avg": 4.12,
            "equity": null,
            "current_ratio": null,
            "debt_ratio": null,
            "inventory_turnover_ratio": null,
            "account_receivable_turnover_ratio": null,
            "reinvestment_rate": null,
            "research_to_sale_ratio": null,
            "price_fair": 0,
            "eps_avg_yearly": 0,
            "eps_latest_yearly": 0,
            "eps_growth_yearly": 0
        },
        "20044": {
            "year_quarter": 20044,
            "year": 2004,
            "quarter": 4,
            "eps": null,
            "eps_growth_year": null,
            "eps_4q": null,
            "eps_4q_growth_year": null,
            "roe": null,
            "roe_4q": 0,
            "gross_profit": null,
            "gross_margin": null,
            "gross_margin_4q_avg": 0,
            "net_income": null,
            "net_income_4q": null,
            "revenue": null,
            "revenue_4q": null,
            "common_shares": 480600,
            "book_valuer_per_share": 14.77,
            "book_valuer_per_share_4q_avg": 3.69,
            "equity": 710020,
            "current_ratio": 136.33,
            "debt_ratio": 49.8,
            "inventory_turnover_ratio": null,
            "account_receivable_turnover_ratio": null,
            "reinvestment_rate": null,
            "research_to_sale_ratio": null,
            "price_fair": 0,
            "eps_avg_yearly": 0,
            "eps_latest_yearly": 0,
            "eps_growth_yearly": 0
        },
        "20051": {
            "year_quarter": 20051,
            "year": 2005,
            "quarter": 1,
            "eps": null,
            "eps_growth_year": null,
            "eps_4q": null,
            "eps_4q_growth_year": null,
            "roe": null,
            "roe_4q": 0,
            "gross_profit": null,
            "gross_margin": null,
            "gross_margin_4q_avg": 0,
            "net_income": null,
            "net_income_4q": null,
            "revenue": null,
            "revenue_4q": null,
            "common_shares": null,
            "book_valuer_per_share": null,
            "book_valuer_per_share_4q_avg": 3.69,
            "equity": null,
            "current_ratio": null,
            "debt_ratio": null,
            "inventory_turnover_ratio": null,
            "account_receivable_turnover_ratio": null,
            "reinvestment_rate": null,
            "research_to_sale_ratio": null,
            "price_fair": 0,
            "eps_avg_yearly": 0,
            "eps_latest_yearly": 0,
            "eps_growth_yearly": 0
        },
        "20052": {
            "year_quarter": 20052,
            "year": 2005,
            "quarter": 2,
            "eps": null,
            "eps_growth_year": null,
            "eps_4q": null,
            "eps_4q_growth_year": null,
            "roe": null,
            "roe_4q": 0,
            "gross_profit": null,
            "gross_margin": null,
            "gross_margin_4q_avg": 0,
            "net_income": null,
            "net_income_4q": null,
            "revenue": null,
            "revenue_4q": null,
            "common_shares": null,
            "book_valuer_per_share": null,
            "book_valuer_per_share_4q_avg": 3.69,
            "equity": null,
            "current_ratio": null,
            "debt_ratio": null,
            "inventory_turnover_ratio": null,
            "account_receivable_turnover_ratio": null,
            "reinvestment_rate": null,
            "research_to_sale_ratio": null,
            "price_fair": 0,
            "eps_avg_yearly": 0,
            "eps_latest_yearly": 0,
            "eps_growth_yearly": 0
        },
        "20053": {
            "year_quarter": 20053,
            "year": 2005,
            "quarter": 3,
            "eps": null,
            "eps_growth_year": null,
            "eps_4q": null,
            "eps_4q_growth_year": null,
            "roe": null,
            "roe_4q": 0,
            "gross_profit": null,
            "gross_margin": null,
            "gross_margin_4q_avg": 0,
            "net_income": null,
            "net_income_4q": null,
            "revenue": null,
            "revenue_4q": null,
            "common_shares": null,
            "book_valuer_per_share": null,
            "book_valuer_per_share_4q_avg": 3.69,
            "equity": null,
            "current_ratio": null,
            "debt_ratio": null,
            "inventory_turnover_ratio": null,
            "account_receivable_turnover_ratio": null,
            "reinvestment_rate": null,
            "research_to_sale_ratio": null,
            "price_fair": 0,
            "eps_avg_yearly": 0,
            "eps_latest_yearly": 0,
            "eps_growth_yearly": 0
        },
        "20054": {
            "year_quarter": 20054,
            "year": 2005,
            "quarter": 4,
            "eps": null,
            "eps_growth_year": null,
            "eps_4q": null,
            "eps_4q_growth_year": null,
            "roe": null,
            "roe_4q": 0,
            "gross_profit": null,
            "gross_margin": null,
            "gross_margin_4q_avg": 0,
            "net_income": null,
            "net_income_4q": null,
            "revenue": null,
            "revenue_4q": null,
            "common_shares": 528660,
            "book_valuer_per_share": 13.75,
            "book_valuer_per_share_4q_avg": 3.44,
            "equity": 743380,
            "current_ratio": 127.45,
            "debt_ratio": 57.71,
            "inventory_turnover_ratio": null,
            "account_receivable_turnover_ratio": null,
            "reinvestment_rate": null,
            "research_to_sale_ratio": null,
            "price_fair": 0,
            "eps_avg_yearly": 0,
            "eps_latest_yearly": 0,
            "eps_growth_yearly": 0
        },
        "20061": {
            "year_quarter": 20061,
            "year": 2006,
            "quarter": 1,
            "eps": null,
            "eps_growth_year": null,
            "eps_4q": null,
            "eps_4q_growth_year": null,
            "roe": null,
            "roe_4q": 0,
            "gross_profit": null,
            "gross_margin": null,
            "gross_margin_4q_avg": 0,
            "net_income": null,
            "net_income_4q": null,
            "revenue": null,
            "revenue_4q": null,
            "common_shares": null,
            "book_valuer_per_share": null,
            "book_valuer_per_share_4q_avg": 3.44,
            "equity": null,
            "current_ratio": null,
            "debt_ratio": null,
            "inventory_turnover_ratio": null,
            "account_receivable_turnover_ratio": null,
            "reinvestment_rate": null,
            "research_to_sale_ratio": null,
            "price_fair": 0,
            "eps_avg_yearly": 0,
            "eps_latest_yearly": 0,
            "eps_growth_yearly": 0
        },
        "20062": {
            "year_quarter": 20062,
            "year": 2006,
            "quarter": 2,
            "eps": null,
            "eps_growth_year": null,
            "eps_4q": null,
            "eps_4q_growth_year": null,
            "roe": null,
            "roe_4q": 0,
            "gross_profit": null,
            "gross_margin": null,
            "gross_margin_4q_avg": 0,
            "net_income": null,
            "net_income_4q": null,
            "revenue": null,
            "revenue_4q": null,
            "common_shares": null,
            "book_valuer_per_share": null,
            "book_valuer_per_share_4q_avg": 3.44,
            "equity": null,
            "current_ratio": null,
            "debt_ratio": null,
            "inventory_turnover_ratio": null,
            "account_receivable_turnover_ratio": null,
            "reinvestment_rate": null,
            "research_to_sale_ratio": null,
            "price_fair": 0,
            "eps_avg_yearly": 0,
            "eps_latest_yearly": 0,
            "eps_growth_yearly": 0
        },
        "20063": {
            "year_quarter": 20063,
            "year": 2006,
            "quarter": 3,
            "eps": null,
            "eps_growth_year": null,
            "eps_4q": null,
            "eps_4q_growth_year": null,
            "roe": null,
            "roe_4q": 0,
            "gross_profit": null,
            "gross_margin": null,
            "gross_margin_4q_avg": 0,
            "net_income": null,
            "net_income_4q": null,
            "revenue": null,
            "revenue_4q": null,
            "common_shares": null,
            "book_valuer_per_share": null,
            "book_valuer_per_share_4q_avg": 3.44,
            "equity": null,
            "current_ratio": null,
            "debt_ratio": null,
            "inventory_turnover_ratio": null,
            "account_receivable_turnover_ratio": null,
            "reinvestment_rate": null,
            "research_to_sale_ratio": null,
            "price_fair": 0,
            "eps_avg_yearly": 0,
            "eps_latest_yearly": 0,
            "eps_growth_yearly": 0
        },
        "20064": {
            "year_quarter": 20064,
            "year": 2006,
            "quarter": 4,
            "eps": null,
            "eps_growth_year": null,
            "eps_4q": null,
            "eps_4q_growth_year": null,
            "roe": null,
            "roe_4q": 0,
            "gross_profit": null,
            "gross_margin": null,
            "gross_margin_4q_avg": 0,
            "net_income": null,
            "net_income_4q": null,
            "revenue": null,
            "revenue_4q": null,
            "common_shares": 628660,
            "book_valuer_per_share": 13.72,
            "book_valuer_per_share_4q_avg": 3.43,
            "equity": 876753,
            "current_ratio": 115.11,
            "debt_ratio": 56.85,
            "inventory_turnover_ratio": null,
            "account_receivable_turnover_ratio": null,
            "reinvestment_rate": null,
            "research_to_sale_ratio": null,
            "price_fair": 0,
            "eps_avg_yearly": 0,
            "eps_latest_yearly": 0,
            "eps_growth_yearly": 0
        },
        "20071": {
            "year_quarter": 20071,
            "year": 2007,
            "quarter": 1,
            "eps": null,
            "eps_growth_year": null,
            "eps_4q": null,
            "eps_4q_growth_year": null,
            "roe": null,
            "roe_4q": 0,
            "gross_profit": null,
            "gross_margin": null,
            "gross_margin_4q_avg": 0,
            "net_income": null,
            "net_income_4q": null,
            "revenue": null,
            "revenue_4q": null,
            "common_shares": null,
            "book_valuer_per_share": null,
            "book_valuer_per_share_4q_avg": 3.43,
            "equity": null,
            "current_ratio": null,
            "debt_ratio": null,
            "inventory_turnover_ratio": null,
            "account_receivable_turnover_ratio": null,
            "reinvestment_rate": null,
            "research_to_sale_ratio": null,
            "price_fair": 0,
            "eps_avg_yearly": 0,
            "eps_latest_yearly": 0,
            "eps_growth_yearly": 0
        },
        "20072": {
            "year_quarter": 20072,
            "year": 2007,
            "quarter": 2,
            "eps": null,
            "eps_growth_year": null,
            "eps_4q": null,
            "eps_4q_growth_year": null,
            "roe": null,
            "roe_4q": 0,
            "gross_profit": null,
            "gross_margin": null,
            "gross_margin_4q_avg": 0,
            "net_income": null,
            "net_income_4q": null,
            "revenue": null,
            "revenue_4q": null,
            "common_shares": null,
            "book_valuer_per_share": null,
            "book_valuer_per_share_4q_avg": 3.43,
            "equity": null,
            "current_ratio": null,
            "debt_ratio": null,
            "inventory_turnover_ratio": null,
            "account_receivable_turnover_ratio": null,
            "reinvestment_rate": null,
            "research_to_sale_ratio": null,
            "price_fair": 0,
            "eps_avg_yearly": 0,
            "eps_latest_yearly": 0,
            "eps_growth_yearly": 0
        },
        "20073": {
            "year_quarter": 20073,
            "year": 2007,
            "quarter": 3,
            "eps": null,
            "eps_growth_year": null,
            "eps_4q": null,
            "eps_4q_growth_year": null,
            "roe": null,
            "roe_4q": 0,
            "gross_profit": null,
            "gross_margin": null,
            "gross_margin_4q_avg": 0,
            "net_income": null,
            "net_income_4q": null,
            "revenue": null,
            "revenue_4q": null,
            "common_shares": null,
            "book_valuer_per_share": null,
            "book_valuer_per_share_4q_avg": 3.43,
            "equity": null,
            "current_ratio": null,
            "debt_ratio": null,
            "inventory_turnover_ratio": null,
            "account_receivable_turnover_ratio": null,
            "reinvestment_rate": null,
            "research_to_sale_ratio": null,
            "price_fair": 0,
            "eps_avg_yearly": 0,
            "eps_latest_yearly": 0,
            "eps_growth_yearly": 0
        },
        "20074": {
            "year_quarter": 20074,
            "year": 2007,
            "quarter": 4,
            "eps": null,
            "eps_growth_year": null,
            "eps_4q": null,
            "eps_4q_growth_year": null,
            "roe": null,
            "roe_4q": 0,
            "gross_profit": null,
            "gross_margin": null,
            "gross_margin_4q_avg": 0,
            "net_income": null,
            "net_income_4q": null,
            "revenue": null,
            "revenue_4q": null,
            "common_shares": 640496,
            "book_valuer_per_share": 14.55,
            "book_valuer_per_share_4q_avg": 3.64,
            "equity": 1041732,
            "current_ratio": 133.77,
            "debt_ratio": 63.57,
            "inventory_turnover_ratio": null,
            "account_receivable_turnover_ratio": null,
            "reinvestment_rate": null,
            "research_to_sale_ratio": null,
            "price_fair": 0,
            "eps_avg_yearly": 0,
            "eps_latest_yearly": 0,
            "eps_growth_yearly": 0
        },
        "20081": {
            "year_quarter": 20081,
            "year": 2008,
            "quarter": 1,
            "eps": null,
            "eps_growth_year": null,
            "eps_4q": null,
            "eps_4q_growth_year": null,
            "roe": null,
            "roe_4q": 0,
            "gross_profit": null,
            "gross_margin": null,
            "gross_margin_4q_avg": 0,
            "net_income": null,
            "net_income_4q": null,
            "revenue": null,
            "revenue_4q": null,
            "common_shares": null,
            "book_valuer_per_share": null,
            "book_valuer_per_share_4q_avg": 3.64,
            "equity": null,
            "current_ratio": null,
            "debt_ratio": null,
            "inventory_turnover_ratio": null,
            "account_receivable_turnover_ratio": null,
            "reinvestment_rate": null,
            "research_to_sale_ratio": null,
            "price_fair": 0,
            "eps_avg_yearly": 0,
            "eps_latest_yearly": 0,
            "eps_growth_yearly": 0
        },
        "20082": {
            "year_quarter": 20082,
            "year": 2008,
            "quarter": 2,
            "eps": null,
            "eps_growth_year": null,
            "eps_4q": null,
            "eps_4q_growth_year": null,
            "roe": null,
            "roe_4q": 0,
            "gross_profit": null,
            "gross_margin": null,
            "gross_margin_4q_avg": 0,
            "net_income": null,
            "net_income_4q": null,
            "revenue": null,
            "revenue_4q": null,
            "common_shares": null,
            "book_valuer_per_share": null,
            "book_valuer_per_share_4q_avg": 3.64,
            "equity": null,
            "current_ratio": null,
            "debt_ratio": null,
            "inventory_turnover_ratio": null,
            "account_receivable_turnover_ratio": null,
            "reinvestment_rate": null,
            "research_to_sale_ratio": null,
            "price_fair": 0,
            "eps_avg_yearly": 0,
            "eps_latest_yearly": 0,
            "eps_growth_yearly": 0
        },
        "20083": {
            "year_quarter": 20083,
            "year": 2008,
            "quarter": 3,
            "eps": null,
            "eps_growth_year": null,
            "eps_4q": null,
            "eps_4q_growth_year": null,
            "roe": null,
            "roe_4q": 0,
            "gross_profit": null,
            "gross_margin": null,
            "gross_margin_4q_avg": 0,
            "net_income": null,
            "net_income_4q": null,
            "revenue": null,
            "revenue_4q": null,
            "common_shares": null,
            "book_valuer_per_share": null,
            "book_valuer_per_share_4q_avg": 3.64,
            "equity": null,
            "current_ratio": null,
            "debt_ratio": null,
            "inventory_turnover_ratio": null,
            "account_receivable_turnover_ratio": null,
            "reinvestment_rate": null,
            "research_to_sale_ratio": null,
            "price_fair": 0,
            "eps_avg_yearly": 0,
            "eps_latest_yearly": 0,
            "eps_growth_yearly": 0
        },
        "20084": {
            "year_quarter": 20084,
            "year": 2008,
            "quarter": 4,
            "eps": null,
            "eps_growth_year": null,
            "eps_4q": null,
            "eps_4q_growth_year": null,
            "roe": null,
            "roe_4q": 0,
            "gross_profit": null,
            "gross_margin": null,
            "gross_margin_4q_avg": 0,
            "net_income": null,
            "net_income_4q": null,
            "revenue": null,
            "revenue_4q": null,
            "common_shares": 816315,
            "book_valuer_per_share": 14.01,
            "book_valuer_per_share_4q_avg": 3.5,
            "equity": 1254070,
            "current_ratio": 142.95,
            "debt_ratio": 62.54,
            "inventory_turnover_ratio": null,
            "account_receivable_turnover_ratio": null,
            "reinvestment_rate": null,
            "research_to_sale_ratio": null,
            "price_fair": 0,
            "eps_avg_yearly": 0,
            "eps_latest_yearly": 0,
            "eps_growth_yearly": 0
        },
        "20091": {
            "year_quarter": 20091,
            "year": 2009,
            "quarter": 1,
            "eps": null,
            "eps_growth_year": null,
            "eps_4q": null,
            "eps_4q_growth_year": null,
            "roe": null,
            "roe_4q": 0,
            "gross_profit": null,
            "gross_margin": null,
            "gross_margin_4q_avg": 0,
            "net_income": null,
            "net_income_4q": null,
            "revenue": null,
            "revenue_4q": null,
            "common_shares": null,
            "book_valuer_per_share": null,
            "book_valuer_per_share_4q_avg": 3.5,
            "equity": null,
            "current_ratio": null,
            "debt_ratio": null,
            "inventory_turnover_ratio": null,
            "account_receivable_turnover_ratio": null,
            "reinvestment_rate": null,
            "research_to_sale_ratio": null,
            "price_fair": 0,
            "eps_avg_yearly": 0,
            "eps_latest_yearly": 0,
            "eps_growth_yearly": 0
        },
        "20092": {
            "year_quarter": 20092,
            "year": 2009,
            "quarter": 2,
            "eps": null,
            "eps_growth_year": null,
            "eps_4q": null,
            "eps_4q_growth_year": null,
            "roe": null,
            "roe_4q": 0,
            "gross_profit": null,
            "gross_margin": null,
            "gross_margin_4q_avg": 0,
            "net_income": null,
            "net_income_4q": null,
            "revenue": null,
            "revenue_4q": null,
            "common_shares": 816315,
            "book_valuer_per_share": null,
            "book_valuer_per_share_4q_avg": 3.5,
            "equity": 1073304,
            "current_ratio": null,
            "debt_ratio": null,
            "inventory_turnover_ratio": null,
            "account_receivable_turnover_ratio": null,
            "reinvestment_rate": null,
            "research_to_sale_ratio": null,
            "price_fair": 0,
            "eps_avg_yearly": 0,
            "eps_latest_yearly": 0,
            "eps_growth_yearly": 0
        },
        "20093": {
            "year_quarter": 20093,
            "year": 2009,
            "quarter": 3,
            "eps": null,
            "eps_growth_year": null,
            "eps_4q": null,
            "eps_4q_growth_year": null,
            "roe": null,
            "roe_4q": 0,
            "gross_profit": null,
            "gross_margin": null,
            "gross_margin_4q_avg": 0,
            "net_income": null,
            "net_income_4q": null,
            "revenue": null,
            "revenue_4q": null,
            "common_shares": null,
            "book_valuer_per_share": null,
            "book_valuer_per_share_4q_avg": 3.5,
            "equity": null,
            "current_ratio": null,
            "debt_ratio": null,
            "inventory_turnover_ratio": null,
            "account_receivable_turnover_ratio": null,
            "reinvestment_rate": null,
            "research_to_sale_ratio": null,
            "price_fair": 0,
            "eps_avg_yearly": 0,
            "eps_latest_yearly": 0,
            "eps_growth_yearly": 0
        },
        "20094": {
            "year_quarter": 20094,
            "year": 2009,
            "quarter": 4,
            "eps": null,
            "eps_growth_year": null,
            "eps_4q": null,
            "eps_4q_growth_year": null,
            "roe": null,
            "roe_4q": 0,
            "gross_profit": null,
            "gross_margin": null,
            "gross_margin_4q_avg": 0,
            "net_income": null,
            "net_income_4q": null,
            "revenue": null,
            "revenue_4q": null,
            "common_shares": 916315,
            "book_valuer_per_share": 11.04,
            "book_valuer_per_share_4q_avg": 2.76,
            "equity": 1114187,
            "current_ratio": 56.79,
            "debt_ratio": 60.32,
            "inventory_turnover_ratio": null,
            "account_receivable_turnover_ratio": null,
            "reinvestment_rate": null,
            "research_to_sale_ratio": null,
            "price_fair": 0,
            "eps_avg_yearly": 0,
            "eps_latest_yearly": 0,
            "eps_growth_yearly": 0
        },
        "20101": {
            "year_quarter": 20101,
            "year": 2010,
            "quarter": 1,
            "eps": null,
            "eps_growth_year": null,
            "eps_4q": null,
            "eps_4q_growth_year": null,
            "roe": null,
            "roe_4q": 0,
            "gross_profit": null,
            "gross_margin": null,
            "gross_margin_4q_avg": 0,
            "net_income": null,
            "net_income_4q": null,
            "revenue": null,
            "revenue_4q": null,
            "common_shares": null,
            "book_valuer_per_share": null,
            "book_valuer_per_share_4q_avg": 2.76,
            "equity": null,
            "current_ratio": null,
            "debt_ratio": null,
            "inventory_turnover_ratio": null,
            "account_receivable_turnover_ratio": null,
            "reinvestment_rate": null,
            "research_to_sale_ratio": null,
            "price_fair": 0,
            "eps_avg_yearly": 0,
            "eps_latest_yearly": 0,
            "eps_growth_yearly": 0
        },
        "20102": {
            "year_quarter": 20102,
            "year": 2010,
            "quarter": 2,
            "eps": null,
            "eps_growth_year": null,
            "eps_4q": null,
            "eps_4q_growth_year": null,
            "roe": null,
            "roe_4q": 0,
            "gross_profit": null,
            "gross_margin": null,
            "gross_margin_4q_avg": 0,
            "net_income": null,
            "net_income_4q": null,
            "revenue": null,
            "revenue_4q": null,
            "common_shares": 916315,
            "book_valuer_per_share": 10.81,
            "book_valuer_per_share_4q_avg": 5.46,
            "equity": 1094291,
            "current_ratio": 190.47,
            "debt_ratio": 62.92,
            "inventory_turnover_ratio": null,
            "account_receivable_turnover_ratio": null,
            "reinvestment_rate": null,
            "research_to_sale_ratio": null,
            "price_fair": 0,
            "eps_avg_yearly": 0,
            "eps_latest_yearly": 0,
            "eps_growth_yearly": 0
        },
        "20103": {
            "year_quarter": 20103,
            "year": 2010,
            "quarter": 3,
            "eps": null,
            "eps_growth_year": null,
            "eps_4q": null,
            "eps_4q_growth_year": null,
            "roe": null,
            "roe_4q": 0,
            "gross_profit": null,
            "gross_margin": null,
            "gross_margin_4q_avg": 0,
            "net_income": null,
            "net_income_4q": null,
            "revenue": null,
            "revenue_4q": null,
            "common_shares": null,
            "book_valuer_per_share": null,
            "book_valuer_per_share_4q_avg": 5.46,
            "equity": null,
            "current_ratio": null,
            "debt_ratio": null,
            "inventory_turnover_ratio": null,
            "account_receivable_turnover_ratio": null,
            "reinvestment_rate": null,
            "research_to_sale_ratio": null,
            "price_fair": 0,
            "eps_avg_yearly": 0,
            "eps_latest_yearly": 0,
            "eps_growth_yearly": 0
        },
        "20104": {
            "year_quarter": 20104,
            "year": 2010,
            "quarter": 4,
            "eps": null,
            "eps_growth_year": null,
            "eps_4q": null,
            "eps_4q_growth_year": null,
            "roe": null,
            "roe_4q": 0,
            "gross_profit": null,
            "gross_margin": null,
            "gross_margin_4q_avg": 0,
            "net_income": null,
            "net_income_4q": null,
            "revenue": null,
            "revenue_4q": null,
            "common_shares": 916315,
            "book_valuer_per_share": 9.95,
            "book_valuer_per_share_4q_avg": 5.19,
            "equity": 1001235,
            "current_ratio": 157.13,
            "debt_ratio": 65.89,
            "inventory_turnover_ratio": null,
            "account_receivable_turnover_ratio": null,
            "reinvestment_rate": null,
            "research_to_sale_ratio": null,
            "price_fair": 0,
            "eps_avg_yearly": 0,
            "eps_latest_yearly": 0,
            "eps_growth_yearly": 0
        },
        "20111": {
            "year_quarter": 20111,
            "year": 2011,
            "quarter": 1,
            "eps": null,
            "eps_growth_year": null,
            "eps_4q": null,
            "eps_4q_growth_year": null,
            "roe": null,
            "roe_4q": 0,
            "gross_profit": null,
            "gross_margin": null,
            "gross_margin_4q_avg": 0,
            "net_income": null,
            "net_income_4q": null,
            "revenue": null,
            "revenue_4q": null,
            "common_shares": null,
            "book_valuer_per_share": null,
            "book_valuer_per_share_4q_avg": 5.19,
            "equity": null,
            "current_ratio": null,
            "debt_ratio": null,
            "inventory_turnover_ratio": null,
            "account_receivable_turnover_ratio": null,
            "reinvestment_rate": null,
            "research_to_sale_ratio": null,
            "price_fair": 0,
            "eps_avg_yearly": 0,
            "eps_latest_yearly": 0,
            "eps_growth_yearly": 0
        },
        "20112": {
            "year_quarter": 20112,
            "year": 2011,
            "quarter": 2,
            "eps": null,
            "eps_growth_year": null,
            "eps_4q": null,
            "eps_4q_growth_year": null,
            "roe": null,
            "roe_4q": 0,
            "gross_profit": null,
            "gross_margin": null,
            "gross_margin_4q_avg": 0,
            "net_income": null,
            "net_income_4q": null,
            "revenue": null,
            "revenue_4q": null,
            "common_shares": 916315,
            "book_valuer_per_share": 9.28,
            "book_valuer_per_share_4q_avg": 4.81,
            "equity": 943181,
            "current_ratio": 60.53,
            "debt_ratio": 66.7,
            "inventory_turnover_ratio": null,
            "account_receivable_turnover_ratio": null,
            "reinvestment_rate": null,
            "research_to_sale_ratio": null,
            "price_fair": 0,
            "eps_avg_yearly": 0,
            "eps_latest_yearly": 0,
            "eps_growth_yearly": 0
        },
        "20113": {
            "year_quarter": 20113,
            "year": 2011,
            "quarter": 3,
            "eps": null,
            "eps_growth_year": null,
            "eps_4q": null,
            "eps_4q_growth_year": null,
            "roe": null,
            "roe_4q": 0,
            "gross_profit": null,
            "gross_margin": null,
            "gross_margin_4q_avg": 0,
            "net_income": null,
            "net_income_4q": null,
            "revenue": null,
            "revenue_4q": null,
            "common_shares": null,
            "book_valuer_per_share": null,
            "book_valuer_per_share_4q_avg": 4.81,
            "equity": null,
            "current_ratio": null,
            "debt_ratio": null,
            "inventory_turnover_ratio": null,
            "account_receivable_turnover_ratio": null,
            "reinvestment_rate": null,
            "research_to_sale_ratio": null,
            "price_fair": 0,
            "eps_avg_yearly": 0,
            "eps_latest_yearly": 0,
            "eps_growth_yearly": 0
        },
        "20114": {
            "year_quarter": 20114,
            "year": 2011,
            "quarter": 4,
            "eps": null,
            "eps_growth_year": null,
            "eps_4q": null,
            "eps_4q_growth_year": null,
            "roe": null,
            "roe_4q": 0,
            "gross_profit": null,
            "gross_margin": null,
            "gross_margin_4q_avg": 0,
            "net_income": null,
            "net_income_4q": null,
            "revenue": null,
            "revenue_4q": null,
            "common_shares": 916315,
            "book_valuer_per_share": 10.4,
            "book_valuer_per_share_4q_avg": 4.92,
            "equity": 1052632,
            "current_ratio": 128.32,
            "debt_ratio": 65.21,
            "inventory_turnover_ratio": null,
            "account_receivable_turnover_ratio": null,
            "reinvestment_rate": null,
            "research_to_sale_ratio": null,
            "price_fair": 0,
            "eps_avg_yearly": 0,
            "eps_latest_yearly": 0,
            "eps_growth_yearly": 0
        },
        "20121": {
            "year_quarter": 20121,
            "year": 2012,
            "quarter": 1,
            "eps": null,
            "eps_growth_year": null,
            "eps_4q": null,
            "eps_4q_growth_year": null,
            "roe": null,
            "roe_4q": 0,
            "gross_profit": null,
            "gross_margin": null,
            "gross_margin_4q_avg": 0,
            "net_income": null,
            "net_income_4q": null,
            "revenue": null,
            "revenue_4q": null,
            "common_shares": null,
            "book_valuer_per_share": null,
            "book_valuer_per_share_4q_avg": 4.92,
            "equity": null,
            "current_ratio": null,
            "debt_ratio": null,
            "inventory_turnover_ratio": null,
            "account_receivable_turnover_ratio": null,
            "reinvestment_rate": null,
            "research_to_sale_ratio": null,
            "price_fair": 0,
            "eps_avg_yearly": 0,
            "eps_latest_yearly": 0,
            "eps_growth_yearly": 0
        },
        "20122": {
            "year_quarter": 20122,
            "year": 2012,
            "quarter": 2,
            "eps": null,
            "eps_growth_year": null,
            "eps_4q": null,
            "eps_4q_growth_year": null,
            "roe": null,
            "roe_4q": 0,
            "gross_profit": null,
            "gross_margin": null,
            "gross_margin_4q_avg": 0,
            "net_income": null,
            "net_income_4q": null,
            "revenue": null,
            "revenue_4q": null,
            "common_shares": 916315,
            "book_valuer_per_share": 11.04,
            "book_valuer_per_share_4q_avg": 5.36,
            "equity": 1101820,
            "current_ratio": 75.97,
            "debt_ratio": 61.27,
            "inventory_turnover_ratio": null,
            "account_receivable_turnover_ratio": null,
            "reinvestment_rate": null,
            "research_to_sale_ratio": null,
            "price_fair": 0,
            "eps_avg_yearly": 0,
            "eps_latest_yearly": 0,
            "eps_growth_yearly": 0
        },
        "20123": {
            "year_quarter": 20123,
            "year": 2012,
            "quarter": 3,
            "eps": null,
            "eps_growth_year": null,
            "eps_4q": null,
            "eps_4q_growth_year": null,
            "roe": null,
            "roe_4q": 0,
            "gross_profit": 105694,
            "gross_margin": null,
            "gross_margin_4q_avg": 0,
            "net_income": 39849,
            "net_income_4q": null,
            "revenue": 502345,
            "revenue_4q": null,
            "common_shares": 916315,
            "book_valuer_per_share": null,
            "book_valuer_per_share_4q_avg": 5.36,
            "equity": 1118415,
            "current_ratio": null,
            "debt_ratio": null,
            "inventory_turnover_ratio": null,
            "account_receivable_turnover_ratio": null,
            "reinvestment_rate": null,
            "research_to_sale_ratio": null,
            "price_fair": 0,
            "eps_avg_yearly": 0,
            "eps_latest_yearly": 0,
            "eps_growth_yearly": 0
        },
        "20124": {
            "year_quarter": 20124,
            "year": 2012,
            "quarter": 4,
            "eps": null,
            "eps_growth_year": null,
            "eps_4q": null,
            "eps_4q_growth_year": null,
            "roe": null,
            "roe_4q": 0,
            "gross_profit": 85321,
            "gross_margin": null,
            "gross_margin_4q_avg": 0,
            "net_income": 15061,
            "net_income_4q": null,
            "revenue": 517861,
            "revenue_4q": null,
            "common_shares": 916315,
            "book_valuer_per_share": 11.46,
            "book_valuer_per_share_4q_avg": 5.63,
            "equity": 1142843,
            "current_ratio": 219.69,
            "debt_ratio": 55.41,
            "inventory_turnover_ratio": null,
            "account_receivable_turnover_ratio": null,
            "reinvestment_rate": null,
            "research_to_sale_ratio": null,
            "price_fair": 0,
            "eps_avg_yearly": 0,
            "eps_latest_yearly": 0,
            "eps_growth_yearly": 0
        },
        "20131": {
            "year_quarter": 20131,
            "year": 2013,
            "quarter": 1,
            "eps": null,
            "eps_growth_year": null,
            "eps_4q": null,
            "eps_4q_growth_year": null,
            "roe": null,
            "roe_4q": 0,
            "gross_profit": 56140,
            "gross_margin": null,
            "gross_margin_4q_avg": 0,
            "net_income": 10142,
            "net_income_4q": null,
            "revenue": 436343,
            "revenue_4q": null,
            "common_shares": 916315,
            "book_valuer_per_share": 11.48,
            "book_valuer_per_share_4q_avg": 8.5,
            "equity": 1145035,
            "current_ratio": 200.68,
            "debt_ratio": 56.89,
            "inventory_turnover_ratio": null,
            "account_receivable_turnover_ratio": null,
            "reinvestment_rate": null,
            "research_to_sale_ratio": null,
            "price_fair": 0,
            "eps_avg_yearly": 0,
            "eps_latest_yearly": 0,
            "eps_growth_yearly": 0
        },
        "20132": {
            "year_quarter": 20132,
            "year": 2013,
            "quarter": 2,
            "eps": 0.15,
            "eps_growth_year": null,
            "eps_4q": 0.15,
            "eps_4q_growth_year": null,
            "roe": 1,
            "roe_4q": 1,
            "gross_profit": 60579,
            "gross_margin": 14.54,
            "gross_margin_4q_avg": 3.64,
            "net_income": 11338,
            "net_income_4q": null,
            "revenue": 416621,
            "revenue_4q": null,
            "common_shares": 916315,
            "book_valuer_per_share": 11.18,
            "book_valuer_per_share_4q_avg": 8.53,
            "equity": 1116482,
            "current_ratio": 203.64,
            "debt_ratio": 56.84,
            "inventory_turnover_ratio": 0.81,
            "account_receivable_turnover_ratio": 2.02,
            "reinvestment_rate": null,
            "research_to_sale_ratio": null,
            "price_fair": 0,
            "eps_avg_yearly": 0,
            "eps_latest_yearly": 0,
            "eps_growth_yearly": 0
        },
        "20133": {
            "year_quarter": 20133,
            "year": 2013,
            "quarter": 3,
            "eps": 0.24,
            "eps_growth_year": null,
            "eps_4q": 0.39,
            "eps_4q_growth_year": null,
            "roe": 1.88,
            "roe_4q": 2.88,
            "gross_profit": 78282,
            "gross_margin": 16.62,
            "gross_margin_4q_avg": 7.79,
            "net_income": 21154,
            "net_income_4q": null,
            "revenue": 471108,
            "revenue_4q": null,
            "common_shares": 916315,
            "book_valuer_per_share": 11.38,
            "book_valuer_per_share_4q_avg": 11.38,
            "equity": 1132780,
            "current_ratio": 209.43,
            "debt_ratio": 56.68,
            "inventory_turnover_ratio": 0.92,
            "account_receivable_turnover_ratio": 1.1,
            "reinvestment_rate": null,
            "research_to_sale_ratio": 2.99,
            "price_fair": 33.6,
            "eps_avg_yearly": 0.96,
            "eps_latest_yearly": 0.96,
            "eps_growth_yearly": 240
        },
        "20134": {
            "year_quarter": 20134,
            "year": 2013,
            "quarter": 4,
            "eps": 0.4,
            "eps_growth_year": null,
            "eps_4q": 0.8,
            "eps_4q_growth_year": null,
            "roe": 3.15,
            "roe_4q": 6.029999999999999,
            "gross_profit": 91155,
            "gross_margin": 18.55,
            "gross_margin_4q_avg": 12.43,
            "net_income": 36389,
            "net_income_4q": null,
            "revenue": 491278,
            "revenue_4q": null,
            "common_shares": 916315,
            "book_valuer_per_share": 11.84,
            "book_valuer_per_share_4q_avg": 11.47,
            "equity": 1175784,
            "current_ratio": 210.8,
            "debt_ratio": 55.12,
            "inventory_turnover_ratio": 0.9,
            "account_receivable_turnover_ratio": 1.05,
            "reinvestment_rate": null,
            "research_to_sale_ratio": 2.2,
            "price_fair": 44.8,
            "eps_avg_yearly": 1.28,
            "eps_latest_yearly": 1.6,
            "eps_growth_yearly": 253.33
        },
        "20141": {
            "year_quarter": 20141,
            "year": 2014,
            "quarter": 1,
            "eps": 0.43,
            "eps_growth_year": null,
            "eps_4q": 1.23,
            "eps_4q_growth_year": null,
            "roe": 3.32,
            "roe_4q": 9.35,
            "gross_profit": 93109,
            "gross_margin": 17.78,
            "gross_margin_4q_avg": 16.87,
            "net_income": 39651,
            "net_income_4q": null,
            "revenue": 523749,
            "revenue_4q": null,
            "common_shares": 916315,
            "book_valuer_per_share": 12.28,
            "book_valuer_per_share_4q_avg": 11.67,
            "equity": 1216038,
            "current_ratio": 202.34,
            "debt_ratio": 55.78,
            "inventory_turnover_ratio": 0.89,
            "account_receivable_turnover_ratio": 1.09,
            "reinvestment_rate": null,
            "research_to_sale_ratio": 1.12,
            "price_fair": 49.93,
            "eps_avg_yearly": 1.43,
            "eps_latest_yearly": 1.72,
            "eps_growth_yearly": 178.89
        },
        "20142": {
            "year_quarter": 20142,
            "year": 2014,
            "quarter": 2,
            "eps": 0.12,
            "eps_growth_year": -19.97,
            "eps_4q": 1.07,
            "eps_4q_growth_year": 613.79,
            "roe": 0.89,
            "roe_4q": 9.239999999999998,
            "gross_profit": 77445,
            "gross_margin": 14.48,
            "gross_margin_4q_avg": 16.86,
            "net_income": 11714,
            "net_income_4q": null,
            "revenue": 534746,
            "revenue_4q": null,
            "common_shares": 1030865,
            "book_valuer_per_share": 13,
            "book_valuer_per_share_4q_avg": 12.13,
            "equity": 1429215,
            "current_ratio": 158.93,
            "debt_ratio": 48.83,
            "inventory_turnover_ratio": 0.88,
            "account_receivable_turnover_ratio": 1.08,
            "reinvestment_rate": null,
            "research_to_sale_ratio": 1.69,
            "price_fair": 41.65,
            "eps_avg_yearly": 1.19,
            "eps_latest_yearly": 0.48,
            "eps_growth_yearly": 62.07
        },
        "20143": {
            "year_quarter": 20143,
            "year": 2014,
            "quarter": 3,
            "eps": 0.27,
            "eps_growth_year": 12.5,
            "eps_4q": 1.12,
            "eps_4q_growth_year": 185.6,
            "roe": 1.9,
            "roe_4q": 9.26,
            "gross_profit": 79151,
            "gross_margin": 13.99,
            "gross_margin_4q_avg": 16.2,
            "net_income": 27544,
            "net_income_4q": null,
            "revenue": 565929,
            "revenue_4q": null,
            "common_shares": 1030865,
            "book_valuer_per_share": 13.33,
            "book_valuer_per_share_4q_avg": 12.61,
            "equity": 1465739,
            "current_ratio": 157.33,
            "debt_ratio": 47.39,
            "inventory_turnover_ratio": 0.9,
            "account_receivable_turnover_ratio": 1.06,
            "reinvestment_rate": null,
            "research_to_sale_ratio": 1.36,
            "price_fair": 40.88,
            "eps_avg_yearly": 1.17,
            "eps_latest_yearly": 1.08,
            "eps_growth_yearly": 149.66
        },
        "20144": {
            "year_quarter": 20144,
            "year": 2014,
            "quarter": 4,
            "eps": 0.37,
            "eps_growth_year": -8.34,
            "eps_4q": 1.13,
            "eps_4q_growth_year": 42.42,
            "roe": 2.23,
            "roe_4q": 8.34,
            "gross_profit": 96702,
            "gross_margin": 15.74,
            "gross_margin_4q_avg": 15.5,
            "net_income": 33519,
            "net_income_4q": null,
            "revenue": 614456,
            "revenue_4q": null,
            "common_shares": 1030865,
            "book_valuer_per_share": 13.82,
            "book_valuer_per_share_4q_avg": 13.11,
            "equity": 1537822,
            "current_ratio": 130.55,
            "debt_ratio": 48.79,
            "inventory_turnover_ratio": 0.93,
            "account_receivable_turnover_ratio": 1.04,
            "reinvestment_rate": null,
            "research_to_sale_ratio": 1.37,
            "price_fair": 42.7,
            "eps_avg_yearly": 1.22,
            "eps_latest_yearly": 1.48,
            "eps_growth_yearly": 149.41
        },
        "20151": {
            "year_quarter": 20151,
            "year": 2015,
            "quarter": 1,
            "eps": 0.13,
            "eps_growth_year": -69.77,
            "eps_4q": 0.88,
            "eps_4q_growth_year": -28.33,
            "roe": 1.04,
            "roe_4q": 6.06,
            "gross_profit": 86076,
            "gross_margin": 16.04,
            "gross_margin_4q_avg": 15.06,
            "net_income": 16080,
            "net_income_4q": null,
            "revenue": 536651,
            "revenue_4q": null,
            "common_shares": 1030865,
            "book_valuer_per_share": 13.92,
            "book_valuer_per_share_4q_avg": 13.52,
            "equity": 1549226,
            "current_ratio": 133.7,
            "debt_ratio": 48.88,
            "inventory_turnover_ratio": 0.77,
            "account_receivable_turnover_ratio": 0.9,
            "reinvestment_rate": null,
            "research_to_sale_ratio": 1.56,
            "price_fair": 39.2,
            "eps_avg_yearly": 1.12,
            "eps_latest_yearly": 0.52,
            "eps_growth_yearly": 91
        },
        "20152": {
            "year_quarter": 20152,
            "year": 2015,
            "quarter": 2,
            "eps": 0.29,
            "eps_growth_year": 141.67,
            "eps_4q": 1.06,
            "eps_4q_growth_year": -0.71,
            "roe": 1.92,
            "roe_4q": 7.09,
            "gross_profit": 95127,
            "gross_margin": 15.64,
            "gross_margin_4q_avg": 15.35,
            "net_income": 29466,
            "net_income_4q": null,
            "revenue": 608235,
            "revenue_4q": null,
            "common_shares": 1030865,
            "book_valuer_per_share": 13.66,
            "book_valuer_per_share_4q_avg": 13.68,
            "equity": 1520551,
            "current_ratio": 144.26,
            "debt_ratio": 47.75,
            "inventory_turnover_ratio": 0.87,
            "account_receivable_turnover_ratio": 1.01,
            "reinvestment_rate": null,
            "research_to_sale_ratio": 1.55,
            "price_fair": 39.38,
            "eps_avg_yearly": 1.13,
            "eps_latest_yearly": 1.16,
            "eps_growth_yearly": 141.16
        },
        "20153": {
            "year_quarter": 20153,
            "year": 2015,
            "quarter": 3,
            "eps": 0.48,
            "eps_growth_year": 77.78,
            "eps_4q": 1.28,
            "eps_4q_growth_year": 13.7,
            "roe": 3.42,
            "roe_4q": 8.61,
            "gross_profit": 100963,
            "gross_margin": 17,
            "gross_margin_4q_avg": 16.11,
            "net_income": 53298,
            "net_income_4q": null,
            "revenue": 593724,
            "revenue_4q": null,
            "common_shares": 1030865,
            "book_valuer_per_share": 14.32,
            "book_valuer_per_share_4q_avg": 13.93,
            "equity": 1597181,
            "current_ratio": 151.84,
            "debt_ratio": 46.31,
            "inventory_turnover_ratio": 0.86,
            "account_receivable_turnover_ratio": 0.93,
            "reinvestment_rate": null,
            "research_to_sale_ratio": 1.53,
            "price_fair": 42.47,
            "eps_avg_yearly": 1.21,
            "eps_latest_yearly": 1.92,
            "eps_growth_yearly": 154.6
        },
        "20154": {
            "year_quarter": 20154,
            "year": 2015,
            "quarter": 4,
            "eps": 0.44,
            "eps_growth_year": 17.98,
            "eps_4q": 1.34,
            "eps_4q_growth_year": 18.43,
            "roe": 3.2,
            "roe_4q": 9.579999999999998,
            "gross_profit": 120194,
            "gross_margin": 18.7,
            "gross_margin_4q_avg": 16.85,
            "net_income": 51619,
            "net_income_4q": null,
            "revenue": 642744,
            "revenue_4q": null,
            "common_shares": 1030865,
            "book_valuer_per_share": 14.64,
            "book_valuer_per_share_4q_avg": 14.14,
            "equity": 1632247,
            "current_ratio": 224.91,
            "debt_ratio": 45.14,
            "inventory_turnover_ratio": 0.91,
            "account_receivable_turnover_ratio": 1,
            "reinvestment_rate": null,
            "research_to_sale_ratio": 1.53,
            "price_fair": 44.38,
            "eps_avg_yearly": 1.27,
            "eps_latest_yearly": 1.76,
            "eps_growth_yearly": 135.8
        },
        "20161": {
            "year_quarter": 20161,
            "year": 2016,
            "quarter": 1,
            "eps": 0.39,
            "eps_growth_year": 200,
            "eps_4q": 1.61,
            "eps_4q_growth_year": 82.52,
            "roe": 2.87,
            "roe_4q": 11.41,
            "gross_profit": 113183,
            "gross_margin": 17.89,
            "gross_margin_4q_avg": 17.31,
            "net_income": 47471,
            "net_income_4q": null,
            "revenue": 632526,
            "revenue_4q": null,
            "common_shares": 1030865,
            "book_valuer_per_share": 14.97,
            "book_valuer_per_share_4q_avg": 14.4,
            "equity": 1670980,
            "current_ratio": 239.15,
            "debt_ratio": 45.3,
            "inventory_turnover_ratio": 0.89,
            "account_receivable_turnover_ratio": 0.96,
            "reinvestment_rate": null,
            "research_to_sale_ratio": 1.49,
            "price_fair": 45.31,
            "eps_avg_yearly": 1.29,
            "eps_latest_yearly": 1.56,
            "eps_growth_yearly": 119.32
        },
        "20162": {
            "year_quarter": 20162,
            "year": 2016,
            "quarter": 2,
            "eps": 0.37,
            "eps_growth_year": 27.59,
            "eps_4q": 1.69,
            "eps_4q_growth_year": 58.62,
            "roe": 2.37,
            "roe_4q": 11.860000000000001,
            "gross_profit": 114235,
            "gross_margin": 18.13,
            "gross_margin_4q_avg": 17.93,
            "net_income": 38800,
            "net_income_4q": null,
            "revenue": 630249,
            "revenue_4q": null,
            "common_shares": 1030865,
            "book_valuer_per_share": 14.29,
            "book_valuer_per_share_4q_avg": 14.56,
            "equity": 1599579,
            "current_ratio": 188.93,
            "debt_ratio": 48.47,
            "inventory_turnover_ratio": 0.86,
            "account_receivable_turnover_ratio": 0.94,
            "reinvestment_rate": -19.31,
            "research_to_sale_ratio": 1.53,
            "price_fair": 45.85,
            "eps_avg_yearly": 1.31,
            "eps_latest_yearly": 1.48,
            "eps_growth_yearly": 107.67
        },
        "20163": {
            "year_quarter": 20163,
            "year": 2016,
            "quarter": 3,
            "eps": 0.32,
            "eps_growth_year": -33.33,
            "eps_4q": 1.53,
            "eps_4q_growth_year": 19.41,
            "roe": 2.41,
            "roe_4q": 10.850000000000001,
            "gross_profit": 127473,
            "gross_margin": 17.68,
            "gross_margin_4q_avg": 18.1,
            "net_income": 37070,
            "net_income_4q": null,
            "revenue": 720974,
            "revenue_4q": null,
            "common_shares": 1030865,
            "book_valuer_per_share": 14.27,
            "book_valuer_per_share_4q_avg": 14.54,
            "equity": 1471262,
            "current_ratio": 168.03,
            "debt_ratio": 53.62,
            "inventory_turnover_ratio": 0.98,
            "account_receivable_turnover_ratio": 1.01,
            "reinvestment_rate": -3.4,
            "research_to_sale_ratio": 1.33,
            "price_fair": 45.77,
            "eps_avg_yearly": 1.31,
            "eps_latest_yearly": 1.28,
            "eps_growth_yearly": 95.23
        },
        "20164": {
            "year_quarter": 20164,
            "year": 2016,
            "quarter": 4,
            "eps": 0.69,
            "eps_growth_year": 59.22,
            "eps_4q": 1.78,
            "eps_4q_growth_year": 32.72,
            "roe": 4.76,
            "roe_4q": 12.41,
            "gross_profit": 141181,
            "gross_margin": 17.49,
            "gross_margin_4q_avg": 17.8,
            "net_income": 71591,
            "net_income_4q": null,
            "revenue": 807018,
            "revenue_4q": null,
            "common_shares": 1030865,
            "book_valuer_per_share": 14.91,
            "book_valuer_per_share_4q_avg": 14.61,
            "equity": 1536849,
            "current_ratio": 156.97,
            "debt_ratio": 54.47,
            "inventory_turnover_ratio": 1.06,
            "account_receivable_turnover_ratio": 0.97,
            "reinvestment_rate": 12.51,
            "research_to_sale_ratio": 1.46,
            "price_fair": 49.4,
            "eps_avg_yearly": 1.41,
            "eps_latest_yearly": 2.76,
            "eps_growth_yearly": 121.46
        },
        "20171": {
            "year_quarter": 20171,
            "year": 2017,
            "quarter": 1,
            "eps": 0.24,
            "eps_growth_year": -38.46,
            "eps_4q": 1.63,
            "eps_4q_growth_year": 1.29,
            "roe": 1.6,
            "roe_4q": 11.14,
            "gross_profit": 123205,
            "gross_margin": 15.16,
            "gross_margin_4q_avg": 17.12,
            "net_income": 24672,
            "net_income_4q": null,
            "revenue": 812583,
            "revenue_4q": null,
            "common_shares": 1030865,
            "book_valuer_per_share": 14.94,
            "book_valuer_per_share_4q_avg": 14.6,
            "equity": 1539847,
            "current_ratio": 148.84,
            "debt_ratio": 55.35,
            "inventory_turnover_ratio": 1.03,
            "account_receivable_turnover_ratio": 0.86,
            "reinvestment_rate": 17.51,
            "research_to_sale_ratio": 1.5,
            "price_fair": 48.35,
            "eps_avg_yearly": 1.38,
            "eps_latest_yearly": 0.96,
            "eps_growth_yearly": 95.98
        },
        "20172": {
            "year_quarter": 20172,
            "year": 2017,
            "quarter": 2,
            "eps": 0.63,
            "eps_growth_year": 70.27,
            "eps_4q": 1.89,
            "eps_4q_growth_year": 11.84,
            "roe": 4.27,
            "roe_4q": 13.04,
            "gross_profit": 121291,
            "gross_margin": 14.37,
            "gross_margin_4q_avg": 16.18,
            "net_income": 64662,
            "net_income_4q": null,
            "revenue": 844041,
            "revenue_4q": null,
            "common_shares": 1030865,
            "book_valuer_per_share": 14.44,
            "book_valuer_per_share_4q_avg": 14.64,
            "equity": 1488266,
            "current_ratio": 147.13,
            "debt_ratio": 58.39,
            "inventory_turnover_ratio": 1.03,
            "account_receivable_turnover_ratio": 0.86,
            "reinvestment_rate": 36.32,
            "research_to_sale_ratio": 1.49,
            "price_fair": 50.84,
            "eps_avg_yearly": 1.45,
            "eps_latest_yearly": 2.52,
            "eps_growth_yearly": 130.6
        },
        "20173": {
            "year_quarter": 20173,
            "year": 2017,
            "quarter": 3,
            "eps": 0.39,
            "eps_growth_year": 21.88,
            "eps_4q": 1.95,
            "eps_4q_growth_year": 27.67,
            "roe": 2.64,
            "roe_4q": 13.27,
            "gross_profit": 108977,
            "gross_margin": 12.65,
            "gross_margin_4q_avg": 14.92,
            "net_income": 39815,
            "net_income_4q": null,
            "revenue": 861237,
            "revenue_4q": null,
            "common_shares": 1030865,
            "book_valuer_per_share": 14.87,
            "book_valuer_per_share_4q_avg": 14.79,
            "equity": 1533210,
            "current_ratio": 162.76,
            "debt_ratio": 58.07,
            "inventory_turnover_ratio": 1.03,
            "account_receivable_turnover_ratio": 0.85,
            "reinvestment_rate": 50.94,
            "research_to_sale_ratio": 2.72,
            "price_fair": 52.15,
            "eps_avg_yearly": 1.49,
            "eps_latest_yearly": 1.56,
            "eps_growth_yearly": 106.08
        },
        "20174": {
            "year_quarter": 20174,
            "year": 2017,
            "quarter": 4,
            "eps": 0.61,
            "eps_growth_year": -11.93,
            "eps_4q": 1.86,
            "eps_4q_growth_year": 4.54,
            "roe": 4.04,
            "roe_4q": 12.549999999999999,
            "gross_profit": 143742,
            "gross_margin": 17.11,
            "gross_margin_4q_avg": 14.82,
            "net_income": 63049,
            "net_income_4q": null,
            "revenue": 840042,
            "revenue_4q": null,
            "common_shares": 1030865,
            "book_valuer_per_share": 15.44,
            "book_valuer_per_share_4q_avg": 14.92,
            "equity": 1591408,
            "current_ratio": 151.69,
            "debt_ratio": 57.16,
            "inventory_turnover_ratio": 0.91,
            "account_receivable_turnover_ratio": 0.85,
            "reinvestment_rate": 54.01,
            "research_to_sale_ratio": 2.23,
            "price_fair": 53.99,
            "eps_avg_yearly": 1.54,
            "eps_latest_yearly": 2.44,
            "eps_growth_yearly": 103.51
        },
        "20181": {
            "year_quarter": 20181,
            "year": 2018,
            "quarter": 1,
            "eps": 0.64,
            "eps_growth_year": 166.67,
            "eps_4q": 2.27,
            "eps_4q_growth_year": 39.3,
            "roe": 4.07,
            "roe_4q": 15.02,
            "gross_profit": 128294,
            "gross_margin": 17.24,
            "gross_margin_4q_avg": 15.34,
            "net_income": 66321,
            "net_income_4q": null,
            "revenue": 744005,
            "revenue_4q": null,
            "common_shares": 1030865,
            "book_valuer_per_share": 16.14,
            "book_valuer_per_share_4q_avg": 15.22,
            "equity": 1663819,
            "current_ratio": 164.22,
            "debt_ratio": 55.81,
            "inventory_turnover_ratio": 0.76,
            "account_receivable_turnover_ratio": 0.84,
            "reinvestment_rate": 54.29,
            "research_to_sale_ratio": 2.27,
            "price_fair": 55.83,
            "eps_avg_yearly": 1.6,
            "eps_latest_yearly": 2.56,
            "eps_growth_yearly": 102.87
        },
        "20182": {
            "year_quarter": 20182,
            "year": 2018,
            "quarter": 2,
            "eps": 0.26,
            "eps_growth_year": -58.73,
            "eps_4q": 1.9,
            "eps_4q_growth_year": 0.64,
            "roe": 1.61,
            "roe_4q": 12.360000000000001,
            "gross_profit": 89884,
            "gross_margin": 13.35,
            "gross_margin_4q_avg": 15.09,
            "net_income": 26376,
            "net_income_4q": null,
            "revenue": 673202,
            "revenue_4q": null,
            "common_shares": 1030865,
            "book_valuer_per_share": 15.6,
            "book_valuer_per_share_4q_avg": 15.51,
            "equity": 1608237,
            "current_ratio": 120.65,
            "debt_ratio": 57.49,
            "inventory_turnover_ratio": 0.7,
            "account_receivable_turnover_ratio": 0.81,
            "reinvestment_rate": 68.9,
            "research_to_sale_ratio": 2.64,
            "price_fair": 57.05,
            "eps_avg_yearly": 1.63,
            "eps_latest_yearly": 1.04,
            "eps_growth_yearly": 106.05
        },
        "20183": {
            "year_quarter": 20183,
            "year": 2018,
            "quarter": 3,
            "eps": 0.02,
            "eps_growth_year": -94.87,
            "eps_4q": 1.53,
            "eps_4q_growth_year": -21.43,
            "roe": 0.12,
            "roe_4q": 9.84,
            "gross_profit": 73358,
            "gross_margin": 12.29,
            "gross_margin_4q_avg": 15,
            "net_income": 1971,
            "net_income_4q": null,
            "revenue": 596978,
            "revenue_4q": null,
            "common_shares": 1030865,
            "book_valuer_per_share": 15.49,
            "book_valuer_per_share_4q_avg": 15.67,
            "equity": 1596917,
            "current_ratio": 165.83,
            "debt_ratio": 56.42,
            "inventory_turnover_ratio": 0.63,
            "account_receivable_turnover_ratio": 0.74,
            "reinvestment_rate": 69.16,
            "research_to_sale_ratio": 2.66,
            "price_fair": 54.86,
            "eps_avg_yearly": 1.57,
            "eps_latest_yearly": 0.08,
            "eps_growth_yearly": 51.72
        },
        "20184": {
            "year_quarter": 20184,
            "year": 2018,
            "quarter": 4,
            "eps": 0,
            "eps_growth_year": -99.93,
            "eps_4q": 0.92,
            "eps_4q_growth_year": -50.5,
            "roe": 0,
            "roe_4q": 5.800000000000001,
            "gross_profit": 48655,
            "gross_margin": 10,
            "gross_margin_4q_avg": 13.22,
            "net_income": 45,
            "net_income_4q": null,
            "revenue": 486629,
            "revenue_4q": null,
            "common_shares": 1030865,
            "book_valuer_per_share": 15.53,
            "book_valuer_per_share_4q_avg": 15.69,
            "equity": 1593639,
            "current_ratio": 176.34,
            "debt_ratio": 55.39,
            "inventory_turnover_ratio": 0.54,
            "account_receivable_turnover_ratio": 0.65,
            "reinvestment_rate": 39.37,
            "research_to_sale_ratio": 2.74,
            "price_fair": 55.07,
            "eps_avg_yearly": 1.57,
            "eps_latest_yearly": 0.08,
            "eps_growth_yearly": 45.29
        },
        "20191": {
            "year_quarter": 20191,
            "year": 2019,
            "quarter": 1,
            "eps": 0.2,
            "eps_growth_year": -68.75,
            "eps_4q": 0.48,
            "eps_4q_growth_year": -78.88,
            "roe": 1.29,
            "roe_4q": 3.0200000000000005,
            "gross_profit": 65435,
            "gross_margin": 14.37,
            "gross_margin_4q_avg": 12.5,
            "net_income": 20732,
            "net_income_4q": null,
            "revenue": 455439,
            "revenue_4q": null,
            "common_shares": 1030865,
            "book_valuer_per_share": 15.81,
            "book_valuer_per_share_4q_avg": 15.61,
            "equity": 1620583,
            "current_ratio": 170.58,
            "debt_ratio": 53.14,
            "inventory_turnover_ratio": 0.48,
            "account_receivable_turnover_ratio": 0.72,
            "reinvestment_rate": 39.99,
            "research_to_sale_ratio": 3.69,
            "price_fair": 57.7,
            "eps_avg_yearly": 1.65,
            "eps_latest_yearly": 0.08,
            "eps_growth_yearly": 67.06
        },
        "20192": {
            "year_quarter": 20192,
            "year": 2019,
            "quarter": 2,
            "eps": 0.21,
            "eps_growth_year": -19.23,
            "eps_4q": 0.43,
            "eps_4q_growth_year": -77.36,
            "roe": 1.33,
            "roe_4q": 2.74,
            "gross_profit": 59432,
            "gross_margin": 11.89,
            "gross_margin_4q_avg": 12.14,
            "net_income": 21291,
            "net_income_4q": null,
            "revenue": 499993,
            "revenue_4q": null,
            "common_shares": 1030865,
            "book_valuer_per_share": 15.32,
            "book_valuer_per_share_4q_avg": 15.54,
            "equity": 1571277,
            "current_ratio": 165.61,
            "debt_ratio": 54.77,
            "inventory_turnover_ratio": 0.55,
            "account_receivable_turnover_ratio": 0.91,
            "reinvestment_rate": 38.15,
            "research_to_sale_ratio": 3.3,
            "price_fair": 56.9,
            "eps_avg_yearly": 1.63,
            "eps_latest_yearly": 0.84,
            "eps_growth_yearly": 33.32
        },
        "20193": {
            "year_quarter": 20193,
            "year": 2019,
            "quarter": 3,
            "eps": -0.17,
            "eps_growth_year": -950,
            "eps_4q": 0.24,
            "eps_4q_growth_year": -84.22,
            "roe": -1.11,
            "roe_4q": 1.51,
            "gross_profit": 43214,
            "gross_margin": 7.99,
            "gross_margin_4q_avg": 11.06,
            "net_income": -17308,
            "net_income_4q": null,
            "revenue": 540986,
            "revenue_4q": null,
            "common_shares": 1030865,
            "book_valuer_per_share": 15.06,
            "book_valuer_per_share_4q_avg": 15.43,
            "equity": 1544492,
            "current_ratio": 180.26,
            "debt_ratio": 53.61,
            "inventory_turnover_ratio": 0.69,
            "account_receivable_turnover_ratio": 1.03,
            "reinvestment_rate": 41.67,
            "research_to_sale_ratio": 2.92,
            "price_fair": 41.25,
            "eps_avg_yearly": 1.6,
            "eps_latest_yearly": 0.84,
            "eps_growth_yearly": 15.73
        },
        "20194": {
            "year_quarter": 20194,
            "year": 2019,
            "quarter": 4,
            "eps": 0.03,
            "eps_growth_year": 6818.22,
            "eps_4q": 0.27,
            "eps_4q_growth_year": -70.59,
            "roe": 0.2,
            "roe_4q": 1.71,
            "gross_profit": 72910,
            "gross_margin": 13.85,
            "gross_margin_4q_avg": 12.03,
            "net_income": 3114,
            "net_income_4q": null,
            "revenue": 526423,
            "revenue_4q": null,
            "common_shares": 1030865,
            "book_valuer_per_share": 14.98,
            "book_valuer_per_share_4q_avg": 15.29,
            "equity": 1535736,
            "current_ratio": 174.99,
            "debt_ratio": 53.46,
            "inventory_turnover_ratio": 0.69,
            "account_receivable_turnover_ratio": 0.89,
            "reinvestment_rate": 50.3,
            "research_to_sale_ratio": 3.97,
            "price_fair": 47.41,
            "eps_avg_yearly": 1.59,
            "eps_latest_yearly": 0.84,
            "eps_growth_yearly": 19.82
        },
        "20201": {
            "year_quarter": 20201,
            "year": 2020,
            "quarter": 1,
            "eps": -0.2,
            "eps_growth_year": -200,
            "eps_4q": -0.13,
            "eps_4q_growth_year": -126.76,
            "roe": -1.35,
            "roe_4q": -0.9300000000000002,
            "gross_profit": 20771,
            "gross_margin": 5.18,
            "gross_margin_4q_avg": 9.73,
            "net_income": -20245,
            "net_income_4q": null,
            "revenue": 401013,
            "revenue_4q": null,
            "common_shares": 1030865,
            "book_valuer_per_share": 14.26,
            "book_valuer_per_share_4q_avg": 14.91,
            "equity": 1462542,
            "current_ratio": 161.24,
            "debt_ratio": 54.05,
            "inventory_turnover_ratio": 0.6,
            "account_receivable_turnover_ratio": 0.64,
            "reinvestment_rate": 52.42,
            "research_to_sale_ratio": 3.81,
            "price_fair": 55.75,
            "eps_avg_yearly": 1.59,
            "eps_latest_yearly": 0.84,
            "eps_growth_yearly": 25.75
        },
        "20202": {
            "year_quarter": 20202,
            "year": 2020,
            "quarter": 2,
            "eps": 0.03,
            "eps_growth_year": -85.71,
            "eps_4q": -0.31,
            "eps_4q_growth_year": -172.73,
            "roe": 0.18,
            "roe_4q": -2.08,
            "gross_profit": 24484,
            "gross_margin": 7.21,
            "gross_margin_4q_avg": 8.56,
            "net_income": 2639,
            "net_income_4q": null,
            "revenue": 339393,
            "revenue_4q": null,
            "common_shares": 1030865,
            "book_valuer_per_share": 14.21,
            "book_valuer_per_share_4q_avg": 14.63,
            "equity": 1446363,
            "current_ratio": 164.16,
            "debt_ratio": 54.27,
            "inventory_turnover_ratio": 0.51,
            "account_receivable_turnover_ratio": 0.59,
            "reinvestment_rate": 49.54,
            "research_to_sale_ratio": 4.37,
            "price_fair": 56.14,
            "eps_avg_yearly": 1.6,
            "eps_latest_yearly": 0.84,
            "eps_growth_yearly": 30.38
        },
        "20203": {
            "year_quarter": 20203,
            "year": 2020,
            "quarter": 3,
            "eps": 0.21,
            "eps_growth_year": null,
            "eps_4q": 0.07,
            "eps_4q_growth_year": -71.63,
            "roe": 1.47,
            "roe_4q": 0.49999999999999983,
            "gross_profit": 50199,
            "gross_margin": 10.36,
            "gross_margin_4q_avg": 9.15,
            "net_income": 21465,
            "net_income_4q": null,
            "revenue": 484313,
            "revenue_4q": null,
            "common_shares": 1030865,
            "book_valuer_per_share": 14.47,
            "book_valuer_per_share_4q_avg": 14.48,
            "equity": 1472865,
            "current_ratio": 173.01,
            "debt_ratio": 53.27,
            "inventory_turnover_ratio": 0.8,
            "account_receivable_turnover_ratio": 0.84,
            "reinvestment_rate": 44.65,
            "research_to_sale_ratio": 3.64,
            "price_fair": 54.6,
            "eps_avg_yearly": 1.56,
            "eps_latest_yearly": 0.84,
            "eps_growth_yearly": 275.78
        },
        "20204": {
            "year_quarter": 20204,
            "year": 2020,
            "quarter": 4,
            "eps": 0.06,
            "eps_growth_year": 108.34,
            "eps_4q": 0.1,
            "eps_4q_growth_year": -62.72,
            "roe": 0.44,
            "roe_4q": 0.7399999999999998,
            "gross_profit": 70673,
            "gross_margin": 13.28,
            "gross_margin_4q_avg": 9.01,
            "net_income": 6441,
            "net_income_4q": null,
            "revenue": 531999,
            "revenue_4q": null,
            "common_shares": 1030865,
            "book_valuer_per_share": 14.54,
            "book_valuer_per_share_4q_avg": 14.37,
            "equity": 1479953,
            "current_ratio": 161.86,
            "debt_ratio": 52.96,
            "inventory_turnover_ratio": 1,
            "account_receivable_turnover_ratio": 0.86,
            "reinvestment_rate": 47.45,
            "research_to_sale_ratio": 3.31,
            "price_fair": 45.78,
            "eps_avg_yearly": 1.31,
            "eps_latest_yearly": 0.24,
            "eps_growth_yearly": 200.96
        },
        "20211": {
            "year_quarter": 20211,
            "year": 2021,
            "quarter": 1,
            "eps": -0.02,
            "eps_growth_year": null,
            "eps_4q": 0.28,
            "eps_4q_growth_year": null,
            "roe": -0.11,
            "roe_4q": 1.98,
            "gross_profit": 56089,
            "gross_margin": 11.93,
            "gross_margin_4q_avg": 10.7,
            "net_income": -1594,
            "net_income_4q": null,
            "revenue": 470109,
            "revenue_4q": null,
            "common_shares": 1030865,
            "book_valuer_per_share": 14.21,
            "book_valuer_per_share_4q_avg": 14.36,
            "equity": 1446246,
            "current_ratio": 157.8,
            "debt_ratio": 51.93,
            "inventory_turnover_ratio": 0.99,
            "account_receivable_turnover_ratio": 0.76,
            "reinvestment_rate": 40.64,
            "research_to_sale_ratio": 3.48,
            "price_fair": 47.13,
            "eps_avg_yearly": 1.35,
            "eps_latest_yearly": 0.24,
            "eps_growth_yearly": 252.28
        },
        "20212": {
            "year_quarter": 20212,
            "year": 2021,
            "quarter": 2,
            "eps": -0.06,
            "eps_growth_year": -300,
            "eps_4q": 0.19,
            "eps_4q_growth_year": null,
            "roe": -0.46,
            "roe_4q": 1.3399999999999999,
            "gross_profit": 52921,
            "gross_margin": 12.29,
            "gross_margin_4q_avg": 11.97,
            "net_income": -6585,
            "net_income_4q": null,
            "revenue": 430615,
            "revenue_4q": null,
            "common_shares": 1030865,
            "book_valuer_per_share": 14.15,
            "book_valuer_per_share_4q_avg": 14.34,
            "equity": 1440870,
            "current_ratio": 157.12,
            "debt_ratio": 51.73,
            "inventory_turnover_ratio": 0.9,
            "account_receivable_turnover_ratio": 0.79,
            "reinvestment_rate": 12.53,
            "research_to_sale_ratio": 4.12,
            "price_fair": 42,
            "eps_avg_yearly": 1.2,
            "eps_latest_yearly": 0.24,
            "eps_growth_yearly": 202.56
        },
        "20213": {
            "year_quarter": 20213,
            "year": 2021,
            "quarter": 3,
            "eps": 0.1,
            "eps_growth_year": -52.38,
            "eps_4q": 0.08,
            "eps_4q_growth_year": 23.38,
            "roe": 0.72,
            "roe_4q": 0.59,
            "gross_profit": 70700,
            "gross_margin": 15.58,
            "gross_margin_4q_avg": 13.27,
            "net_income": 10388,
            "net_income_4q": null,
            "revenue": 453788,
            "revenue_4q": null,
            "common_shares": 1030865,
            "book_valuer_per_share": 14.27,
            "book_valuer_per_share_4q_avg": 14.29,
            "equity": 1460579,
            "current_ratio": 156.95,
            "debt_ratio": 52.06,
            "inventory_turnover_ratio": 0.84,
            "account_receivable_turnover_ratio": 0.89,
            "reinvestment_rate": -21.1,
            "research_to_sale_ratio": 3.9,
            "price_fair": 40.2,
            "eps_avg_yearly": 1.15,
            "eps_latest_yearly": 0.24,
            "eps_growth_yearly": 253.27
        },
        "20214": {
            "year_quarter": 20214,
            "year": 2021,
            "quarter": 4,
            "eps": 0.27,
            "eps_growth_year": 323.05,
            "eps_4q": 0.29,
            "eps_4q_growth_year": 185.88,
            "roe": 1.86,
            "roe_4q": 2.0100000000000002,
            "gross_profit": 79471,
            "gross_margin": 16.86,
            "gross_margin_4q_avg": 14.17,
            "net_income": 27397,
            "net_income_4q": null,
            "revenue": 471295,
            "revenue_4q": null,
            "common_shares": 1030865,
            "book_valuer_per_share": 14.55,
            "book_valuer_per_share_4q_avg": 14.3,
            "equity": 1488837,
            "current_ratio": 179.07,
            "debt_ratio": 53.68,
            "inventory_turnover_ratio": 0.79,
            "account_receivable_turnover_ratio": 0.85,
            "reinvestment_rate": -75.94,
            "research_to_sale_ratio": 3.72,
            "price_fair": 33.4,
            "eps_avg_yearly": 0.95,
            "eps_latest_yearly": 1.08,
            "eps_growth_yearly": 318.18
        },
        "20221": {
            "year_quarter": 20221,
            "year": 2022,
            "quarter": 1,
            "eps": 0.44,
            "eps_growth_year": null,
            "eps_4q": 0.74,
            "eps_4q_growth_year": 161.45,
            "roe": 2.99,
            "roe_4q": 5.11,
            "gross_profit": 94997,
            "gross_margin": 19.03,
            "gross_margin_4q_avg": 15.94,
            "net_income": 44903,
            "net_income_4q": null,
            "revenue": 499114,
            "revenue_4q": null,
            "common_shares": 1030865,
            "book_valuer_per_share": 14.83,
            "book_valuer_per_share_4q_avg": 14.45,
            "equity": 1517438,
            "current_ratio": 176.47,
            "debt_ratio": 52.11,
            "inventory_turnover_ratio": 0.79,
            "account_receivable_turnover_ratio": 0.87,
            "reinvestment_rate": -118.66,
            "research_to_sale_ratio": 3.33,
            "price_fair": 29.4,
            "eps_avg_yearly": 0.84,
            "eps_latest_yearly": 1.76,
            "eps_growth_yearly": 351.34
        },
        "20222": {
            "year_quarter": 20222,
            "year": 2022,
            "quarter": 2,
            "eps": 0.44,
            "eps_growth_year": null,
            "eps_4q": 1.25,
            "eps_4q_growth_year": 544.53,
            "roe": 2.93,
            "roe_4q": 8.5,
            "gross_profit": 109508,
            "gross_margin": 23.53,
            "gross_margin_4q_avg": 18.75,
            "net_income": 45150,
            "net_income_4q": null,
            "revenue": 465310,
            "revenue_4q": null,
            "common_shares": 1030865,
            "book_valuer_per_share": 15.24,
            "book_valuer_per_share_4q_avg": 14.72,
            "equity": 1559641,
            "current_ratio": 184.97,
            "debt_ratio": 49.76,
            "inventory_turnover_ratio": 0.69,
            "account_receivable_turnover_ratio": 0.87,
            "reinvestment_rate": -161.03,
            "research_to_sale_ratio": 3.47,
            "price_fair": 33,
            "eps_avg_yearly": 0.94,
            "eps_latest_yearly": 1.76,
            "eps_growth_yearly": 385.27
        },
        "20223": {
            "year_quarter": 20223,
            "year": 2022,
            "quarter": 3,
            "eps": 0.47,
            "eps_growth_year": 370,
            "eps_4q": 1.62,
            "eps_4q_growth_year": 1811.97,
            "roe": 3.02,
            "roe_4q": 10.8,
            "gross_profit": 88875,
            "gross_margin": 20.32,
            "gross_margin_4q_avg": 19.94,
            "net_income": 47936,
            "net_income_4q": null,
            "revenue": 437352,
            "revenue_4q": null,
            "common_shares": 1030865,
            "book_valuer_per_share": 15.79,
            "book_valuer_per_share_4q_avg": 15.1,
            "equity": 1615645,
            "current_ratio": 187.42,
            "debt_ratio": 46.6,
            "inventory_turnover_ratio": 0.67,
            "account_receivable_turnover_ratio": 0.89,
            "reinvestment_rate": -116.25,
            "research_to_sale_ratio": 3.49,
            "price_fair": 42,
            "eps_avg_yearly": 1.2,
            "eps_latest_yearly": 1.88,
            "eps_growth_yearly": 441.92
        },
        "20224": {
            "year_quarter": 20224,
            "year": 2022,
            "quarter": 4,
            "eps": 0.27,
            "eps_growth_year": 0.01,
            "eps_4q": 1.62,
            "eps_4q_growth_year": 458.64,
            "roe": 1.68,
            "roe_4q": 10.620000000000001,
            "gross_profit": 86558,
            "gross_margin": 22.24,
            "gross_margin_4q_avg": 21.28,
            "net_income": 27401,
            "net_income_4q": null,
            "revenue": 389167,
            "revenue_4q": null,
            "common_shares": 1030865,
            "book_valuer_per_share": 16.01,
            "book_valuer_per_share_4q_avg": 15.47,
            "equity": 1638347,
            "current_ratio": 190.18,
            "debt_ratio": 43.97,
            "inventory_turnover_ratio": 0.57,
            "account_receivable_turnover_ratio": 0.85,
            "reinvestment_rate": -103.25,
            "research_to_sale_ratio": 3.22,
            "price_fair": 41.48,
            "eps_avg_yearly": 1.19,
            "eps_latest_yearly": 1.08,
            "eps_growth_yearly": 365.4
        },
        "20231": {
            "year_quarter": 20231,
            "year": 2023,
            "quarter": 1,
            "eps": 0.3,
            "eps_growth_year": -31.82,
            "eps_4q": 1.48,
            "eps_4q_growth_year": 98.44,
            "roe": 1.91,
            "roe_4q": 9.54,
            "gross_profit": 79142,
            "gross_margin": 23.47,
            "gross_margin_4q_avg": 22.39,
            "net_income": 30530,
            "net_income_4q": null,
            "revenue": 337235,
            "revenue_4q": null,
            "common_shares": 1030865,
            "book_valuer_per_share": 15.21,
            "book_valuer_per_share_4q_avg": 15.56,
            "equity": 1557057,
            "current_ratio": 183.86,
            "debt_ratio": 42.98,
            "inventory_turnover_ratio": 0.48,
            "account_receivable_turnover_ratio": 0.84,
            "reinvestment_rate": -131.72,
            "research_to_sale_ratio": 4.29,
            "price_fair": 41.53,
            "eps_avg_yearly": 1.19,
            "eps_latest_yearly": 1.2,
            "eps_growth_yearly": 329.74
        },
        "20232": {
            "year_quarter": 20232,
            "year": 2023,
            "quarter": 2,
            "eps": 0.52,
            "eps_growth_year": 18.18,
            "eps_4q": 1.55,
            "eps_4q_growth_year": 24.42,
            "roe": 3.36,
            "roe_4q": 9.969999999999999,
            "gross_profit": 134862,
            "gross_margin": 38.76,
            "gross_margin_4q_avg": 26.2,
            "net_income": 53184,
            "net_income_4q": null,
            "revenue": 347950,
            "revenue_4q": null,
            "common_shares": 1030865,
            "book_valuer_per_share": 15.68,
            "book_valuer_per_share_4q_avg": 15.67,
            "equity": 1604807,
            "current_ratio": 239.13,
            "debt_ratio": 40.15,
            "inventory_turnover_ratio": 0.46,
            "account_receivable_turnover_ratio": 1.11,
            "reinvestment_rate": -170.42,
            "research_to_sale_ratio": 3.19,
            "price_fair": 46.36,
            "eps_avg_yearly": 1.32,
            "eps_latest_yearly": 2.08,
            "eps_growth_yearly": 360.11
        },
        "20233": {
            "year_quarter": 20233,
            "year": 2023,
            "quarter": 3,
            "eps": 2.21,
            "eps_growth_year": 370.21,
            "eps_4q": 3.3,
            "eps_4q_growth_year": 104.25,
            "roe": 13.24,
            "roe_4q": 20.19,
            "gross_profit": 100851,
            "gross_margin": 32.97,
            "gross_margin_4q_avg": 29.36,
            "net_income": 226686,
            "net_income_4q": null,
            "revenue": 305872,
            "revenue_4q": null,
            "common_shares": 1030865,
            "book_valuer_per_share": 17.79,
            "book_valuer_per_share_4q_avg": 16.17,
            "equity": 1820671,
            "current_ratio": 294.37,
            "debt_ratio": 33.57,
            "inventory_turnover_ratio": 0.52,
            "account_receivable_turnover_ratio": 1.14,
            "reinvestment_rate": -89.74,
            "research_to_sale_ratio": 4.33,
            "price_fair": 72.66,
            "eps_avg_yearly": 2.08,
            "eps_latest_yearly": 8.84,
            "eps_growth_yearly": 454.1
        }
    },
    "months": {
        "2004-06": {
            "month": "2004-06",
            "price": "25.34",
            "revenue": 58699
        },
        "2004-07": {
            "month": "2004-07",
            "price": "25.02",
            "revenue": 56560
        },
        "2004-08": {
            "month": "2004-08",
            "price": "20.00",
            "revenue": 57923
        },
        "2004-09": {
            "month": "2004-09",
            "price": "19.00",
            "revenue": 53839
        },
        "2004-10": {
            "month": "2004-10",
            "price": "17.08",
            "revenue": 54759
        },
        "2004-11": {
            "month": "2004-11",
            "price": "14.97",
            "revenue": 53655
        },
        "2004-12": {
            "month": "2004-12",
            "price": "15.45",
            "revenue": 68247
        },
        "2005-01": {
            "month": "2005-01",
            "price": "12.99",
            "revenue": 65029
        },
        "2005-02": {
            "month": "2005-02",
            "price": "13.10",
            "revenue": 45752
        },
        "2005-03": {
            "month": "2005-03",
            "price": "13.48",
            "revenue": 55769
        },
        "2005-04": {
            "month": "2005-04",
            "price": "14.32",
            "revenue": 60562
        },
        "2005-05": {
            "month": "2005-05",
            "price": "15.04",
            "revenue": 71347
        },
        "2005-06": {
            "month": "2005-06",
            "price": "15.49",
            "revenue": 70368
        },
        "2005-07": {
            "month": "2005-07",
            "price": "16.57",
            "revenue": 61011
        },
        "2005-08": {
            "month": "2005-08",
            "price": "16.64",
            "revenue": 55740
        },
        "2005-09": {
            "month": "2005-09",
            "price": "17.49",
            "revenue": 60302
        },
        "2005-10": {
            "month": "2005-10",
            "price": "16.94",
            "revenue": 61798
        },
        "2005-11": {
            "month": "2005-11",
            "price": "16.98",
            "revenue": 56224
        },
        "2005-12": {
            "month": "2005-12",
            "price": "17.81",
            "revenue": 70048
        },
        "2006-01": {
            "month": "2006-01",
            "price": "19.75",
            "revenue": 46343
        },
        "2006-02": {
            "month": "2006-02",
            "price": "24.40",
            "revenue": 43517
        },
        "2006-03": {
            "month": "2006-03",
            "price": "21.58",
            "revenue": 51592
        },
        "2006-04": {
            "month": "2006-04",
            "price": "22.95",
            "revenue": 61749
        },
        "2006-05": {
            "month": "2006-05",
            "price": "23.82",
            "revenue": 64999
        },
        "2006-06": {
            "month": "2006-06",
            "price": "21.40",
            "revenue": 60004
        },
        "2006-07": {
            "month": "2006-07",
            "price": "19.07",
            "revenue": 60937
        },
        "2006-08": {
            "month": "2006-08",
            "price": "18.68",
            "revenue": 69129
        },
        "2006-09": {
            "month": "2006-09",
            "price": "18.61",
            "revenue": 67633
        },
        "2006-10": {
            "month": "2006-10",
            "price": "18.02",
            "revenue": 67070
        },
        "2006-11": {
            "month": "2006-11",
            "price": "17.79",
            "revenue": 67094
        },
        "2006-12": {
            "month": "2006-12",
            "price": "17.94",
            "revenue": 56002
        },
        "2007-01": {
            "month": "2007-01",
            "price": "17.56",
            "revenue": 67314
        },
        "2007-02": {
            "month": "2007-02",
            "price": "17.31",
            "revenue": 51877
        },
        "2007-03": {
            "month": "2007-03",
            "price": "17.53",
            "revenue": 77071
        },
        "2007-04": {
            "month": "2007-04",
            "price": "21.05",
            "revenue": 73715
        },
        "2007-05": {
            "month": "2007-05",
            "price": "21.22",
            "revenue": 91144
        },
        "2007-06": {
            "month": "2007-06",
            "price": "25.87",
            "revenue": 83463
        },
        "2007-07": {
            "month": "2007-07",
            "price": "28.54",
            "revenue": 59941
        },
        "2007-08": {
            "month": "2007-08",
            "price": "26.65",
            "revenue": 80984
        },
        "2007-09": {
            "month": "2007-09",
            "price": "25.46",
            "revenue": 89963
        },
        "2007-10": {
            "month": "2007-10",
            "price": "27.84",
            "revenue": 82265
        },
        "2007-11": {
            "month": "2007-11",
            "price": "26.14",
            "revenue": 79484
        },
        "2007-12": {
            "month": "2007-12",
            "price": "23.88",
            "revenue": 74039
        },
        "2008-01": {
            "month": "2008-01",
            "price": "22.59",
            "revenue": 88239
        },
        "2008-02": {
            "month": "2008-02",
            "price": "20.56",
            "revenue": 57994
        },
        "2008-03": {
            "month": "2008-03",
            "price": "20.24",
            "revenue": 71966
        },
        "2008-04": {
            "month": "2008-04",
            "price": "20.31",
            "revenue": 98366
        },
        "2008-05": {
            "month": "2008-05",
            "price": "19.90",
            "revenue": 81134
        },
        "2008-06": {
            "month": "2008-06",
            "price": "19.43",
            "revenue": 54796
        },
        "2008-07": {
            "month": "2008-07",
            "price": "18.00",
            "revenue": 80593
        },
        "2008-08": {
            "month": "2008-08",
            "price": "18.79",
            "revenue": 79110
        },
        "2008-09": {
            "month": "2008-09",
            "price": "16.54",
            "revenue": 97915
        },
        "2008-10": {
            "month": "2008-10",
            "price": "16.15",
            "revenue": 81327
        },
        "2008-11": {
            "month": "2008-11",
            "price": "13.47",
            "revenue": 86401
        },
        "2008-12": {
            "month": "2008-12",
            "price": "10.31",
            "revenue": 119657
        },
        "2009-01": {
            "month": "2009-01",
            "price": "10.08",
            "revenue": 61642
        },
        "2009-02": {
            "month": "2009-02",
            "price": "10.15",
            "revenue": 61226
        },
        "2009-03": {
            "month": "2009-03",
            "price": "10.04",
            "revenue": 69340
        },
        "2009-04": {
            "month": "2009-04",
            "price": "9.70",
            "revenue": 66626
        },
        "2009-05": {
            "month": "2009-05",
            "price": "9.52",
            "revenue": 34367
        },
        "2009-06": {
            "month": "2009-06",
            "price": "9.61",
            "revenue": 32449
        },
        "2009-07": {
            "month": "2009-07",
            "price": "9.74",
            "revenue": 68726
        },
        "2009-08": {
            "month": "2009-08",
            "price": "10.41",
            "revenue": 56211
        },
        "2009-09": {
            "month": "2009-09",
            "price": "10.00",
            "revenue": 74299
        },
        "2009-10": {
            "month": "2009-10",
            "price": "9.89",
            "revenue": 68958
        },
        "2009-11": {
            "month": "2009-11",
            "price": "9.93",
            "revenue": 57248
        },
        "2009-12": {
            "month": "2009-12",
            "price": "9.76",
            "revenue": 63103
        },
        "2010-01": {
            "month": "2010-01",
            "price": "9.99",
            "revenue": 107241
        },
        "2010-02": {
            "month": "2010-02",
            "price": "10.04",
            "revenue": 67147
        },
        "2010-03": {
            "month": "2010-03",
            "price": "10.01",
            "revenue": 86538
        },
        "2010-04": {
            "month": "2010-04",
            "price": "12.45",
            "revenue": 74819
        },
        "2010-05": {
            "month": "2010-05",
            "price": "12.09",
            "revenue": 91362
        },
        "2010-06": {
            "month": "2010-06",
            "price": "11.78",
            "revenue": 60069
        },
        "2010-07": {
            "month": "2010-07",
            "price": "11.38",
            "revenue": 128911
        },
        "2010-08": {
            "month": "2010-08",
            "price": "11.94",
            "revenue": 103450
        },
        "2010-09": {
            "month": "2010-09",
            "price": "13.88",
            "revenue": 107384
        },
        "2010-10": {
            "month": "2010-10",
            "price": "13.58",
            "revenue": 126648
        },
        "2010-11": {
            "month": "2010-11",
            "price": "13.08",
            "revenue": 115951
        },
        "2010-12": {
            "month": "2010-12",
            "price": "11.78",
            "revenue": 115374
        },
        "2011-01": {
            "month": "2011-01",
            "price": "11.46",
            "revenue": 106390
        },
        "2011-02": {
            "month": "2011-02",
            "price": "11.05",
            "revenue": 80834
        },
        "2011-03": {
            "month": "2011-03",
            "price": "10.34",
            "revenue": 126239
        },
        "2011-04": {
            "month": "2011-04",
            "price": "9.04",
            "revenue": 121779
        },
        "2011-05": {
            "month": "2011-05",
            "price": "9.04",
            "revenue": 98274
        },
        "2011-06": {
            "month": "2011-06",
            "price": "9.30",
            "revenue": 121989
        },
        "2011-07": {
            "month": "2011-07",
            "price": "9.13",
            "revenue": 113402
        },
        "2011-08": {
            "month": "2011-08",
            "price": "9.14",
            "revenue": 142544
        },
        "2011-09": {
            "month": "2011-09",
            "price": "9.26",
            "revenue": 122711
        },
        "2011-10": {
            "month": "2011-10",
            "price": "9.32",
            "revenue": 134335
        },
        "2011-11": {
            "month": "2011-11",
            "price": "9.16",
            "revenue": 126124
        },
        "2011-12": {
            "month": "2011-12",
            "price": "9.09",
            "revenue": 149466
        },
        "2012-01": {
            "month": "2012-01",
            "price": "9.25",
            "revenue": 122440
        },
        "2012-02": {
            "month": "2012-02",
            "price": "9.76",
            "revenue": 121998
        },
        "2012-03": {
            "month": "2012-03",
            "price": "9.80",
            "revenue": 114164
        },
        "2012-04": {
            "month": "2012-04",
            "price": "9.64",
            "revenue": 137384
        },
        "2012-05": {
            "month": "2012-05",
            "price": "9.74",
            "revenue": 121879
        },
        "2012-06": {
            "month": "2012-06",
            "price": "10.17",
            "revenue": 111690
        },
        "2012-07": {
            "month": "2012-07",
            "price": "10.33",
            "revenue": 116405
        },
        "2012-08": {
            "month": "2012-08",
            "price": "10.13",
            "revenue": 125296
        },
        "2012-09": {
            "month": "2012-09",
            "price": "10.38",
            "revenue": 124806
        },
        "2012-10": {
            "month": "2012-10",
            "price": "10.72",
            "revenue": 123656
        },
        "2012-11": {
            "month": "2012-11",
            "price": "10.94",
            "revenue": 123544
        },
        "2012-12": {
            "month": "2012-12",
            "price": "11.89",
            "revenue": 121183
        },
        "2013-01": {
            "month": "2013-01",
            "price": "12.92",
            "revenue": 177149
        },
        "2013-02": {
            "month": "2013-02",
            "price": "12.75",
            "revenue": 118098
        },
        "2013-03": {
            "month": "2013-03",
            "price": "12.86",
            "revenue": 141984
        },
        "2013-04": {
            "month": "2013-04",
            "price": "12.18",
            "revenue": 130318
        },
        "2013-05": {
            "month": "2013-05",
            "price": "11.17",
            "revenue": 140430
        },
        "2013-06": {
            "month": "2013-06",
            "price": "10.77",
            "revenue": 149377
        },
        "2013-07": {
            "month": "2013-07",
            "price": "10.66",
            "revenue": 152759
        },
        "2013-08": {
            "month": "2013-08",
            "price": "11.45",
            "revenue": 150239
        },
        "2013-09": {
            "month": "2013-09",
            "price": "11.49",
            "revenue": 164904
        },
        "2013-10": {
            "month": "2013-10",
            "price": "11.62",
            "revenue": 158084
        },
        "2013-11": {
            "month": "2013-11",
            "price": "11.84",
            "revenue": 167216
        },
        "2013-12": {
            "month": "2013-12",
            "price": "18.23",
            "revenue": 167861
        },
        "2014-01": {
            "month": "2014-01",
            "price": "19.81",
            "revenue": 185760
        },
        "2014-02": {
            "month": "2014-02",
            "price": "24.76",
            "revenue": 160690
        },
        "2014-03": {
            "month": "2014-03",
            "price": "26.02",
            "revenue": 177781
        },
        "2014-04": {
            "month": "2014-04",
            "price": "30.17",
            "revenue": 199316
        },
        "2014-05": {
            "month": "2014-05",
            "price": "29.39",
            "revenue": 159041
        },
        "2014-06": {
            "month": "2014-06",
            "price": "28.58",
            "revenue": 172913
        },
        "2014-07": {
            "month": "2014-07",
            "price": "27.67",
            "revenue": 178361
        },
        "2014-08": {
            "month": "2014-08",
            "price": "24.25",
            "revenue": 182549
        },
        "2014-09": {
            "month": "2014-09",
            "price": "24.13",
            "revenue": 206001
        },
        "2014-10": {
            "month": "2014-10",
            "price": "22.62",
            "revenue": 194318
        },
        "2014-11": {
            "month": "2014-11",
            "price": "20.32",
            "revenue": 206182
        },
        "2014-12": {
            "month": "2014-12",
            "price": "21.55",
            "revenue": 214735
        },
        "2015-01": {
            "month": "2015-01",
            "price": "22.12",
            "revenue": 185161
        },
        "2015-02": {
            "month": "2015-02",
            "price": "21.36",
            "revenue": 140271
        },
        "2015-03": {
            "month": "2015-03",
            "price": "19.95",
            "revenue": 210580
        },
        "2015-04": {
            "month": "2015-04",
            "price": "20.14",
            "revenue": 213928
        },
        "2015-05": {
            "month": "2015-05",
            "price": "19.35",
            "revenue": 176309
        },
        "2015-06": {
            "month": "2015-06",
            "price": "18.41",
            "revenue": 220941
        },
        "2015-07": {
            "month": "2015-07",
            "price": "17.46",
            "revenue": 198525
        },
        "2015-08": {
            "month": "2015-08",
            "price": "15.65",
            "revenue": 191115
        },
        "2015-09": {
            "month": "2015-09",
            "price": "16.21",
            "revenue": 204186
        },
        "2015-10": {
            "month": "2015-10",
            "price": "16.93",
            "revenue": 195361
        },
        "2015-11": {
            "month": "2015-11",
            "price": "18.26",
            "revenue": 212714
        },
        "2015-12": {
            "month": "2015-12",
            "price": "20.45",
            "revenue": 236872
        },
        "2016-01": {
            "month": "2016-01",
            "price": "19.80",
            "revenue": 228775
        },
        "2016-02": {
            "month": "2016-02",
            "price": "24.07",
            "revenue": 173355
        },
        "2016-03": {
            "month": "2016-03",
            "price": "25.76",
            "revenue": 228197
        },
        "2016-04": {
            "month": "2016-04",
            "price": "26.09",
            "revenue": 212877
        },
        "2016-05": {
            "month": "2016-05",
            "price": "23.21",
            "revenue": 214738
        },
        "2016-06": {
            "month": "2016-06",
            "price": "24.59",
            "revenue": 195066
        },
        "2016-07": {
            "month": "2016-07",
            "price": "25.21",
            "revenue": 244318
        },
        "2016-08": {
            "month": "2016-08",
            "price": "30.79",
            "revenue": 226712
        },
        "2016-09": {
            "month": "2016-09",
            "price": "37.19",
            "revenue": 253536
        },
        "2016-10": {
            "month": "2016-10",
            "price": "37.43",
            "revenue": 255197
        },
        "2016-11": {
            "month": "2016-11",
            "price": "31.88",
            "revenue": 273872
        },
        "2016-12": {
            "month": "2016-12",
            "price": "33.68",
            "revenue": 274932
        },
        "2017-01": {
            "month": "2017-01",
            "price": "32.71",
            "revenue": 258957
        },
        "2017-02": {
            "month": "2017-02",
            "price": "32.55",
            "revenue": 248667
        },
        "2017-03": {
            "month": "2017-03",
            "price": "31.70",
            "revenue": 306185
        },
        "2017-04": {
            "month": "2017-04",
            "price": "34.67",
            "revenue": 289107
        },
        "2017-05": {
            "month": "2017-05",
            "price": "36.29",
            "revenue": 286520
        },
        "2017-06": {
            "month": "2017-06",
            "price": "41.11",
            "revenue": 272567
        },
        "2017-07": {
            "month": "2017-07",
            "price": "41.65",
            "revenue": 266797
        },
        "2017-08": {
            "month": "2017-08",
            "price": "41.27",
            "revenue": 307659
        },
        "2017-09": {
            "month": "2017-09",
            "price": "44.93",
            "revenue": 286882
        },
        "2017-10": {
            "month": "2017-10",
            "price": "44.72",
            "revenue": 260734
        },
        "2017-11": {
            "month": "2017-11",
            "price": "37.88",
            "revenue": 303605
        },
        "2017-12": {
            "month": "2017-12",
            "price": "35.26",
            "revenue": 264920
        },
        "2018-01": {
            "month": "2018-01",
            "price": "35.13",
            "revenue": 276107
        },
        "2018-02": {
            "month": "2018-02",
            "price": "31.99",
            "revenue": 181049
        },
        "2018-03": {
            "month": "2018-03",
            "price": "32.10",
            "revenue": 287389
        },
        "2018-04": {
            "month": "2018-04",
            "price": "29.25",
            "revenue": 236913
        },
        "2018-05": {
            "month": "2018-05",
            "price": "29.85",
            "revenue": 244240
        },
        "2018-06": {
            "month": "2018-06",
            "price": "29.56",
            "revenue": 192222
        },
        "2018-07": {
            "month": "2018-07",
            "price": "26.41",
            "revenue": 213681
        },
        "2018-08": {
            "month": "2018-08",
            "price": "24.50",
            "revenue": 190942
        },
        "2018-09": {
            "month": "2018-09",
            "price": "20.66",
            "revenue": 191804
        },
        "2018-10": {
            "month": "2018-10",
            "price": "19.27",
            "revenue": 163558
        },
        "2018-11": {
            "month": "2018-11",
            "price": "18.33",
            "revenue": 161440
        },
        "2018-12": {
            "month": "2018-12",
            "price": "19.74",
            "revenue": 158088
        },
        "2019-01": {
            "month": "2019-01",
            "price": "19.00",
            "revenue": 156877
        },
        "2019-02": {
            "month": "2019-02",
            "price": "19.18",
            "revenue": 130094
        },
        "2019-03": {
            "month": "2019-03",
            "price": "19.93",
            "revenue": 168586
        },
        "2019-04": {
            "month": "2019-04",
            "price": "20.00",
            "revenue": 173325
        },
        "2019-05": {
            "month": "2019-05",
            "price": "19.44",
            "revenue": 181204
        },
        "2019-06": {
            "month": "2019-06",
            "price": "19.79",
            "revenue": 143502
        },
        "2019-07": {
            "month": "2019-07",
            "price": "20.03",
            "revenue": 191730
        },
        "2019-08": {
            "month": "2019-08",
            "price": "23.04",
            "revenue": 182042
        },
        "2019-09": {
            "month": "2019-09",
            "price": "21.68",
            "revenue": 165595
        },
        "2019-10": {
            "month": "2019-10",
            "price": "20.40",
            "revenue": 163780
        },
        "2019-11": {
            "month": "2019-11",
            "price": "19.39",
            "revenue": 171449
        },
        "2019-12": {
            "month": "2019-12",
            "price": "19.30",
            "revenue": 207760
        },
        "2020-01": {
            "month": "2020-01",
            "price": "19.11",
            "revenue": 137587
        },
        "2020-02": {
            "month": "2020-02",
            "price": "17.62",
            "revenue": 113180
        },
        "2020-03": {
            "month": "2020-03",
            "price": "14.26",
            "revenue": 150455
        },
        "2020-04": {
            "month": "2020-04",
            "price": "14.01",
            "revenue": 101256
        },
        "2020-05": {
            "month": "2020-05",
            "price": "15.17",
            "revenue": 104524
        },
        "2020-06": {
            "month": "2020-06",
            "price": "16.06",
            "revenue": 132832
        },
        "2020-07": {
            "month": "2020-07",
            "price": "15.72",
            "revenue": 154499
        },
        "2020-08": {
            "month": "2020-08",
            "price": "15.20",
            "revenue": 158701
        },
        "2020-09": {
            "month": "2020-09",
            "price": "15.84",
            "revenue": 172346
        },
        "2020-10": {
            "month": "2020-10",
            "price": "16.68",
            "revenue": 176727
        },
        "2020-11": {
            "month": "2020-11",
            "price": "18.46",
            "revenue": 179703
        },
        "2020-12": {
            "month": "2020-12",
            "price": "22.19",
            "revenue": 175969
        },
        "2021-01": {
            "month": "2021-01",
            "price": "28.15",
            "revenue": 157429
        },
        "2021-02": {
            "month": "2021-02",
            "price": "27.36",
            "revenue": 147796
        },
        "2021-03": {
            "month": "2021-03",
            "price": "29.63",
            "revenue": 164783
        },
        "2021-04": {
            "month": "2021-04",
            "price": "32.80",
            "revenue": 155613
        },
        "2021-05": {
            "month": "2021-05",
            "price": "25.67",
            "revenue": 120537
        },
        "2021-06": {
            "month": "2021-06",
            "price": "25.98",
            "revenue": 154483
        },
        "2021-07": {
            "month": "2021-07",
            "price": "27.83",
            "revenue": 149174
        },
        "2021-08": {
            "month": "2021-08",
            "price": "24.35",
            "revenue": 161997
        },
        "2021-09": {
            "month": "2021-09",
            "price": "21.92",
            "revenue": 143121
        },
        "2021-10": {
            "month": "2021-10",
            "price": "21.20",
            "revenue": 155992
        },
        "2021-11": {
            "month": "2021-11",
            "price": "21.95",
            "revenue": 153240
        },
        "2021-12": {
            "month": "2021-12",
            "price": "21.48",
            "revenue": 161655
        },
        "2022-01": {
            "month": "2022-01",
            "price": "21.90",
            "revenue": 179206
        },
        "2022-02": {
            "month": "2022-02",
            "price": "21.27",
            "revenue": 139912
        },
        "2022-03": {
            "month": "2022-03",
            "price": "20.34",
            "revenue": 179859
        },
        "2022-04": {
            "month": "2022-04",
            "price": "20.28",
            "revenue": 129939
        },
        "2022-05": {
            "month": "2022-05",
            "price": "21.52",
            "revenue": 174087
        },
        "2022-06": {
            "month": "2022-06",
            "price": "25.58",
            "revenue": 161013
        },
        "2022-07": {
            "month": "2022-07",
            "price": "26.21",
            "revenue": 153467
        },
        "2022-08": {
            "month": "2022-08",
            "price": "29.03",
            "revenue": 133799
        },
        "2022-09": {
            "month": "2022-09",
            "price": "27.10",
            "revenue": 149552
        },
        "2022-10": {
            "month": "2022-10",
            "price": "23.00",
            "revenue": 124308
        },
        "2022-11": {
            "month": "2022-11",
            "price": "23.70",
            "revenue": 142258
        },
        "2022-12": {
            "month": "2022-12",
            "price": "24.00",
            "revenue": 123015
        },
        "2023-01": {
            "month": "2023-01",
            "price": "22.75",
            "revenue": 112863
        },
        "2023-02": {
            "month": "2023-02",
            "price": "24.24",
            "revenue": 101470
        },
        "2023-03": {
            "month": "2023-03",
            "price": "23.89",
            "revenue": 122170
        },
        "2023-04": {
            "month": "2023-04",
            "price": "23.86",
            "revenue": 144929
        },
        "2023-05": {
            "month": "2023-05",
            "price": "24.30",
            "revenue": 154252
        },
        "2023-06": {
            "month": "2023-06",
            "price": "26.09",
            "revenue": 145662
        },
        "2023-07": {
            "month": "2023-07",
            "price": "24.59",
            "revenue": 91176
        },
        "2023-08": {
            "month": "2023-08",
            "price": "24.75",
            "revenue": 100640
        },
        "2023-09": {
            "month": "2023-09",
            "price": "27.95",
            "revenue": 114056
        },
        "2023-10": {
            "month": "2023-10",
            "price": "32.48",
            "revenue": 121718
        },
        "2023-11": {
            "month": "2023-11",
            "price": "32.80",
            "revenue": 100387
        },
        "2023-12": {
            "month": "2023-12",
            "price": "34.40",
            "revenue": 63720
        }
    }
}
