{
    "summary": {
        "stock_name": "濱川",
        "stock_id": "1569",
        "category": "電腦及週邊設備",
        "main_business": "1.消費性電子產品,包括家庭劇院,環繞式音響及DVD之機構件等。<br>2.資訊週邊產品,包括:筆記型電腦鍵盤,印表機及LCD之機構件等。<br>3.上述產品之模具開發。",
        "website_url": "http://www.hamagawa.com",
        "ceo": "蕭欽群",
        "pe_ratio": 25,
        "report_year_from": 2003,
        "report_year_to": 2023,
        "age": 20,
        "eps_negative_percentage": 20,
        "eps_growth_avg": {
            "last_all": 8.63,
            "last_2y": 33.37,
            "last_4y": 22.69,
            "last_8y": 25.11,
            "last_12y": 3.33,
            "last_16y": 2.1,
            "last_20y": null,
            "at_2006_last_3y": null,
            "at_2007_last_3y": null,
            "at_2008_last_3y": -0.97,
            "at_2009_last_3y": -0.97,
            "at_2010_last_3y": -10.47,
            "at_2011_last_3y": 24.67,
            "at_2012_last_3y": 20.66,
            "at_2013_last_3y": -29.34,
            "at_2014_last_3y": -20.85,
            "at_2015_last_3y": -72.64,
            "at_2016_last_3y": -100,
            "at_2017_last_3y": 37.17,
            "at_2018_last_3y": -24.73,
            "at_2019_last_3y": 16.84,
            "at_2020_last_3y": 37.63,
            "at_2021_last_3y": 22.55,
            "at_2022_last_3y": 50.03,
            "at_2023_last_3y": 50.03,
            "at_2006_last_all": 41.57,
            "at_2007_last_all": 8.45,
            "at_2008_last_all": -0.97,
            "at_2009_last_all": 19.22,
            "at_2010_last_all": 6.88,
            "at_2011_last_all": 17.72,
            "at_2012_last_all": 9.84,
            "at_2013_last_all": -2.36,
            "at_2014_last_all": -2.36,
            "at_2015_last_all": -2.36,
            "at_2016_last_all": -2.36,
            "at_2017_last_all": 1.59,
            "at_2018_last_all": -6.43,
            "at_2019_last_all": 2.44,
            "at_2020_last_all": 9.94,
            "at_2021_last_all": 7.58,
            "at_2022_last_all": 8.63,
            "at_2023_last_all": 8.63
        },
        "latest_eps": 0.91,
        "latest_price": 22.65,
        "latest_roe": 3.58,
        "latest_gross_margin": 1.72,
        "latest_equity": 3556377,
        "latest_revenue": 873549,
        "latest_gross_profit": 14989,
        "latest_net_income": -129335,
        "latest_debt_ratio": 49.02,
        "latest_current_ratio": 131.82,
        "latest_account_receivable_turnover_ratio": 0.59,
        "latest_inventory_turnover_ratio": 0.84,
        "latest_reinvestment_rate": -15.31,
        "latest_research_to_sale_ratio": 5.35
    },
    "eps_dividends": {
        "2001": {
            "cash": 0,
            "stock": 0,
            "eps": 0
        },
        "2002": {
            "cash": 0,
            "stock": 0,
            "eps": 0
        },
        "2003": {
            "cash": 0,
            "stock": 0,
            "eps": 0
        },
        "2004": {
            "cash": 1,
            "stock": 1,
            "eps": 1.97
        },
        "2005": {
            "cash": 1,
            "stock": 1,
            "eps": 4.39
        },
        "2006": {
            "cash": 1,
            "stock": 1,
            "eps": 3.65
        },
        "2007": {
            "cash": 2,
            "stock": 1,
            "eps": 1.54
        },
        "2008": {
            "cash": 1,
            "stock": 1,
            "eps": 1.09
        },
        "2009": {
            "cash": 0,
            "stock": 0,
            "eps": 3.72
        },
        "2010": {
            "cash": 2,
            "stock": 0,
            "eps": 1.68
        },
        "2011": {
            "cash": 1,
            "stock": 0,
            "eps": 3.07
        },
        "2012": {
            "cash": 2,
            "stock": 0,
            "eps": 1.68
        },
        "2013": {
            "cash": 0,
            "stock": 1,
            "eps": -0.48
        },
        "2014": {
            "cash": 0,
            "stock": 0,
            "eps": -0.79
        },
        "2015": {
            "cash": 0,
            "stock": 0,
            "eps": -3.65
        },
        "2016": {
            "cash": 0,
            "stock": 0,
            "eps": 1.91
        },
        "2017": {
            "cash": 0,
            "stock": 0,
            "eps": 2.62
        },
        "2018": {
            "cash": 1,
            "stock": 0,
            "eps": 0.35
        },
        "2019": {
            "cash": 0,
            "stock": 0,
            "eps": 1
        },
        "2020": {
            "cash": 0,
            "stock": 0,
            "eps": 3.41
        },
        "2021": {
            "cash": 2,
            "stock": 0,
            "eps": 2.62
        },
        "2022": {
            "cash": 2,
            "stock": 0,
            "eps": 3.23
        },
        "2023": {
            "cash": 2,
            "stock": 0,
            "eps": -1.11
        }
    },
    "dividends": {
        "2004-03-24": {
            "cash": 1,
            "stock": 1
        },
        "2005-04-07": {
            "cash": 1,
            "stock": 0.5
        },
        "2006-03-31": {
            "cash": 1,
            "stock": 1
        },
        "2007-03-15": {
            "cash": 1.5,
            "stock": 0.8
        },
        "2008-03-28": {
            "cash": 0.62,
            "stock": 0.62
        },
        "2009-03-31": {
            "cash": 0.3,
            "stock": 0.3
        },
        "2010-03-29": {
            "cash": 1.89,
            "stock": 0.1
        },
        "2011-04-06": {
            "cash": 0.76,
            "stock": 0.09
        },
        "2012-03-09": {
            "cash": 1.8,
            "stock": 0
        },
        "2013-06-20": {
            "cash": 0.2,
            "stock": 0.6
        },
        "2017-10-12": {
            "cash": 0.4,
            "stock": 0
        },
        "2018-10-12": {
            "cash": 0.6,
            "stock": 0
        },
        "2019-10-18": {
            "cash": 0.25,
            "stock": 0
        },
        "2020-09-23": {
            "cash": 0.3,
            "stock": 0
        },
        "2021-10-22": {
            "cash": 1.5,
            "stock": 0
        },
        "2022-09-02": {
            "cash": 1.6,
            "stock": 0
        },
        "2023-03-27": {
            "cash": 2,
            "stock": 0
        }
    },
    "prices": {
        "200101": "無",
        "200102": "無",
        "200103": "無",
        "200104": "無",
        "200105": "無",
        "200106": "無",
        "200107": "無",
        "200108": "無",
        "200109": "無",
        "200110": "無",
        "200111": "無",
        "200112": "無",
        "200201": "無",
        "200202": "無",
        "200203": "無",
        "200204": "無",
        "200205": "無",
        "200206": "無",
        "200207": "無",
        "200208": "無",
        "200209": "無",
        "200210": "無",
        "200211": "無",
        "200212": "無",
        "200301": "無",
        "200302": "無",
        "200303": "無",
        "200304": "無",
        "200305": "無",
        "200306": "無",
        "200307": "無",
        "200308": "無",
        "200309": "無",
        "200310": "無",
        "200311": "無",
        "200312": "無",
        "200401": "無",
        "200402": "無",
        "200403": "無",
        "200404": "無",
        "200405": "無",
        "200406": "無",
        "200407": "43.37",
        "200408": "45.17",
        "200409": "36.51",
        "200410": "34.44",
        "200411": "38.70",
        "200412": "42.66",
        "200501": "42.66",
        "200502": "42.88",
        "200503": "41.08",
        "200504": "無",
        "200505": "37.50",
        "200506": "36.09",
        "200507": "29.95",
        "200508": "38.61",
        "200509": "33.15",
        "200510": "29.23",
        "200511": "29.16",
        "200512": "34.51",
        "200601": "35.31",
        "200602": "34.39",
        "200603": "33.60",
        "200604": "33.37",
        "200605": "34.70",
        "200606": "32.45",
        "200607": "32.43",
        "200608": "32.11",
        "200609": "31.70",
        "200610": "29.69",
        "200611": "29.23",
        "200612": "31.59",
        "200701": "31.71",
        "200702": "32.30",
        "200703": "34.03",
        "200704": "36.72",
        "200705": "33.40",
        "200706": "34.10",
        "200707": "35.34",
        "200708": "31.59",
        "200709": "27.68",
        "200710": "26.57",
        "200711": "24.83",
        "200712": "23.30",
        "200801": "22.48",
        "200802": "23.59",
        "200803": "24.35",
        "200804": "22.99",
        "200805": "22.64",
        "200806": "22.39",
        "200807": "22.25",
        "200808": "22.58",
        "200809": "20.44",
        "200810": "15.35",
        "200811": "13.94",
        "200812": "12.76",
        "200901": "12.39",
        "200902": "12.23",
        "200903": "13.21",
        "200904": "16.04",
        "200905": "17.29",
        "200906": "16.82",
        "200907": "17.68",
        "200908": "21.28",
        "200909": "28.93",
        "200910": "36.01",
        "200911": "38.83",
        "200912": "38.88",
        "201001": "42.32",
        "201002": "46.38",
        "201003": "56.88",
        "201004": "66.09",
        "201005": "59.38",
        "201006": "59.30",
        "201007": "59.59",
        "201008": "51.75",
        "201009": "46.08",
        "201010": "42.52",
        "201011": "35.11",
        "201012": "38.17",
        "201101": "37.76",
        "201102": "37.88",
        "201103": "38.41",
        "201104": "43.06",
        "201105": "40.90",
        "201106": "47.17",
        "201107": "50.32",
        "201108": "60.00",
        "201109": "56.18",
        "201110": "52.54",
        "201111": "60.42",
        "201112": "54.73",
        "201201": "55.45",
        "201202": "71.82",
        "201203": "72.73",
        "201204": "69.86",
        "201205": "67.66",
        "201206": "59.56",
        "201207": "54.70",
        "201208": "48.02",
        "201209": "47.91",
        "201210": "41.36",
        "201211": "36.46",
        "201212": "37.33",
        "201301": "35.54",
        "201302": "37.09",
        "201303": "39.39",
        "201304": "34.90",
        "201305": "31.28",
        "201306": "30.02",
        "201307": "27.40",
        "201308": "26.16",
        "201309": "25.82",
        "201310": "25.93",
        "201311": "22.75",
        "201312": "21.67",
        "201401": "22.44",
        "201402": "21.11",
        "201403": "24.22",
        "201404": "23.35",
        "201405": "20.69",
        "201406": "20.67",
        "201407": "21.31",
        "201408": "20.91",
        "201409": "22.31",
        "201410": "22.54",
        "201411": "21.61",
        "201412": "21.09",
        "201501": "22.48",
        "201502": "21.80",
        "201503": "21.30",
        "201504": "18.82",
        "201505": "16.72",
        "201506": "13.62",
        "201507": "12.10",
        "201508": "8.74",
        "201509": "8.97",
        "201510": "10.64",
        "201511": "10.93",
        "201512": "10.73",
        "201601": "9.63",
        "201602": "9.33",
        "201603": "9.90",
        "201604": "9.74",
        "201605": "9.31",
        "201606": "9.32",
        "201607": "12.05",
        "201608": "17.46",
        "201609": "20.92",
        "201610": "21.77",
        "201611": "29.15",
        "201612": "31.60",
        "201701": "30.32",
        "201702": "28.74",
        "201703": "28.20",
        "201704": "32.56",
        "201705": "38.28",
        "201706": "37.27",
        "201707": "41.80",
        "201708": "39.76",
        "201709": "38.75",
        "201710": "39.47",
        "201711": "36.77",
        "201712": "38.51",
        "201801": "42.17",
        "201802": "37.51",
        "201803": "36.80",
        "201804": "32.32",
        "201805": "26.95",
        "201806": "27.75",
        "201807": "24.87",
        "201808": "19.90",
        "201809": "16.87",
        "201810": "16.29",
        "201811": "15.14",
        "201812": "13.95",
        "201901": "16.55",
        "201902": "21.07",
        "201903": "19.88",
        "201904": "20.02",
        "201905": "17.56",
        "201906": "18.33",
        "201907": "21.54",
        "201908": "21.78",
        "201909": "23.13",
        "201910": "22.78",
        "201911": "26.31",
        "201912": "25.93",
        "202001": "23.35",
        "202002": "18.94",
        "202003": "15.07",
        "202004": "20.53",
        "202005": "24.62",
        "202006": "25.28",
        "202007": "26.13",
        "202008": "29.43",
        "202009": "29.28",
        "202010": "27.72",
        "202011": "30.10",
        "202012": "29.27",
        "202101": "27.88",
        "202102": "28.73",
        "202103": "30.40",
        "202104": "30.67",
        "202105": "26.05",
        "202106": "25.38",
        "202107": "27.82",
        "202108": "26.24",
        "202109": "26.06",
        "202110": "23.45",
        "202111": "24.76",
        "202112": "25.16",
        "202201": "23.72",
        "202202": "23.11",
        "202203": "23.77",
        "202204": "26.66",
        "202205": "26.93",
        "202206": "26.68",
        "202207": "24.79",
        "202208": "26.86",
        "202209": "25.46",
        "202210": "22.90",
        "202211": "23.02",
        "202212": "22.90",
        "202301": "22.36",
        "202302": "23.79",
        "202303": "25.19",
        "202304": "24.58",
        "202305": "23.27"
    },
    "quarters": {
        "20011": {
            "year_quarter": 20011,
            "year": 2001,
            "quarter": 1,
            "eps": null,
            "eps_growth_year": null,
            "eps_4q": null,
            "eps_4q_growth_year": null,
            "roe": null,
            "roe_4q": 0,
            "gross_profit": null,
            "gross_margin": null,
            "gross_margin_4q_avg": 0,
            "net_income": null,
            "revenue": null,
            "common_shares": null,
            "book_valuer_per_share": null,
            "book_valuer_per_share_4q_avg": 0,
            "equity": null,
            "current_ratio": null,
            "debt_ratio": null,
            "inventory_turnover_ratio": null,
            "account_receivable_turnover_ratio": null,
            "reinvestment_rate": null,
            "research_to_sale_ratio": null,
            "price_fair": 0,
            "eps_avg_yearly": 0,
            "eps_latest_yearly": 0,
            "eps_growth_yearly": 0
        },
        "20012": {
            "year_quarter": 20012,
            "year": 2001,
            "quarter": 2,
            "eps": null,
            "eps_growth_year": null,
            "eps_4q": null,
            "eps_4q_growth_year": null,
            "roe": null,
            "roe_4q": 0,
            "gross_profit": null,
            "gross_margin": null,
            "gross_margin_4q_avg": 0,
            "net_income": null,
            "revenue": null,
            "common_shares": null,
            "book_valuer_per_share": null,
            "book_valuer_per_share_4q_avg": 0,
            "equity": null,
            "current_ratio": null,
            "debt_ratio": null,
            "inventory_turnover_ratio": null,
            "account_receivable_turnover_ratio": null,
            "reinvestment_rate": null,
            "research_to_sale_ratio": null,
            "price_fair": 0,
            "eps_avg_yearly": 0,
            "eps_latest_yearly": 0,
            "eps_growth_yearly": 0
        },
        "20013": {
            "year_quarter": 20013,
            "year": 2001,
            "quarter": 3,
            "eps": null,
            "eps_growth_year": null,
            "eps_4q": null,
            "eps_4q_growth_year": null,
            "roe": null,
            "roe_4q": 0,
            "gross_profit": null,
            "gross_margin": null,
            "gross_margin_4q_avg": 0,
            "net_income": null,
            "revenue": null,
            "common_shares": null,
            "book_valuer_per_share": null,
            "book_valuer_per_share_4q_avg": 0,
            "equity": null,
            "current_ratio": null,
            "debt_ratio": null,
            "inventory_turnover_ratio": null,
            "account_receivable_turnover_ratio": null,
            "reinvestment_rate": null,
            "research_to_sale_ratio": null,
            "price_fair": 0,
            "eps_avg_yearly": 0,
            "eps_latest_yearly": 0,
            "eps_growth_yearly": 0
        },
        "20014": {
            "year_quarter": 20014,
            "year": 2001,
            "quarter": 4,
            "eps": null,
            "eps_growth_year": null,
            "eps_4q": null,
            "eps_4q_growth_year": null,
            "roe": null,
            "roe_4q": 0,
            "gross_profit": null,
            "gross_margin": null,
            "gross_margin_4q_avg": 0,
            "net_income": null,
            "revenue": null,
            "common_shares": 100000,
            "book_valuer_per_share": 11.53,
            "book_valuer_per_share_4q_avg": 2.88,
            "equity": 115256,
            "current_ratio": 99.38,
            "debt_ratio": 68.27,
            "inventory_turnover_ratio": null,
            "account_receivable_turnover_ratio": null,
            "reinvestment_rate": null,
            "research_to_sale_ratio": null,
            "price_fair": 0,
            "eps_avg_yearly": 0,
            "eps_latest_yearly": 0,
            "eps_growth_yearly": 0
        },
        "20021": {
            "year_quarter": 20021,
            "year": 2002,
            "quarter": 1,
            "eps": null,
            "eps_growth_year": null,
            "eps_4q": null,
            "eps_4q_growth_year": null,
            "roe": null,
            "roe_4q": 0,
            "gross_profit": null,
            "gross_margin": null,
            "gross_margin_4q_avg": 0,
            "net_income": null,
            "revenue": null,
            "common_shares": null,
            "book_valuer_per_share": null,
            "book_valuer_per_share_4q_avg": 2.88,
            "equity": null,
            "current_ratio": null,
            "debt_ratio": null,
            "inventory_turnover_ratio": null,
            "account_receivable_turnover_ratio": null,
            "reinvestment_rate": null,
            "research_to_sale_ratio": null,
            "price_fair": 0,
            "eps_avg_yearly": 0,
            "eps_latest_yearly": 0,
            "eps_growth_yearly": 0
        },
        "20022": {
            "year_quarter": 20022,
            "year": 2002,
            "quarter": 2,
            "eps": null,
            "eps_growth_year": null,
            "eps_4q": null,
            "eps_4q_growth_year": null,
            "roe": null,
            "roe_4q": 0,
            "gross_profit": null,
            "gross_margin": null,
            "gross_margin_4q_avg": 0,
            "net_income": null,
            "revenue": null,
            "common_shares": null,
            "book_valuer_per_share": null,
            "book_valuer_per_share_4q_avg": 2.88,
            "equity": null,
            "current_ratio": null,
            "debt_ratio": null,
            "inventory_turnover_ratio": null,
            "account_receivable_turnover_ratio": null,
            "reinvestment_rate": null,
            "research_to_sale_ratio": null,
            "price_fair": 0,
            "eps_avg_yearly": 0,
            "eps_latest_yearly": 0,
            "eps_growth_yearly": 0
        },
        "20023": {
            "year_quarter": 20023,
            "year": 2002,
            "quarter": 3,
            "eps": null,
            "eps_growth_year": null,
            "eps_4q": null,
            "eps_4q_growth_year": null,
            "roe": null,
            "roe_4q": 0,
            "gross_profit": null,
            "gross_margin": null,
            "gross_margin_4q_avg": 0,
            "net_income": null,
            "revenue": null,
            "common_shares": null,
            "book_valuer_per_share": null,
            "book_valuer_per_share_4q_avg": 2.88,
            "equity": null,
            "current_ratio": null,
            "debt_ratio": null,
            "inventory_turnover_ratio": null,
            "account_receivable_turnover_ratio": null,
            "reinvestment_rate": null,
            "research_to_sale_ratio": null,
            "price_fair": 0,
            "eps_avg_yearly": 0,
            "eps_latest_yearly": 0,
            "eps_growth_yearly": 0
        },
        "20024": {
            "year_quarter": 20024,
            "year": 2002,
            "quarter": 4,
            "eps": null,
            "eps_growth_year": null,
            "eps_4q": null,
            "eps_4q_growth_year": null,
            "roe": null,
            "roe_4q": 0,
            "gross_profit": null,
            "gross_margin": null,
            "gross_margin_4q_avg": 0,
            "net_income": null,
            "revenue": null,
            "common_shares": 290000,
            "book_valuer_per_share": 12,
            "book_valuer_per_share_4q_avg": 3,
            "equity": 348050,
            "current_ratio": 90.51,
            "debt_ratio": 65.82,
            "inventory_turnover_ratio": null,
            "account_receivable_turnover_ratio": null,
            "reinvestment_rate": null,
            "research_to_sale_ratio": null,
            "price_fair": 0,
            "eps_avg_yearly": 0,
            "eps_latest_yearly": 0,
            "eps_growth_yearly": 0
        },
        "20031": {
            "year_quarter": 20031,
            "year": 2003,
            "quarter": 1,
            "eps": null,
            "eps_growth_year": null,
            "eps_4q": null,
            "eps_4q_growth_year": null,
            "roe": null,
            "roe_4q": 0,
            "gross_profit": null,
            "gross_margin": null,
            "gross_margin_4q_avg": 0,
            "net_income": null,
            "revenue": null,
            "common_shares": null,
            "book_valuer_per_share": null,
            "book_valuer_per_share_4q_avg": 3,
            "equity": null,
            "current_ratio": null,
            "debt_ratio": null,
            "inventory_turnover_ratio": null,
            "account_receivable_turnover_ratio": null,
            "reinvestment_rate": null,
            "research_to_sale_ratio": null,
            "price_fair": 0,
            "eps_avg_yearly": 0,
            "eps_latest_yearly": 0,
            "eps_growth_yearly": 0
        },
        "20032": {
            "year_quarter": 20032,
            "year": 2003,
            "quarter": 2,
            "eps": null,
            "eps_growth_year": null,
            "eps_4q": null,
            "eps_4q_growth_year": null,
            "roe": null,
            "roe_4q": 0,
            "gross_profit": null,
            "gross_margin": null,
            "gross_margin_4q_avg": 0,
            "net_income": null,
            "revenue": null,
            "common_shares": null,
            "book_valuer_per_share": null,
            "book_valuer_per_share_4q_avg": 3,
            "equity": null,
            "current_ratio": null,
            "debt_ratio": null,
            "inventory_turnover_ratio": null,
            "account_receivable_turnover_ratio": null,
            "reinvestment_rate": null,
            "research_to_sale_ratio": null,
            "price_fair": 0,
            "eps_avg_yearly": 0,
            "eps_latest_yearly": 0,
            "eps_growth_yearly": 0
        },
        "20033": {
            "year_quarter": 20033,
            "year": 2003,
            "quarter": 3,
            "eps": null,
            "eps_growth_year": null,
            "eps_4q": null,
            "eps_4q_growth_year": null,
            "roe": null,
            "roe_4q": 0,
            "gross_profit": null,
            "gross_margin": null,
            "gross_margin_4q_avg": 0,
            "net_income": null,
            "revenue": null,
            "common_shares": null,
            "book_valuer_per_share": null,
            "book_valuer_per_share_4q_avg": 3,
            "equity": null,
            "current_ratio": null,
            "debt_ratio": null,
            "inventory_turnover_ratio": null,
            "account_receivable_turnover_ratio": null,
            "reinvestment_rate": null,
            "research_to_sale_ratio": null,
            "price_fair": 0,
            "eps_avg_yearly": 0,
            "eps_latest_yearly": 0,
            "eps_growth_yearly": 0
        },
        "20034": {
            "year_quarter": 20034,
            "year": 2003,
            "quarter": 4,
            "eps": null,
            "eps_growth_year": null,
            "eps_4q": null,
            "eps_4q_growth_year": null,
            "roe": null,
            "roe_4q": 0,
            "gross_profit": null,
            "gross_margin": null,
            "gross_margin_4q_avg": 0,
            "net_income": null,
            "revenue": null,
            "common_shares": 340000,
            "book_valuer_per_share": 15.82,
            "book_valuer_per_share_4q_avg": 3.96,
            "equity": 537904,
            "current_ratio": 118.65,
            "debt_ratio": 55.54,
            "inventory_turnover_ratio": null,
            "account_receivable_turnover_ratio": null,
            "reinvestment_rate": null,
            "research_to_sale_ratio": null,
            "price_fair": 0,
            "eps_avg_yearly": 0,
            "eps_latest_yearly": 0,
            "eps_growth_yearly": 0
        },
        "20041": {
            "year_quarter": 20041,
            "year": 2004,
            "quarter": 1,
            "eps": null,
            "eps_growth_year": null,
            "eps_4q": null,
            "eps_4q_growth_year": null,
            "roe": null,
            "roe_4q": 0,
            "gross_profit": null,
            "gross_margin": null,
            "gross_margin_4q_avg": 0,
            "net_income": null,
            "revenue": null,
            "common_shares": null,
            "book_valuer_per_share": null,
            "book_valuer_per_share_4q_avg": 3.96,
            "equity": null,
            "current_ratio": null,
            "debt_ratio": null,
            "inventory_turnover_ratio": null,
            "account_receivable_turnover_ratio": null,
            "reinvestment_rate": null,
            "research_to_sale_ratio": null,
            "price_fair": 0,
            "eps_avg_yearly": 0,
            "eps_latest_yearly": 0,
            "eps_growth_yearly": 0
        },
        "20042": {
            "year_quarter": 20042,
            "year": 2004,
            "quarter": 2,
            "eps": null,
            "eps_growth_year": null,
            "eps_4q": null,
            "eps_4q_growth_year": null,
            "roe": null,
            "roe_4q": 0,
            "gross_profit": null,
            "gross_margin": null,
            "gross_margin_4q_avg": 0,
            "net_income": null,
            "revenue": null,
            "common_shares": null,
            "book_valuer_per_share": null,
            "book_valuer_per_share_4q_avg": 3.96,
            "equity": null,
            "current_ratio": null,
            "debt_ratio": null,
            "inventory_turnover_ratio": null,
            "account_receivable_turnover_ratio": null,
            "reinvestment_rate": null,
            "research_to_sale_ratio": null,
            "price_fair": 0,
            "eps_avg_yearly": 0,
            "eps_latest_yearly": 0,
            "eps_growth_yearly": 0
        },
        "20043": {
            "year_quarter": 20043,
            "year": 2004,
            "quarter": 3,
            "eps": 0.89,
            "eps_growth_year": null,
            "eps_4q": null,
            "eps_4q_growth_year": null,
            "roe": 5.95,
            "roe_4q": 5.95,
            "gross_profit": 21405,
            "gross_margin": 12.32,
            "gross_margin_4q_avg": 3.08,
            "net_income": 34034,
            "revenue": 173750,
            "common_shares": 340000,
            "book_valuer_per_share": 16.83,
            "book_valuer_per_share_4q_avg": 8.16,
            "equity": 572236,
            "current_ratio": 112.37,
            "debt_ratio": 42.81,
            "inventory_turnover_ratio": 8.76,
            "account_receivable_turnover_ratio": null,
            "reinvestment_rate": null,
            "research_to_sale_ratio": null,
            "price_fair": 0,
            "eps_avg_yearly": 0,
            "eps_latest_yearly": 0,
            "eps_growth_yearly": 0
        },
        "20044": {
            "year_quarter": 20044,
            "year": 2004,
            "quarter": 4,
            "eps": 1.08,
            "eps_growth_year": null,
            "eps_4q": null,
            "eps_4q_growth_year": null,
            "roe": 7.13,
            "roe_4q": 13.08,
            "gross_profit": 16889,
            "gross_margin": 8.67,
            "gross_margin_4q_avg": 5.25,
            "net_income": 40979,
            "revenue": 194706,
            "common_shares": 381000,
            "book_valuer_per_share": 15.17,
            "book_valuer_per_share_4q_avg": 8,
            "equity": 577787,
            "current_ratio": 127.71,
            "debt_ratio": 60.78,
            "inventory_turnover_ratio": 1.51,
            "account_receivable_turnover_ratio": null,
            "reinvestment_rate": null,
            "research_to_sale_ratio": null,
            "price_fair": 151.2,
            "eps_avg_yearly": 4.32,
            "eps_latest_yearly": 4.32,
            "eps_growth_yearly": 85.39
        },
        "20051": {
            "year_quarter": 20051,
            "year": 2005,
            "quarter": 1,
            "eps": 0.68,
            "eps_growth_year": null,
            "eps_4q": null,
            "eps_4q_growth_year": null,
            "roe": 4.38,
            "roe_4q": 17.46,
            "gross_profit": 24329,
            "gross_margin": 12.31,
            "gross_margin_4q_avg": 8.33,
            "net_income": 25870,
            "revenue": 197622,
            "common_shares": 381000,
            "book_valuer_per_share": 15.84,
            "book_valuer_per_share_4q_avg": 11.96,
            "equity": 603657,
            "current_ratio": 101.49,
            "debt_ratio": 47.13,
            "inventory_turnover_ratio": 1.47,
            "account_receivable_turnover_ratio": null,
            "reinvestment_rate": null,
            "research_to_sale_ratio": null,
            "price_fair": 10.56,
            "eps_avg_yearly": 3.52,
            "eps_latest_yearly": 2.72,
            "eps_growth_yearly": -31.38
        },
        "20052": {
            "year_quarter": 20052,
            "year": 2005,
            "quarter": 2,
            "eps": 1.08,
            "eps_growth_year": null,
            "eps_4q": 3.73,
            "eps_4q_growth_year": null,
            "roe": 6.86,
            "roe_4q": 24.32,
            "gross_profit": 25067,
            "gross_margin": 12.53,
            "gross_margin_4q_avg": 11.46,
            "net_income": 41135,
            "revenue": 200112,
            "common_shares": 381000,
            "book_valuer_per_share": 15.65,
            "book_valuer_per_share_4q_avg": 15.87,
            "equity": 596235,
            "current_ratio": 105.34,
            "debt_ratio": 50.18,
            "inventory_turnover_ratio": 10.12,
            "account_receivable_turnover_ratio": null,
            "reinvestment_rate": null,
            "research_to_sale_ratio": null,
            "price_fair": 132.53,
            "eps_avg_yearly": 3.79,
            "eps_latest_yearly": 4.32,
            "eps_growth_yearly": 57.51
        },
        "20053": {
            "year_quarter": 20053,
            "year": 2005,
            "quarter": 3,
            "eps": 0.98,
            "eps_growth_year": 10.11,
            "eps_4q": 3.57,
            "eps_4q_growth_year": null,
            "roe": 6.03,
            "roe_4q": 24.4,
            "gross_profit": 31392,
            "gross_margin": 14.26,
            "gross_margin_4q_avg": 11.94,
            "net_income": 40812,
            "revenue": 220189,
            "common_shares": 414000,
            "book_valuer_per_share": 18.32,
            "book_valuer_per_share_4q_avg": 16.25,
            "equity": 758266,
            "current_ratio": 126.28,
            "debt_ratio": 39.11,
            "inventory_turnover_ratio": 11.12,
            "account_receivable_turnover_ratio": null,
            "reinvestment_rate": null,
            "research_to_sale_ratio": null,
            "price_fair": 133.7,
            "eps_avg_yearly": 3.82,
            "eps_latest_yearly": 3.92,
            "eps_growth_yearly": 33.88
        },
        "20054": {
            "year_quarter": 20054,
            "year": 2005,
            "quarter": 4,
            "eps": 1.65,
            "eps_growth_year": 52.78,
            "eps_4q": 4.21,
            "eps_4q_growth_year": null,
            "roe": 8.74,
            "roe_4q": 26.009999999999998,
            "gross_profit": 25380,
            "gross_margin": 10.79,
            "gross_margin_4q_avg": 12.47,
            "net_income": 69605,
            "revenue": 235134,
            "common_shares": 440700,
            "book_valuer_per_share": 18.92,
            "book_valuer_per_share_4q_avg": 17.18,
            "equity": 833632,
            "current_ratio": 135.93,
            "debt_ratio": 52.92,
            "inventory_turnover_ratio": 1.53,
            "account_receivable_turnover_ratio": null,
            "reinvestment_rate": null,
            "research_to_sale_ratio": null,
            "price_fair": 153.16,
            "eps_avg_yearly": 4.38,
            "eps_latest_yearly": 6.6,
            "eps_growth_yearly": 81.79
        },
        "20061": {
            "year_quarter": 20061,
            "year": 2006,
            "quarter": 1,
            "eps": 0.71,
            "eps_growth_year": 4.41,
            "eps_4q": 4.13,
            "eps_4q_growth_year": null,
            "roe": 3.72,
            "roe_4q": 25.35,
            "gross_profit": 15159,
            "gross_margin": 10.37,
            "gross_margin_4q_avg": 11.99,
            "net_income": 31448,
            "revenue": 146234,
            "common_shares": 440700,
            "book_valuer_per_share": 19.43,
            "book_valuer_per_share_4q_avg": 18.08,
            "equity": 856490,
            "current_ratio": 126.03,
            "debt_ratio": 34.23,
            "inventory_turnover_ratio": 0.96,
            "account_receivable_turnover_ratio": null,
            "reinvestment_rate": null,
            "research_to_sale_ratio": null,
            "price_fair": 144.2,
            "eps_avg_yearly": 4.12,
            "eps_latest_yearly": 2.84,
            "eps_growth_yearly": 30.18
        },
        "20062": {
            "year_quarter": 20062,
            "year": 2006,
            "quarter": 2,
            "eps": 0.86,
            "eps_growth_year": -20.37,
            "eps_4q": 4.07,
            "eps_4q_growth_year": 9.11,
            "roe": 4.44,
            "roe_4q": 22.93,
            "gross_profit": 19103,
            "gross_margin": 9.59,
            "gross_margin_4q_avg": 11.25,
            "net_income": 38027,
            "revenue": 199179,
            "common_shares": 440700,
            "book_valuer_per_share": 19.4,
            "book_valuer_per_share_4q_avg": 19.02,
            "equity": 854901,
            "current_ratio": 111.18,
            "debt_ratio": 37.79,
            "inventory_turnover_ratio": 12.38,
            "account_receivable_turnover_ratio": null,
            "reinvestment_rate": null,
            "research_to_sale_ratio": null,
            "price_fair": 140.8,
            "eps_avg_yearly": 4.02,
            "eps_latest_yearly": 3.44,
            "eps_growth_yearly": 37.94
        },
        "20063": {
            "year_quarter": 20063,
            "year": 2006,
            "quarter": 3,
            "eps": 0.89,
            "eps_growth_year": -9.18,
            "eps_4q": 3.72,
            "eps_4q_growth_year": 4.06,
            "roe": 4.9,
            "roe_4q": 21.8,
            "gross_profit": 19375,
            "gross_margin": 9.72,
            "gross_margin_4q_avg": 10.12,
            "net_income": 43767,
            "revenue": 199349,
            "common_shares": 440700,
            "book_valuer_per_share": 21.11,
            "book_valuer_per_share_4q_avg": 19.72,
            "equity": 930256,
            "current_ratio": 332.05,
            "debt_ratio": 34.48,
            "inventory_turnover_ratio": 15.84,
            "account_receivable_turnover_ratio": null,
            "reinvestment_rate": null,
            "research_to_sale_ratio": null,
            "price_fair": 138.78,
            "eps_avg_yearly": 3.97,
            "eps_latest_yearly": 3.56,
            "eps_growth_yearly": 34.94
        },
        "20064": {
            "year_quarter": 20064,
            "year": 2006,
            "quarter": 4,
            "eps": 1.19,
            "eps_growth_year": -27.88,
            "eps_4q": 3.48,
            "eps_4q_growth_year": -17.18,
            "roe": 6.11,
            "roe_4q": 19.17,
            "gross_profit": 13317,
            "gross_margin": 8.27,
            "gross_margin_4q_avg": 9.49,
            "net_income": 58764,
            "revenue": 161010,
            "common_shares": 491770,
            "book_valuer_per_share": 20.22,
            "book_valuer_per_share_4q_avg": 20.04,
            "equity": 994812,
            "current_ratio": 225.93,
            "debt_ratio": 46.47,
            "inventory_turnover_ratio": 1.47,
            "account_receivable_turnover_ratio": null,
            "reinvestment_rate": null,
            "research_to_sale_ratio": null,
            "price_fair": 141.87,
            "eps_avg_yearly": 4.05,
            "eps_latest_yearly": 4.76,
            "eps_growth_yearly": 46.04
        },
        "20071": {
            "year_quarter": 20071,
            "year": 2007,
            "quarter": 1,
            "eps": 0.21,
            "eps_growth_year": -70.42,
            "eps_4q": 3.01,
            "eps_4q_growth_year": -27.1,
            "roe": 1.05,
            "roe_4q": 16.5,
            "gross_profit": 8508,
            "gross_margin": 8.15,
            "gross_margin_4q_avg": 8.93,
            "net_income": 10535,
            "revenue": 104346,
            "common_shares": 491770,
            "book_valuer_per_share": 20.75,
            "book_valuer_per_share_4q_avg": 20.37,
            "equity": 1020272,
            "current_ratio": 353.01,
            "debt_ratio": 30.7,
            "inventory_turnover_ratio": 0.96,
            "account_receivable_turnover_ratio": null,
            "reinvestment_rate": null,
            "research_to_sale_ratio": null,
            "price_fair": 69.03,
            "eps_avg_yearly": 3.73,
            "eps_latest_yearly": 0.84,
            "eps_growth_yearly": 8.5
        },
        "20072": {
            "year_quarter": 20072,
            "year": 2007,
            "quarter": 2,
            "eps": 0.04,
            "eps_growth_year": -95.35,
            "eps_4q": 2.41,
            "eps_4q_growth_year": -40.72,
            "roe": 0.19,
            "roe_4q": 12.25,
            "gross_profit": 13866,
            "gross_margin": 8.95,
            "gross_margin_4q_avg": 8.77,
            "net_income": 1907,
            "revenue": 154964,
            "common_shares": 491770,
            "book_valuer_per_share": 19.55,
            "book_valuer_per_share_4q_avg": 20.41,
            "equity": 961234,
            "current_ratio": 179.32,
            "debt_ratio": 37.04,
            "inventory_turnover_ratio": 13.57,
            "account_receivable_turnover_ratio": null,
            "reinvestment_rate": null,
            "research_to_sale_ratio": null,
            "price_fair": 10.22,
            "eps_avg_yearly": 3.41,
            "eps_latest_yearly": 0.16,
            "eps_growth_yearly": -21.71
        },
        "20073": {
            "year_quarter": 20073,
            "year": 2007,
            "quarter": 3,
            "eps": 0.62,
            "eps_growth_year": -30.34,
            "eps_4q": 1.93,
            "eps_4q_growth_year": -48.2,
            "roe": 3.47,
            "roe_4q": 10.82,
            "gross_profit": 11985,
            "gross_margin": 8.99,
            "gross_margin_4q_avg": 8.59,
            "net_income": 33805,
            "revenue": 133377,
            "common_shares": 546592,
            "book_valuer_per_share": 18.1,
            "book_valuer_per_share_4q_avg": 19.66,
            "equity": 989593,
            "current_ratio": 154.85,
            "debt_ratio": 36.42,
            "inventory_turnover_ratio": 12.37,
            "account_receivable_turnover_ratio": null,
            "reinvestment_rate": null,
            "research_to_sale_ratio": null,
            "price_fair": 116.55,
            "eps_avg_yearly": 3.33,
            "eps_latest_yearly": 2.48,
            "eps_growth_yearly": 463.43
        },
        "20074": {
            "year_quarter": 20074,
            "year": 2007,
            "quarter": 4,
            "eps": 0.67,
            "eps_growth_year": -43.7,
            "eps_4q": 1.51,
            "eps_4q_growth_year": -56.51,
            "roe": 3.59,
            "roe_4q": 8.3,
            "gross_profit": 14909,
            "gross_margin": 8.47,
            "gross_margin_4q_avg": 8.64,
            "net_income": 36677,
            "revenue": 176005,
            "common_shares": 546592,
            "book_valuer_per_share": 19.3,
            "book_valuer_per_share_4q_avg": 19.43,
            "equity": 1054908,
            "current_ratio": 124.98,
            "debt_ratio": 57.93,
            "inventory_turnover_ratio": 1.17,
            "account_receivable_turnover_ratio": null,
            "reinvestment_rate": null,
            "research_to_sale_ratio": null,
            "price_fair": 114.8,
            "eps_avg_yearly": 3.28,
            "eps_latest_yearly": 2.68,
            "eps_growth_yearly": 430.26
        },
        "20081": {
            "year_quarter": 20081,
            "year": 2008,
            "quarter": 1,
            "eps": 0.09,
            "eps_growth_year": -57.14,
            "eps_4q": 1.37,
            "eps_4q_growth_year": -54.39,
            "roe": 0.48,
            "roe_4q": 7.730000000000001,
            "gross_profit": 115226,
            "gross_margin": 25.21,
            "gross_margin_4q_avg": 12.91,
            "net_income": 5075,
            "revenue": 457062,
            "common_shares": 546592,
            "book_valuer_per_share": 19.28,
            "book_valuer_per_share_4q_avg": 19.06,
            "equity": 1053919,
            "current_ratio": 130.64,
            "debt_ratio": 56.99,
            "inventory_turnover_ratio": 1.24,
            "account_receivable_turnover_ratio": null,
            "reinvestment_rate": null,
            "research_to_sale_ratio": null,
            "price_fair": 107.5,
            "eps_avg_yearly": 3.07,
            "eps_latest_yearly": 0.36,
            "eps_growth_yearly": 374.8
        },
        "20082": {
            "year_quarter": 20082,
            "year": 2008,
            "quarter": 2,
            "eps": 0.29,
            "eps_growth_year": 625,
            "eps_4q": 1.67,
            "eps_4q_growth_year": -30.8,
            "roe": 1.55,
            "roe_4q": 9.09,
            "gross_profit": 62476,
            "gross_margin": 12.67,
            "gross_margin_4q_avg": 13.84,
            "net_income": 15892,
            "revenue": 493027,
            "common_shares": 546592,
            "book_valuer_per_share": 18.21,
            "book_valuer_per_share_4q_avg": 18.72,
            "equity": 995098,
            "current_ratio": 114.08,
            "debt_ratio": 61.77,
            "inventory_turnover_ratio": 1.44,
            "account_receivable_turnover_ratio": null,
            "reinvestment_rate": 184.21,
            "research_to_sale_ratio": null,
            "price_fair": 103.04,
            "eps_avg_yearly": 2.94,
            "eps_latest_yearly": 1.16,
            "eps_growth_yearly": 409.07
        },
        "20083": {
            "year_quarter": 20083,
            "year": 2008,
            "quarter": 3,
            "eps": 0.95,
            "eps_growth_year": 53.23,
            "eps_4q": 1.95,
            "eps_4q_growth_year": 1.09,
            "roe": 5.26,
            "roe_4q": 10.879999999999999,
            "gross_profit": 126584,
            "gross_margin": 18.95,
            "gross_margin_4q_avg": 16.33,
            "net_income": 54926,
            "revenue": 667866,
            "common_shares": 546592,
            "book_valuer_per_share": 20,
            "book_valuer_per_share_4q_avg": 19.2,
            "equity": 1093212,
            "current_ratio": 124.35,
            "debt_ratio": 62.64,
            "inventory_turnover_ratio": 1.6,
            "account_receivable_turnover_ratio": null,
            "reinvestment_rate": 177.34,
            "research_to_sale_ratio": null,
            "price_fair": 104.91,
            "eps_avg_yearly": 3,
            "eps_latest_yearly": 3.8,
            "eps_growth_yearly": 440.4
        },
        "20084": {
            "year_quarter": 20084,
            "year": 2008,
            "quarter": 4,
            "eps": -0.24,
            "eps_growth_year": -135.82,
            "eps_4q": 1.08,
            "eps_4q_growth_year": -28.7,
            "roe": -1.25,
            "roe_4q": 6.039999999999999,
            "gross_profit": 48851,
            "gross_margin": 8.62,
            "gross_margin_4q_avg": 16.36,
            "net_income": -13764,
            "revenue": 566395,
            "common_shares": 586847,
            "book_valuer_per_share": 18.86,
            "book_valuer_per_share_4q_avg": 19.09,
            "equity": 1107011,
            "current_ratio": 128.65,
            "debt_ratio": 59.08,
            "inventory_turnover_ratio": 1.47,
            "account_receivable_turnover_ratio": 1.43,
            "reinvestment_rate": 118.09,
            "research_to_sale_ratio": null,
            "price_fair": 101.83,
            "eps_avg_yearly": 2.91,
            "eps_latest_yearly": 3.8,
            "eps_growth_yearly": 464.07
        },
        "20091": {
            "year_quarter": 20091,
            "year": 2009,
            "quarter": 1,
            "eps": -0.05,
            "eps_growth_year": -155.56,
            "eps_4q": 0.92,
            "eps_4q_growth_year": -32.91,
            "roe": -0.26,
            "roe_4q": 5.3,
            "gross_profit": 52930,
            "gross_margin": 14.59,
            "gross_margin_4q_avg": 13.71,
            "net_income": -2966,
            "revenue": 362719,
            "common_shares": 586847,
            "book_valuer_per_share": 19.48,
            "book_valuer_per_share_4q_avg": 19.14,
            "equity": 1142896,
            "current_ratio": 131.01,
            "debt_ratio": 55.07,
            "inventory_turnover_ratio": 0.9,
            "account_receivable_turnover_ratio": 0.51,
            "reinvestment_rate": 214.06,
            "research_to_sale_ratio": null,
            "price_fair": 102.3,
            "eps_avg_yearly": 2.92,
            "eps_latest_yearly": 3.8,
            "eps_growth_yearly": 507.8
        },
        "20092": {
            "year_quarter": 20092,
            "year": 2009,
            "quarter": 2,
            "eps": 1.27,
            "eps_growth_year": 337.93,
            "eps_4q": 1.94,
            "eps_4q_growth_year": 16.43,
            "roe": 6.28,
            "roe_4q": 10.030000000000001,
            "gross_profit": 129257,
            "gross_margin": 20.59,
            "gross_margin_4q_avg": 15.69,
            "net_income": 72082,
            "revenue": 627631,
            "common_shares": 586847,
            "book_valuer_per_share": 19.61,
            "book_valuer_per_share_4q_avg": 19.49,
            "equity": 1151029,
            "current_ratio": 132.37,
            "debt_ratio": 55.83,
            "inventory_turnover_ratio": 1.61,
            "account_receivable_turnover_ratio": 0.95,
            "reinvestment_rate": 203.69,
            "research_to_sale_ratio": null,
            "price_fair": 98.54,
            "eps_avg_yearly": 2.82,
            "eps_latest_yearly": 3.8,
            "eps_growth_yearly": 528.76
        },
        "20093": {
            "year_quarter": 20093,
            "year": 2009,
            "quarter": 3,
            "eps": 1.43,
            "eps_growth_year": 50.53,
            "eps_4q": 2.37,
            "eps_4q_growth_year": 21.92,
            "roe": 7.11,
            "roe_4q": 11.88,
            "gross_profit": 186819,
            "gross_margin": 32.89,
            "gross_margin_4q_avg": 19.17,
            "net_income": 83871,
            "revenue": 568096,
            "common_shares": 608651,
            "book_valuer_per_share": 19.87,
            "book_valuer_per_share_4q_avg": 19.46,
            "equity": 1209585,
            "current_ratio": 128.29,
            "debt_ratio": 55.88,
            "inventory_turnover_ratio": 1.32,
            "account_receivable_turnover_ratio": 0.72,
            "reinvestment_rate": 181.33,
            "research_to_sale_ratio": null,
            "price_fair": 103.38,
            "eps_avg_yearly": 2.95,
            "eps_latest_yearly": 5.72,
            "eps_growth_yearly": 535.48
        },
        "20094": {
            "year_quarter": 20094,
            "year": 2009,
            "quarter": 4,
            "eps": 1.07,
            "eps_growth_year": null,
            "eps_4q": 3.61,
            "eps_4q_growth_year": 234.64,
            "roe": 5.06,
            "roe_4q": 18.189999999999998,
            "gross_profit": 159384,
            "gross_margin": 25.23,
            "gross_margin_4q_avg": 23.33,
            "net_income": 63069,
            "revenue": 631692,
            "common_shares": 617805,
            "book_valuer_per_share": 21.45,
            "book_valuer_per_share_4q_avg": 20.1,
            "equity": 1282031,
            "current_ratio": 129.82,
            "debt_ratio": 56.24,
            "inventory_turnover_ratio": 1.65,
            "account_receivable_turnover_ratio": 1.32,
            "reinvestment_rate": 431.21,
            "research_to_sale_ratio": null,
            "price_fair": 97.14,
            "eps_avg_yearly": 2.78,
            "eps_latest_yearly": 4.28,
            "eps_growth_yearly": 506.7
        },
        "20101": {
            "year_quarter": 20101,
            "year": 2010,
            "quarter": 1,
            "eps": 0.61,
            "eps_growth_year": null,
            "eps_4q": 3.88,
            "eps_4q_growth_year": 320.96,
            "roe": 2.71,
            "roe_4q": 21.16,
            "gross_profit": 121181,
            "gross_margin": 22.05,
            "gross_margin_4q_avg": 25.19,
            "net_income": 39096,
            "revenue": 549501,
            "common_shares": 685282,
            "book_valuer_per_share": 24.1,
            "book_valuer_per_share_4q_avg": 21.26,
            "equity": 1603332,
            "current_ratio": 187.81,
            "debt_ratio": 47.45,
            "inventory_turnover_ratio": 1.6,
            "account_receivable_turnover_ratio": 0.59,
            "reinvestment_rate": 548.22,
            "research_to_sale_ratio": 0.37,
            "price_fair": 96.06,
            "eps_avg_yearly": 2.74,
            "eps_latest_yearly": 2.44,
            "eps_growth_yearly": 511
        },
        "20102": {
            "year_quarter": 20102,
            "year": 2010,
            "quarter": 2,
            "eps": 1.59,
            "eps_growth_year": 25.59,
            "eps_4q": 4.38,
            "eps_4q_growth_year": 125.66,
            "roe": 6.59,
            "roe_4q": 21.47,
            "gross_profit": 200359,
            "gross_margin": 27.56,
            "gross_margin_4q_avg": 26.93,
            "net_income": 106372,
            "revenue": 726997,
            "common_shares": 686910,
            "book_valuer_per_share": 24.37,
            "book_valuer_per_share_4q_avg": 22.45,
            "equity": 1625590,
            "current_ratio": 156.3,
            "debt_ratio": 52.65,
            "inventory_turnover_ratio": 1.92,
            "account_receivable_turnover_ratio": 0.71,
            "reinvestment_rate": 524.48,
            "research_to_sale_ratio": 0.46,
            "price_fair": 103.92,
            "eps_avg_yearly": 2.97,
            "eps_latest_yearly": 6.36,
            "eps_growth_yearly": 553.93
        },
        "20103": {
            "year_quarter": 20103,
            "year": 2010,
            "quarter": 3,
            "eps": -0.17,
            "eps_growth_year": -111.61,
            "eps_4q": 2.92,
            "eps_4q_growth_year": 23.03,
            "roe": -0.7,
            "roe_4q": 13.66,
            "gross_profit": 96003,
            "gross_margin": 17.5,
            "gross_margin_4q_avg": 23.09,
            "net_income": -11219,
            "revenue": 548694,
            "common_shares": 695658,
            "book_valuer_per_share": 23.28,
            "book_valuer_per_share_4q_avg": 23.3,
            "equity": 1572716,
            "current_ratio": 212.86,
            "debt_ratio": 54.84,
            "inventory_turnover_ratio": 1.59,
            "account_receivable_turnover_ratio": 0.49,
            "reinvestment_rate": 584.31,
            "research_to_sale_ratio": 0.6,
            "price_fair": 102.2,
            "eps_avg_yearly": 2.92,
            "eps_latest_yearly": 6.36,
            "eps_growth_yearly": 598.93
        },
        "20104": {
            "year_quarter": 20104,
            "year": 2010,
            "quarter": 4,
            "eps": -0.35,
            "eps_growth_year": -132.68,
            "eps_4q": 1.64,
            "eps_4q_growth_year": -54.7,
            "roe": -1.56,
            "roe_4q": 7.04,
            "gross_profit": 21535,
            "gross_margin": 4.37,
            "gross_margin_4q_avg": 17.87,
            "net_income": -23629,
            "revenue": 492872,
            "common_shares": 695658,
            "book_valuer_per_share": 21.43,
            "book_valuer_per_share_4q_avg": 23.3,
            "equity": 1447740,
            "current_ratio": 393.78,
            "debt_ratio": 57.75,
            "inventory_turnover_ratio": 1.74,
            "account_receivable_turnover_ratio": 0.51,
            "reinvestment_rate": 546.9,
            "research_to_sale_ratio": 0.63,
            "price_fair": 96.35,
            "eps_avg_yearly": 2.75,
            "eps_latest_yearly": 6.36,
            "eps_growth_yearly": 641.12
        },
        "20111": {
            "year_quarter": 20111,
            "year": 2011,
            "quarter": 1,
            "eps": -0.65,
            "eps_growth_year": -206.56,
            "eps_4q": 0.41,
            "eps_4q_growth_year": -89.38,
            "roe": -3.04,
            "roe_4q": 1.29,
            "gross_profit": 24964,
            "gross_margin": 5.56,
            "gross_margin_4q_avg": 13.75,
            "net_income": -43686,
            "revenue": 448775,
            "common_shares": 695658,
            "book_valuer_per_share": 21.06,
            "book_valuer_per_share_4q_avg": 22.54,
            "equity": 1423265,
            "current_ratio": 292.76,
            "debt_ratio": 58.76,
            "inventory_turnover_ratio": 1.57,
            "account_receivable_turnover_ratio": 0.53,
            "reinvestment_rate": 754.39,
            "research_to_sale_ratio": 0.71,
            "price_fair": 103.04,
            "eps_avg_yearly": 2.94,
            "eps_latest_yearly": 6.36,
            "eps_growth_yearly": 738.18
        },
        "20112": {
            "year_quarter": 20112,
            "year": 2011,
            "quarter": 2,
            "eps": 0.82,
            "eps_growth_year": -48.89,
            "eps_4q": -0.35,
            "eps_4q_growth_year": -107.89,
            "roe": 3.88,
            "roe_4q": -1.4200000000000002,
            "gross_profit": 129092,
            "gross_margin": 15.36,
            "gross_margin_4q_avg": 10.7,
            "net_income": 55129,
            "revenue": 840380,
            "common_shares": 696254,
            "book_valuer_per_share": 20.96,
            "book_valuer_per_share_4q_avg": 21.68,
            "equity": 1417338,
            "current_ratio": 215.44,
            "debt_ratio": 62.92,
            "inventory_turnover_ratio": 2.29,
            "account_receivable_turnover_ratio": 0.82,
            "reinvestment_rate": 694.96,
            "research_to_sale_ratio": 0.07,
            "price_fair": 113.87,
            "eps_avg_yearly": 3.25,
            "eps_latest_yearly": 6.36,
            "eps_growth_yearly": 856.18
        },
        "20113": {
            "year_quarter": 20113,
            "year": 2011,
            "quarter": 3,
            "eps": 2.04,
            "eps_growth_year": null,
            "eps_4q": 1.87,
            "eps_4q_growth_year": -35.97,
            "roe": 8.9,
            "roe_4q": 8.180000000000001,
            "gross_profit": 219309,
            "gross_margin": 20.78,
            "gross_margin_4q_avg": 11.52,
            "net_income": 146009,
            "revenue": 1055133,
            "common_shares": 715655,
            "book_valuer_per_share": 26.06,
            "book_valuer_per_share_4q_avg": 22.38,
            "equity": 1864739,
            "current_ratio": 200.02,
            "debt_ratio": 58.02,
            "inventory_turnover_ratio": 2.34,
            "account_receivable_turnover_ratio": 0.71,
            "reinvestment_rate": 658.19,
            "research_to_sale_ratio": 0.12,
            "price_fair": 135.96,
            "eps_avg_yearly": 3.88,
            "eps_latest_yearly": 8.16,
            "eps_growth_yearly": 277.86
        },
        "20114": {
            "year_quarter": 20114,
            "year": 2011,
            "quarter": 4,
            "eps": 0.86,
            "eps_growth_year": null,
            "eps_4q": 2.98,
            "eps_4q_growth_year": 82.11,
            "roe": 3.3,
            "roe_4q": 13.04,
            "gross_profit": 119129,
            "gross_margin": 13.34,
            "gross_margin_4q_avg": 13.76,
            "net_income": 63306,
            "revenue": 893172,
            "common_shares": 740398,
            "book_valuer_per_share": 26.6,
            "book_valuer_per_share_4q_avg": 23.67,
            "equity": 1969261,
            "current_ratio": 203.68,
            "debt_ratio": 55.23,
            "inventory_turnover_ratio": 2.05,
            "account_receivable_turnover_ratio": 0.58,
            "reinvestment_rate": 516.7,
            "research_to_sale_ratio": 0.3,
            "price_fair": 138.91,
            "eps_avg_yearly": 3.97,
            "eps_latest_yearly": 3.44,
            "eps_growth_yearly": 248.56
        },
        "20121": {
            "year_quarter": 20121,
            "year": 2012,
            "quarter": 1,
            "eps": 0.83,
            "eps_growth_year": null,
            "eps_4q": 4.41,
            "eps_4q_growth_year": 969.22,
            "roe": 3.13,
            "roe_4q": 19.21,
            "gross_profit": 97461,
            "gross_margin": 12.93,
            "gross_margin_4q_avg": 15.6,
            "net_income": 61737,
            "revenue": 753620,
            "common_shares": 740422,
            "book_valuer_per_share": 26.65,
            "book_valuer_per_share_4q_avg": 25.07,
            "equity": 1973049,
            "current_ratio": 196.05,
            "debt_ratio": 53.78,
            "inventory_turnover_ratio": 1.64,
            "account_receivable_turnover_ratio": 0.61,
            "reinvestment_rate": 475.53,
            "research_to_sale_ratio": 0.25,
            "price_fair": 150.42,
            "eps_avg_yearly": 4.3,
            "eps_latest_yearly": 3.32,
            "eps_growth_yearly": 285.49
        },
        "20122": {
            "year_quarter": 20122,
            "year": 2012,
            "quarter": 2,
            "eps": 0.66,
            "eps_growth_year": -18.66,
            "eps_4q": 4.32,
            "eps_4q_growth_year": null,
            "roe": 2.53,
            "roe_4q": 17.86,
            "gross_profit": 116155,
            "gross_margin": 11.39,
            "gross_margin_4q_avg": 14.61,
            "net_income": 49095,
            "revenue": 1020067,
            "common_shares": 740422,
            "book_valuer_per_share": 25.71,
            "book_valuer_per_share_4q_avg": 26.26,
            "equity": 1903519,
            "current_ratio": 150.17,
            "debt_ratio": 61.46,
            "inventory_turnover_ratio": 1.82,
            "account_receivable_turnover_ratio": 0.77,
            "reinvestment_rate": 435.99,
            "research_to_sale_ratio": 0.43,
            "price_fair": 156.18,
            "eps_avg_yearly": 4.46,
            "eps_latest_yearly": 2.64,
            "eps_growth_yearly": 177.62
        },
        "20123": {
            "year_quarter": 20123,
            "year": 2012,
            "quarter": 3,
            "eps": 0.12,
            "eps_growth_year": -94.09,
            "eps_4q": 2.47,
            "eps_4q_growth_year": 32.22,
            "roe": 0.47,
            "roe_4q": 9.43,
            "gross_profit": 62795,
            "gross_margin": 7.2,
            "gross_margin_4q_avg": 11.22,
            "net_income": 8927,
            "revenue": 872078,
            "common_shares": 740422,
            "book_valuer_per_share": 25.24,
            "book_valuer_per_share_4q_avg": 26.05,
            "equity": 1868556,
            "current_ratio": 130.57,
            "debt_ratio": 60.44,
            "inventory_turnover_ratio": 1.53,
            "account_receivable_turnover_ratio": 0.57,
            "reinvestment_rate": 496.06,
            "research_to_sale_ratio": 0.42,
            "price_fair": 143.27,
            "eps_avg_yearly": 4.09,
            "eps_latest_yearly": 0.48,
            "eps_growth_yearly": 40.11
        },
        "20124": {
            "year_quarter": 20124,
            "year": 2012,
            "quarter": 4,
            "eps": 0.07,
            "eps_growth_year": -92.25,
            "eps_4q": 1.68,
            "eps_4q_growth_year": -43.53,
            "roe": 0.26,
            "roe_4q": 6.39,
            "gross_profit": 64174,
            "gross_margin": 7.39,
            "gross_margin_4q_avg": 9.73,
            "net_income": 4909,
            "revenue": 867987,
            "common_shares": 740422,
            "book_valuer_per_share": 25.26,
            "book_valuer_per_share_4q_avg": 25.72,
            "equity": 1870286,
            "current_ratio": 130.63,
            "debt_ratio": 62.62,
            "inventory_turnover_ratio": 1.59,
            "account_receivable_turnover_ratio": 0.56,
            "reinvestment_rate": 490.02,
            "research_to_sale_ratio": 0.18,
            "price_fair": 109.24,
            "eps_avg_yearly": 3.71,
            "eps_latest_yearly": 0.28,
            "eps_growth_yearly": 19.43
        },
        "20131": {
            "year_quarter": 20131,
            "year": 2013,
            "quarter": 1,
            "eps": 0.06,
            "eps_growth_year": -92.77,
            "eps_4q": 0.85,
            "eps_4q_growth_year": -80.69,
            "roe": 0.22,
            "roe_4q": 3.4799999999999995,
            "gross_profit": 79563,
            "gross_margin": 10.16,
            "gross_margin_4q_avg": 9.04,
            "net_income": 4297,
            "revenue": 783374,
            "common_shares": 790422,
            "book_valuer_per_share": 26.34,
            "book_valuer_per_share_4q_avg": 25.64,
            "equity": 2081786,
            "current_ratio": 123.63,
            "debt_ratio": 59.25,
            "inventory_turnover_ratio": 1.33,
            "account_receivable_turnover_ratio": 0.52,
            "reinvestment_rate": 141.64,
            "research_to_sale_ratio": 0.37,
            "price_fair": 76.31,
            "eps_avg_yearly": 3.4,
            "eps_latest_yearly": 0.24,
            "eps_growth_yearly": 12.47
        },
        "20132": {
            "year_quarter": 20132,
            "year": 2013,
            "quarter": 2,
            "eps": -0.02,
            "eps_growth_year": -103.02,
            "eps_4q": 0.19,
            "eps_4q_growth_year": -95.53,
            "roe": -0.09,
            "roe_4q": 0.86,
            "gross_profit": 74624,
            "gross_margin": 10.56,
            "gross_margin_4q_avg": 8.83,
            "net_income": -1951,
            "revenue": 706385,
            "common_shares": 790422,
            "book_valuer_per_share": 26.62,
            "book_valuer_per_share_4q_avg": 25.87,
            "equity": 2104068,
            "current_ratio": 115.81,
            "debt_ratio": 58.56,
            "inventory_turnover_ratio": 1.18,
            "account_receivable_turnover_ratio": 0.51,
            "reinvestment_rate": 211.3,
            "research_to_sale_ratio": 0.28,
            "price_fair": 76.31,
            "eps_avg_yearly": 3.4,
            "eps_latest_yearly": 0.24,
            "eps_growth_yearly": 12.47
        },
        "20133": {
            "year_quarter": 20133,
            "year": 2013,
            "quarter": 3,
            "eps": -0.61,
            "eps_growth_year": -605.95,
            "eps_4q": -0.52,
            "eps_4q_growth_year": -120.98,
            "roe": -2.46,
            "roe_4q": -2.0699999999999994,
            "gross_profit": 2884,
            "gross_margin": 0.56,
            "gross_margin_4q_avg": 7.17,
            "net_income": -50711,
            "revenue": 518172,
            "common_shares": 790422,
            "book_valuer_per_share": 25.59,
            "book_valuer_per_share_4q_avg": 25.95,
            "equity": 2022326,
            "current_ratio": 111.24,
            "debt_ratio": 58.53,
            "inventory_turnover_ratio": 0.93,
            "account_receivable_turnover_ratio": 0.44,
            "reinvestment_rate": 280.14,
            "research_to_sale_ratio": 0.6,
            "price_fair": 59.09,
            "eps_avg_yearly": 3.16,
            "eps_latest_yearly": 0.24,
            "eps_growth_yearly": 8.67
        },
        "20134": {
            "year_quarter": 20134,
            "year": 2013,
            "quarter": 4,
            "eps": 0.09,
            "eps_growth_year": 39.71,
            "eps_4q": -0.48,
            "eps_4q_growth_year": -128.78,
            "roe": 0.38,
            "roe_4q": -1.95,
            "gross_profit": 62057,
            "gross_margin": 9.65,
            "gross_margin_4q_avg": 7.73,
            "net_income": 7761,
            "revenue": 643273,
            "common_shares": 837847,
            "book_valuer_per_share": 24.66,
            "book_valuer_per_share_4q_avg": 25.8,
            "equity": 2065809,
            "current_ratio": 109.89,
            "debt_ratio": 59.37,
            "inventory_turnover_ratio": 1.01,
            "account_receivable_turnover_ratio": 0.6,
            "reinvestment_rate": -137.09,
            "research_to_sale_ratio": 0.53,
            "price_fair": 93.72,
            "eps_avg_yearly": 3.04,
            "eps_latest_yearly": 0.24,
            "eps_growth_yearly": 20.83
        },
        "20141": {
            "year_quarter": 20141,
            "year": 2014,
            "quarter": 1,
            "eps": -0.74,
            "eps_growth_year": -1333.33,
            "eps_4q": -1.28,
            "eps_4q_growth_year": -249.94,
            "roe": -3.02,
            "roe_4q": -5.1899999999999995,
            "gross_profit": 3740,
            "gross_margin": 0.7,
            "gross_margin_4q_avg": 5.37,
            "net_income": -61949,
            "revenue": 538167,
            "common_shares": 837847,
            "book_valuer_per_share": 24.39,
            "book_valuer_per_share_4q_avg": 25.32,
            "equity": 2043612,
            "current_ratio": 119.88,
            "debt_ratio": 60.81,
            "inventory_turnover_ratio": 0.91,
            "account_receivable_turnover_ratio": 0.49,
            "reinvestment_rate": -233.61,
            "research_to_sale_ratio": 0.57,
            "price_fair": 109.03,
            "eps_avg_yearly": 3.12,
            "eps_latest_yearly": 0.24,
            "eps_growth_yearly": 44.93
        },
        "20142": {
            "year_quarter": 20142,
            "year": 2014,
            "quarter": 2,
            "eps": 0.05,
            "eps_growth_year": null,
            "eps_4q": -1.2,
            "eps_4q_growth_year": -723.17,
            "roe": 0.2,
            "roe_4q": -4.9,
            "gross_profit": 69235,
            "gross_margin": 10.96,
            "gross_margin_4q_avg": 5.47,
            "net_income": 4057,
            "revenue": 631508,
            "common_shares": 837847,
            "book_valuer_per_share": 23.82,
            "book_valuer_per_share_4q_avg": 24.62,
            "equity": 1995732,
            "current_ratio": 119.6,
            "debt_ratio": 61.25,
            "inventory_turnover_ratio": 0.99,
            "account_receivable_turnover_ratio": 0.57,
            "reinvestment_rate": -487.73,
            "research_to_sale_ratio": 0.65,
            "price_fair": 7.95,
            "eps_avg_yearly": 2.65,
            "eps_latest_yearly": 0.24,
            "eps_growth_yearly": -40.46
        },
        "20143": {
            "year_quarter": 20143,
            "year": 2014,
            "quarter": 3,
            "eps": 0.07,
            "eps_growth_year": null,
            "eps_4q": -0.53,
            "eps_4q_growth_year": null,
            "roe": 0.29,
            "roe_4q": -2.1500000000000004,
            "gross_profit": 78749,
            "gross_margin": 10.36,
            "gross_margin_4q_avg": 7.92,
            "net_income": 5805,
            "revenue": 760111,
            "common_shares": 837847,
            "book_valuer_per_share": 24.45,
            "book_valuer_per_share_4q_avg": 24.33,
            "equity": 2048924,
            "current_ratio": 140.68,
            "debt_ratio": 59.5,
            "inventory_turnover_ratio": 1.25,
            "account_receivable_turnover_ratio": 0.65,
            "reinvestment_rate": -471.18,
            "research_to_sale_ratio": 0.32,
            "price_fair": 7.07,
            "eps_avg_yearly": 2.36,
            "eps_latest_yearly": 0.28,
            "eps_growth_yearly": -15.4
        },
        "20144": {
            "year_quarter": 20144,
            "year": 2014,
            "quarter": 4,
            "eps": -0.17,
            "eps_growth_year": -280.94,
            "eps_4q": -0.79,
            "eps_4q_growth_year": null,
            "roe": -0.67,
            "roe_4q": -3.2,
            "gross_profit": 45074,
            "gross_margin": 6.27,
            "gross_margin_4q_avg": 7.07,
            "net_income": -14043,
            "revenue": 719306,
            "common_shares": 837847,
            "book_valuer_per_share": 25.65,
            "book_valuer_per_share_4q_avg": 24.58,
            "equity": 2148992,
            "current_ratio": 136.2,
            "debt_ratio": 59.06,
            "inventory_turnover_ratio": 1.2,
            "account_receivable_turnover_ratio": 0.54,
            "reinvestment_rate": -396.74,
            "research_to_sale_ratio": 0.14,
            "price_fair": 7.07,
            "eps_avg_yearly": 2.36,
            "eps_latest_yearly": 0.28,
            "eps_growth_yearly": -15.4
        },
        "20151": {
            "year_quarter": 20151,
            "year": 2015,
            "quarter": 1,
            "eps": -1.24,
            "eps_growth_year": null,
            "eps_4q": -1.29,
            "eps_4q_growth_year": null,
            "roe": -4.99,
            "roe_4q": -5.17,
            "gross_profit": -54314,
            "gross_margin": -9.84,
            "gross_margin_4q_avg": 4.44,
            "net_income": -103800,
            "revenue": 551832,
            "common_shares": 837847,
            "book_valuer_per_share": 23.98,
            "book_valuer_per_share_4q_avg": 24.48,
            "equity": 2009419,
            "current_ratio": 140.83,
            "debt_ratio": 59.58,
            "inventory_turnover_ratio": 1.06,
            "account_receivable_turnover_ratio": 0.44,
            "reinvestment_rate": -564.68,
            "research_to_sale_ratio": 0.43,
            "price_fair": 7.07,
            "eps_avg_yearly": 2.36,
            "eps_latest_yearly": 0.28,
            "eps_growth_yearly": -15.4
        },
        "20152": {
            "year_quarter": 20152,
            "year": 2015,
            "quarter": 2,
            "eps": -1.77,
            "eps_growth_year": -3640,
            "eps_4q": -2.82,
            "eps_4q_growth_year": null,
            "roe": -7.63,
            "roe_4q": -13.000000000000002,
            "gross_profit": -67778,
            "gross_margin": -12.88,
            "gross_margin_4q_avg": -1.52,
            "net_income": -152429,
            "revenue": 526245,
            "common_shares": 937847,
            "book_valuer_per_share": 21.2,
            "book_valuer_per_share_4q_avg": 23.82,
            "equity": 1987820,
            "current_ratio": 92.6,
            "debt_ratio": 56.25,
            "inventory_turnover_ratio": 1.08,
            "account_receivable_turnover_ratio": 0.49,
            "reinvestment_rate": null,
            "research_to_sale_ratio": 0.51,
            "price_fair": 7.07,
            "eps_avg_yearly": 2.36,
            "eps_latest_yearly": 0.28,
            "eps_growth_yearly": -15.4
        },
        "20153": {
            "year_quarter": 20153,
            "year": 2015,
            "quarter": 3,
            "eps": -1.01,
            "eps_growth_year": -1542.86,
            "eps_4q": -3.89,
            "eps_4q_growth_year": null,
            "roe": -4.78,
            "roe_4q": -18.07,
            "gross_profit": 1930,
            "gross_margin": 0.32,
            "gross_margin_4q_avg": -4.03,
            "net_income": -94746,
            "revenue": 599932,
            "common_shares": 937847,
            "book_valuer_per_share": 21.05,
            "book_valuer_per_share_4q_avg": 22.97,
            "equity": 1974411,
            "current_ratio": 131.58,
            "debt_ratio": 57.81,
            "inventory_turnover_ratio": 1.14,
            "account_receivable_turnover_ratio": 0.59,
            "reinvestment_rate": null,
            "research_to_sale_ratio": 0.37,
            "price_fair": 4.58,
            "eps_avg_yearly": 1.53,
            "eps_latest_yearly": 0.28,
            "eps_growth_yearly": -102.62
        },
        "20154": {
            "year_quarter": 20154,
            "year": 2015,
            "quarter": 4,
            "eps": 0.37,
            "eps_growth_year": null,
            "eps_4q": -3.37,
            "eps_4q_growth_year": null,
            "roe": 1.76,
            "roe_4q": -15.64,
            "gross_profit": 124560,
            "gross_margin": 18.65,
            "gross_margin_4q_avg": -0.94,
            "net_income": 34773,
            "revenue": 667838,
            "common_shares": 937847,
            "book_valuer_per_share": 21.03,
            "book_valuer_per_share_4q_avg": 21.82,
            "equity": 1972249,
            "current_ratio": 93.92,
            "debt_ratio": 57.64,
            "inventory_turnover_ratio": 1,
            "account_receivable_turnover_ratio": 0.62,
            "reinvestment_rate": null,
            "research_to_sale_ratio": 0.29,
            "price_fair": 3.62,
            "eps_avg_yearly": 1.21,
            "eps_latest_yearly": 0.28,
            "eps_growth_yearly": -81.16
        },
        "20161": {
            "year_quarter": 20161,
            "year": 2016,
            "quarter": 1,
            "eps": -0.21,
            "eps_growth_year": null,
            "eps_4q": -2.48,
            "eps_4q_growth_year": null,
            "roe": -1.02,
            "roe_4q": -11.67,
            "gross_profit": 55566,
            "gross_margin": 11.22,
            "gross_margin_4q_avg": 4.33,
            "net_income": -19897,
            "revenue": 495092,
            "common_shares": 937847,
            "book_valuer_per_share": 20.44,
            "book_valuer_per_share_4q_avg": 20.93,
            "equity": 1916889,
            "current_ratio": 90.24,
            "debt_ratio": 54.89,
            "inventory_turnover_ratio": 0.78,
            "account_receivable_turnover_ratio": 0.49,
            "reinvestment_rate": null,
            "research_to_sale_ratio": 0.41,
            "price_fair": 2.35,
            "eps_avg_yearly": 0.78,
            "eps_latest_yearly": 0.28,
            "eps_growth_yearly": -94.6
        },
        "20162": {
            "year_quarter": 20162,
            "year": 2016,
            "quarter": 2,
            "eps": 0.38,
            "eps_growth_year": null,
            "eps_4q": -0.47,
            "eps_4q_growth_year": null,
            "roe": 1.87,
            "roe_4q": -2.17,
            "gross_profit": 98848,
            "gross_margin": 16.27,
            "gross_margin_4q_avg": 11.62,
            "net_income": 35722,
            "revenue": 607589,
            "common_shares": 937847,
            "book_valuer_per_share": 20.33,
            "book_valuer_per_share_4q_avg": 20.71,
            "equity": 1906825,
            "current_ratio": 93.87,
            "debt_ratio": 55.12,
            "inventory_turnover_ratio": 0.89,
            "account_receivable_turnover_ratio": 0.69,
            "reinvestment_rate": null,
            "research_to_sale_ratio": 0.36,
            "price_fair": 0.96,
            "eps_avg_yearly": 0.32,
            "eps_latest_yearly": 0.28,
            "eps_growth_yearly": -97.77
        },
        "20163": {
            "year_quarter": 20163,
            "year": 2016,
            "quarter": 3,
            "eps": 0.8,
            "eps_growth_year": null,
            "eps_4q": 1.34,
            "eps_4q_growth_year": null,
            "roe": 3.96,
            "roe_4q": 6.57,
            "gross_profit": 156397,
            "gross_margin": 18.44,
            "gross_margin_4q_avg": 16.15,
            "net_income": 75131,
            "revenue": 848320,
            "common_shares": 937847,
            "book_valuer_per_share": 20.16,
            "book_valuer_per_share_4q_avg": 20.49,
            "equity": 1890760,
            "current_ratio": 100.87,
            "debt_ratio": 57.35,
            "inventory_turnover_ratio": 1.17,
            "account_receivable_turnover_ratio": 0.83,
            "reinvestment_rate": null,
            "research_to_sale_ratio": 0.27,
            "price_fair": 35,
            "eps_avg_yearly": 1,
            "eps_latest_yearly": 3.2,
            "eps_growth_yearly": 94.57
        },
        "20164": {
            "year_quarter": 20164,
            "year": 2016,
            "quarter": 4,
            "eps": 0.94,
            "eps_growth_year": 153.45,
            "eps_4q": 1.88,
            "eps_4q_growth_year": null,
            "roe": 4.62,
            "roe_4q": 9.43,
            "gross_profit": 191684,
            "gross_margin": 21.42,
            "gross_margin_4q_avg": 16.84,
            "net_income": 90728,
            "revenue": 895032,
            "common_shares": 937847,
            "book_valuer_per_share": 21.1,
            "book_valuer_per_share_4q_avg": 20.51,
            "equity": 2037585,
            "current_ratio": 129.38,
            "debt_ratio": 55.75,
            "inventory_turnover_ratio": 1.11,
            "account_receivable_turnover_ratio": 0.78,
            "reinvestment_rate": null,
            "research_to_sale_ratio": 0.19,
            "price_fair": 65.45,
            "eps_avg_yearly": 1.87,
            "eps_latest_yearly": 3.76,
            "eps_growth_yearly": 153.74
        },
        "20171": {
            "year_quarter": 20171,
            "year": 2017,
            "quarter": 1,
            "eps": 0.74,
            "eps_growth_year": null,
            "eps_4q": 2.74,
            "eps_4q_growth_year": null,
            "roe": 3.51,
            "roe_4q": 13.96,
            "gross_profit": 164672,
            "gross_margin": 22.1,
            "gross_margin_4q_avg": 19.56,
            "net_income": 72890,
            "revenue": 745227,
            "common_shares": 1001776,
            "book_valuer_per_share": 20.3,
            "book_valuer_per_share_4q_avg": 20.47,
            "equity": 2117342,
            "current_ratio": 136.26,
            "debt_ratio": 53.08,
            "inventory_turnover_ratio": 0.89,
            "account_receivable_turnover_ratio": 0.65,
            "reinvestment_rate": null,
            "research_to_sale_ratio": 0.24,
            "price_fair": 89.25,
            "eps_avg_yearly": 2.55,
            "eps_latest_yearly": 2.96,
            "eps_growth_yearly": 146.75
        },
        "20172": {
            "year_quarter": 20172,
            "year": 2017,
            "quarter": 2,
            "eps": 0.51,
            "eps_growth_year": 34.21,
            "eps_4q": 2.88,
            "eps_4q_growth_year": null,
            "roe": 2.97,
            "roe_4q": 15.060000000000002,
            "gross_profit": 198720,
            "gross_margin": 22.88,
            "gross_margin_4q_avg": 21.21,
            "net_income": 64074,
            "revenue": 868593,
            "common_shares": 1005347,
            "book_valuer_per_share": 20.84,
            "book_valuer_per_share_4q_avg": 20.6,
            "equity": 2197199,
            "current_ratio": 122.43,
            "debt_ratio": 53.61,
            "inventory_turnover_ratio": 1.02,
            "account_receivable_turnover_ratio": 0.74,
            "reinvestment_rate": null,
            "research_to_sale_ratio": 0.21,
            "price_fair": 85.68,
            "eps_avg_yearly": 2.45,
            "eps_latest_yearly": 2.04,
            "eps_growth_yearly": 92.53
        },
        "20173": {
            "year_quarter": 20173,
            "year": 2017,
            "quarter": 3,
            "eps": 0.67,
            "eps_growth_year": -16.25,
            "eps_4q": 2.77,
            "eps_4q_growth_year": 106.75,
            "roe": 3.13,
            "roe_4q": 14.23,
            "gross_profit": 184042,
            "gross_margin": 20.26,
            "gross_margin_4q_avg": 21.67,
            "net_income": 70890,
            "revenue": 908490,
            "common_shares": 1018293,
            "book_valuer_per_share": 21.85,
            "book_valuer_per_share_4q_avg": 21.02,
            "equity": 2328057,
            "current_ratio": 115.82,
            "debt_ratio": 55.49,
            "inventory_turnover_ratio": 0.99,
            "account_receivable_turnover_ratio": 0.74,
            "reinvestment_rate": null,
            "research_to_sale_ratio": 0.21,
            "price_fair": 87.03,
            "eps_avg_yearly": 2.49,
            "eps_latest_yearly": 2.68,
            "eps_growth_yearly": 98.03
        },
        "20174": {
            "year_quarter": 20174,
            "year": 2017,
            "quarter": 4,
            "eps": 0.7,
            "eps_growth_year": -25.95,
            "eps_4q": 2.56,
            "eps_4q_growth_year": 36.15,
            "roe": 2.96,
            "roe_4q": 12.57,
            "gross_profit": 262903,
            "gross_margin": 24.59,
            "gross_margin_4q_avg": 22.46,
            "net_income": 69995,
            "revenue": 1069255,
            "common_shares": 1021240,
            "book_valuer_per_share": 22.45,
            "book_valuer_per_share_4q_avg": 21.36,
            "equity": 2408321,
            "current_ratio": 115.94,
            "debt_ratio": 58.67,
            "inventory_turnover_ratio": 0.93,
            "account_receivable_turnover_ratio": 0.84,
            "reinvestment_rate": 63.46,
            "research_to_sale_ratio": 6.8,
            "price_fair": 88.6,
            "eps_avg_yearly": 2.53,
            "eps_latest_yearly": 2.8,
            "eps_growth_yearly": 86.58
        },
        "20181": {
            "year_quarter": 20181,
            "year": 2018,
            "quarter": 1,
            "eps": 0.03,
            "eps_growth_year": -95.95,
            "eps_4q": 1.72,
            "eps_4q_growth_year": -37.3,
            "roe": 0.16,
            "roe_4q": 9.22,
            "gross_profit": 141677,
            "gross_margin": 18.04,
            "gross_margin_4q_avg": 21.44,
            "net_income": 4226,
            "revenue": 785233,
            "common_shares": 1127133,
            "book_valuer_per_share": 23.76,
            "book_valuer_per_share_4q_avg": 22.23,
            "equity": 2783342,
            "current_ratio": 139.26,
            "debt_ratio": 53.5,
            "inventory_turnover_ratio": 0.66,
            "account_receivable_turnover_ratio": 0.65,
            "reinvestment_rate": 146.6,
            "research_to_sale_ratio": 2.69,
            "price_fair": 78.05,
            "eps_avg_yearly": 2.23,
            "eps_latest_yearly": 0.12,
            "eps_growth_yearly": 27.9
        },
        "20182": {
            "year_quarter": 20182,
            "year": 2018,
            "quarter": 2,
            "eps": 0.09,
            "eps_growth_year": -82.35,
            "eps_4q": 1.35,
            "eps_4q_growth_year": -52.97,
            "roe": 0.41,
            "roe_4q": 6.66,
            "gross_profit": 150544,
            "gross_margin": 17.64,
            "gross_margin_4q_avg": 20.13,
            "net_income": 11381,
            "revenue": 853635,
            "common_shares": 1127133,
            "book_valuer_per_share": 23.48,
            "book_valuer_per_share_4q_avg": 22.89,
            "equity": 2753121,
            "current_ratio": 124.36,
            "debt_ratio": 55.29,
            "inventory_turnover_ratio": 0.67,
            "account_receivable_turnover_ratio": 0.72,
            "reinvestment_rate": 242.61,
            "research_to_sale_ratio": 2.4,
            "price_fair": 70.78,
            "eps_avg_yearly": 2.02,
            "eps_latest_yearly": 0.36,
            "eps_growth_yearly": 113.69
        },
        "20183": {
            "year_quarter": 20183,
            "year": 2018,
            "quarter": 3,
            "eps": 0.06,
            "eps_growth_year": -91.04,
            "eps_4q": 0.81,
            "eps_4q_growth_year": -70.75,
            "roe": 0.33,
            "roe_4q": 3.86,
            "gross_profit": 163390,
            "gross_margin": 17.73,
            "gross_margin_4q_avg": 19.5,
            "net_income": 9045,
            "revenue": 921685,
            "common_shares": 1127133,
            "book_valuer_per_share": 22.87,
            "book_valuer_per_share_4q_avg": 23.14,
            "equity": 2685061,
            "current_ratio": 128.12,
            "debt_ratio": 55.26,
            "inventory_turnover_ratio": 0.7,
            "account_receivable_turnover_ratio": 0.71,
            "reinvestment_rate": 198.68,
            "research_to_sale_ratio": 2.31,
            "price_fair": 70.62,
            "eps_avg_yearly": 2.02,
            "eps_latest_yearly": 0.24,
            "eps_growth_yearly": 81.1
        },
        "20184": {
            "year_quarter": 20184,
            "year": 2018,
            "quarter": 4,
            "eps": 0.17,
            "eps_growth_year": -75.71,
            "eps_4q": 0.35,
            "eps_4q_growth_year": -86.51,
            "roe": 0.75,
            "roe_4q": 1.65,
            "gross_profit": 223607,
            "gross_margin": 22.24,
            "gross_margin_4q_avg": 18.91,
            "net_income": 20319,
            "revenue": 1005626,
            "common_shares": 1127133,
            "book_valuer_per_share": 23.24,
            "book_valuer_per_share_4q_avg": 23.34,
            "equity": 2727897,
            "current_ratio": 120.67,
            "debt_ratio": 56.81,
            "inventory_turnover_ratio": 0.7,
            "account_receivable_turnover_ratio": 0.75,
            "reinvestment_rate": 296.95,
            "research_to_sale_ratio": 2.15,
            "price_fair": 65.94,
            "eps_avg_yearly": 1.88,
            "eps_latest_yearly": 0.68,
            "eps_growth_yearly": 146.32
        },
        "20191": {
            "year_quarter": 20191,
            "year": 2019,
            "quarter": 1,
            "eps": 0.11,
            "eps_growth_year": 266.67,
            "eps_4q": 0.43,
            "eps_4q_growth_year": -75.2,
            "roe": 0.41,
            "roe_4q": 1.9,
            "gross_profit": 160247,
            "gross_margin": 17.69,
            "gross_margin_4q_avg": 18.83,
            "net_income": 11251,
            "revenue": 905709,
            "common_shares": 1127133,
            "book_valuer_per_share": 23.91,
            "book_valuer_per_share_4q_avg": 23.38,
            "equity": 2804578,
            "current_ratio": 118.55,
            "debt_ratio": 56.14,
            "inventory_turnover_ratio": 0.64,
            "account_receivable_turnover_ratio": 0.76,
            "reinvestment_rate": 222.05,
            "research_to_sale_ratio": 2.69,
            "price_fair": 61.35,
            "eps_avg_yearly": 1.75,
            "eps_latest_yearly": 0.44,
            "eps_growth_yearly": 120.19
        },
        "20192": {
            "year_quarter": 20192,
            "year": 2019,
            "quarter": 2,
            "eps": 0.13,
            "eps_growth_year": 44.44,
            "eps_4q": 0.46,
            "eps_4q_growth_year": -65.74,
            "roe": 0.61,
            "roe_4q": 2.1,
            "gross_profit": 194268,
            "gross_margin": 18.08,
            "gross_margin_4q_avg": 18.94,
            "net_income": 16876,
            "revenue": 1074398,
            "common_shares": 1127133,
            "book_valuer_per_share": 23.59,
            "book_valuer_per_share_4q_avg": 23.4,
            "equity": 2760742,
            "current_ratio": 117.63,
            "debt_ratio": 55.4,
            "inventory_turnover_ratio": 0.75,
            "account_receivable_turnover_ratio": 0.92,
            "reinvestment_rate": 154.86,
            "research_to_sale_ratio": 2.43,
            "price_fair": 57.75,
            "eps_avg_yearly": 1.65,
            "eps_latest_yearly": 0.52,
            "eps_growth_yearly": 116.23
        },
        "20193": {
            "year_quarter": 20193,
            "year": 2019,
            "quarter": 3,
            "eps": 0.17,
            "eps_growth_year": 183.33,
            "eps_4q": 0.58,
            "eps_4q_growth_year": -28.73,
            "roe": 0.8,
            "roe_4q": 2.5700000000000003,
            "gross_profit": 195462,
            "gross_margin": 17.55,
            "gross_margin_4q_avg": 18.89,
            "net_income": 21837,
            "revenue": 1113848,
            "common_shares": 1127133,
            "book_valuer_per_share": 23.22,
            "book_valuer_per_share_4q_avg": 23.49,
            "equity": 2720235,
            "current_ratio": 115.12,
            "debt_ratio": 58.59,
            "inventory_turnover_ratio": 0.74,
            "account_receivable_turnover_ratio": 0.9,
            "reinvestment_rate": 123.31,
            "research_to_sale_ratio": 2.34,
            "price_fair": 55.14,
            "eps_avg_yearly": 1.58,
            "eps_latest_yearly": 0.68,
            "eps_growth_yearly": 116.76
        },
        "20194": {
            "year_quarter": 20194,
            "year": 2019,
            "quarter": 4,
            "eps": 0.59,
            "eps_growth_year": 250.99,
            "eps_4q": 1,
            "eps_4q_growth_year": 189.24,
            "roe": 2.35,
            "roe_4q": 4.17,
            "gross_profit": 334167,
            "gross_margin": 24.9,
            "gross_margin_4q_avg": 19.56,
            "net_income": 64021,
            "revenue": 1341935,
            "common_shares": 1127133,
            "book_valuer_per_share": 23.2,
            "book_valuer_per_share_4q_avg": 23.48,
            "equity": 2730908,
            "current_ratio": 126.44,
            "debt_ratio": 59.52,
            "inventory_turnover_ratio": 0.76,
            "account_receivable_turnover_ratio": 1.03,
            "reinvestment_rate": 133.67,
            "research_to_sale_ratio": 4.47,
            "price_fair": 57.1,
            "eps_avg_yearly": 1.63,
            "eps_latest_yearly": 2.36,
            "eps_growth_yearly": 179.01
        },
        "20201": {
            "year_quarter": 20201,
            "year": 2020,
            "quarter": 1,
            "eps": 0.15,
            "eps_growth_year": 36.36,
            "eps_4q": 1.04,
            "eps_4q_growth_year": 144.93,
            "roe": 0.64,
            "roe_4q": 4.4,
            "gross_profit": 161440,
            "gross_margin": 17.37,
            "gross_margin_4q_avg": 19.48,
            "net_income": 17354,
            "revenue": 929248,
            "common_shares": 1134437,
            "book_valuer_per_share": 23.24,
            "book_valuer_per_share_4q_avg": 23.31,
            "equity": 2731932,
            "current_ratio": 134.14,
            "debt_ratio": 57.68,
            "inventory_turnover_ratio": 0.6,
            "account_receivable_turnover_ratio": 0.67,
            "reinvestment_rate": 135.42,
            "research_to_sale_ratio": 3.78,
            "price_fair": 54.69,
            "eps_avg_yearly": 1.56,
            "eps_latest_yearly": 0.6,
            "eps_growth_yearly": 147.19
        },
        "20202": {
            "year_quarter": 20202,
            "year": 2020,
            "quarter": 2,
            "eps": 1.36,
            "eps_growth_year": 946.15,
            "eps_4q": 2.28,
            "eps_4q_growth_year": 390.57,
            "roe": 5.7,
            "roe_4q": 9.49,
            "gross_profit": 343424,
            "gross_margin": 23.3,
            "gross_margin_4q_avg": 20.78,
            "net_income": 157737,
            "revenue": 1473993,
            "common_shares": 1134437,
            "book_valuer_per_share": 23.82,
            "book_valuer_per_share_4q_avg": 23.37,
            "equity": 2799676,
            "current_ratio": 125.85,
            "debt_ratio": 58.91,
            "inventory_turnover_ratio": 0.96,
            "account_receivable_turnover_ratio": 1,
            "reinvestment_rate": 123.39,
            "research_to_sale_ratio": 2.63,
            "price_fair": 63.18,
            "eps_avg_yearly": 1.81,
            "eps_latest_yearly": 5.44,
            "eps_growth_yearly": 339.65
        },
        "20203": {
            "year_quarter": 20203,
            "year": 2020,
            "quarter": 3,
            "eps": 1.03,
            "eps_growth_year": 505.88,
            "eps_4q": 2.99,
            "eps_4q_growth_year": 417.72,
            "roe": 4.12,
            "roe_4q": 12.81,
            "gross_profit": 319189,
            "gross_margin": 24.97,
            "gross_margin_4q_avg": 22.64,
            "net_income": 121022,
            "revenue": 1278068,
            "common_shares": 1145915,
            "book_valuer_per_share": 24.98,
            "book_valuer_per_share_4q_avg": 23.81,
            "equity": 3081187,
            "current_ratio": 132.81,
            "debt_ratio": 57.08,
            "inventory_turnover_ratio": 0.83,
            "account_receivable_turnover_ratio": 0.71,
            "reinvestment_rate": 130.43,
            "research_to_sale_ratio": 2.93,
            "price_fair": 65.19,
            "eps_avg_yearly": 1.86,
            "eps_latest_yearly": 4.12,
            "eps_growth_yearly": 305.95
        },
        "20204": {
            "year_quarter": 20204,
            "year": 2020,
            "quarter": 4,
            "eps": 0.87,
            "eps_growth_year": 47.2,
            "eps_4q": 3.28,
            "eps_4q_growth_year": 228.39,
            "roe": 3.35,
            "roe_4q": 13.810000000000002,
            "gross_profit": 265139,
            "gross_margin": 21.04,
            "gross_margin_4q_avg": 21.67,
            "net_income": 106007,
            "revenue": 1260133,
            "common_shares": 1194828,
            "book_valuer_per_share": 26.11,
            "book_valuer_per_share_4q_avg": 24.54,
            "equity": 3242742,
            "current_ratio": 128.22,
            "debt_ratio": 54.14,
            "inventory_turnover_ratio": 0.84,
            "account_receivable_turnover_ratio": 0.64,
            "reinvestment_rate": 129.37,
            "research_to_sale_ratio": 3.05,
            "price_fair": 64.58,
            "eps_avg_yearly": 1.85,
            "eps_latest_yearly": 3.48,
            "eps_growth_yearly": 297.7
        },
        "20211": {
            "year_quarter": 20211,
            "year": 2021,
            "quarter": 1,
            "eps": 0.59,
            "eps_growth_year": 293.33,
            "eps_4q": 3.72,
            "eps_4q_growth_year": 256.38,
            "roe": 2.1,
            "roe_4q": 15.27,
            "gross_profit": 245026,
            "gross_margin": 21.76,
            "gross_margin_4q_avg": 22.77,
            "net_income": 68851,
            "revenue": 1126122,
            "common_shares": 1205653,
            "book_valuer_per_share": 26.57,
            "book_valuer_per_share_4q_avg": 25.37,
            "equity": 3303578,
            "current_ratio": 133.42,
            "debt_ratio": 51.26,
            "inventory_turnover_ratio": 0.75,
            "account_receivable_turnover_ratio": 0.6,
            "reinvestment_rate": 133.3,
            "research_to_sale_ratio": 3.55,
            "price_fair": 63.26,
            "eps_avg_yearly": 1.81,
            "eps_latest_yearly": 2.36,
            "eps_growth_yearly": 294.97
        },
        "20212": {
            "year_quarter": 20212,
            "year": 2021,
            "quarter": 2,
            "eps": 0.23,
            "eps_growth_year": -83.09,
            "eps_4q": 2.66,
            "eps_4q_growth_year": 16.94,
            "roe": 0.98,
            "roe_4q": 10.55,
            "gross_profit": 205454,
            "gross_margin": 21.08,
            "gross_margin_4q_avg": 22.21,
            "net_income": 32356,
            "revenue": 974479,
            "common_shares": 1206784,
            "book_valuer_per_share": 26.54,
            "book_valuer_per_share_4q_avg": 26.05,
            "equity": 3303944,
            "current_ratio": 122.46,
            "debt_ratio": 50.68,
            "inventory_turnover_ratio": 0.63,
            "account_receivable_turnover_ratio": 0.59,
            "reinvestment_rate": 109.63,
            "research_to_sale_ratio": 4.67,
            "price_fair": 60.81,
            "eps_avg_yearly": 1.74,
            "eps_latest_yearly": 0.92,
            "eps_growth_yearly": 287.49
        },
        "20213": {
            "year_quarter": 20213,
            "year": 2021,
            "quarter": 3,
            "eps": 0.69,
            "eps_growth_year": -33.01,
            "eps_4q": 2.37,
            "eps_4q_growth_year": -20.71,
            "roe": 2.54,
            "roe_4q": 8.97,
            "gross_profit": 255699,
            "gross_margin": 20.92,
            "gross_margin_4q_avg": 21.2,
            "net_income": 82317,
            "revenue": 1222225,
            "common_shares": 1206784,
            "book_valuer_per_share": 25.62,
            "book_valuer_per_share_4q_avg": 26.21,
            "equity": 3185898,
            "current_ratio": 110.17,
            "debt_ratio": 55.13,
            "inventory_turnover_ratio": 0.76,
            "account_receivable_turnover_ratio": 0.76,
            "reinvestment_rate": 88.39,
            "research_to_sale_ratio": 5.46,
            "price_fair": 60.99,
            "eps_avg_yearly": 1.74,
            "eps_latest_yearly": 2.76,
            "eps_growth_yearly": 329.64
        },
        "20214": {
            "year_quarter": 20214,
            "year": 2021,
            "quarter": 4,
            "eps": 1.11,
            "eps_growth_year": 27.33,
            "eps_4q": 2.61,
            "eps_4q_growth_year": -20.36,
            "roe": 4.41,
            "roe_4q": 10.03,
            "gross_profit": 311066,
            "gross_margin": 21.48,
            "gross_margin_4q_avg": 21.31,
            "net_income": 144284,
            "revenue": 1448054,
            "common_shares": 1206871,
            "book_valuer_per_share": 26.93,
            "book_valuer_per_share_4q_avg": 26.42,
            "equity": 3353000,
            "current_ratio": 117.45,
            "debt_ratio": 54.15,
            "inventory_turnover_ratio": 0.85,
            "account_receivable_turnover_ratio": 0.79,
            "reinvestment_rate": 52.87,
            "research_to_sale_ratio": 4.16,
            "price_fair": 64.58,
            "eps_avg_yearly": 1.85,
            "eps_latest_yearly": 4.44,
            "eps_growth_yearly": 343.74
        },
        "20221": {
            "year_quarter": 20221,
            "year": 2022,
            "quarter": 1,
            "eps": 1.21,
            "eps_growth_year": 105.08,
            "eps_4q": 3.21,
            "eps_4q_growth_year": -13.55,
            "roe": 4.28,
            "roe_4q": 12.21,
            "gross_profit": 298996,
            "gross_margin": 20,
            "gross_margin_4q_avg": 20.87,
            "net_income": 149501,
            "revenue": 1494804,
            "common_shares": 1214474,
            "book_valuer_per_share": 29.03,
            "book_valuer_per_share_4q_avg": 27.03,
            "equity": 3634796,
            "current_ratio": 121.75,
            "debt_ratio": 50.94,
            "inventory_turnover_ratio": 0.91,
            "account_receivable_turnover_ratio": 0.76,
            "reinvestment_rate": 41.61,
            "research_to_sale_ratio": 3.72,
            "price_fair": 74.9,
            "eps_avg_yearly": 2.14,
            "eps_latest_yearly": 4.84,
            "eps_growth_yearly": 369.92
        },
        "20222": {
            "year_quarter": 20222,
            "year": 2022,
            "quarter": 2,
            "eps": 1.16,
            "eps_growth_year": 404.35,
            "eps_4q": 4.15,
            "eps_4q_growth_year": 55.86,
            "roe": 3.9,
            "roe_4q": 15.129999999999999,
            "gross_profit": 273217,
            "gross_margin": 20.27,
            "gross_margin_4q_avg": 20.67,
            "net_income": 140089,
            "revenue": 1348212,
            "common_shares": 1214474,
            "book_valuer_per_share": 28.33,
            "book_valuer_per_share_4q_avg": 27.48,
            "equity": 3548106,
            "current_ratio": 129.23,
            "debt_ratio": 52.74,
            "inventory_turnover_ratio": 0.86,
            "account_receivable_turnover_ratio": 0.69,
            "reinvestment_rate": 25.77,
            "research_to_sale_ratio": 4.74,
            "price_fair": 84.26,
            "eps_avg_yearly": 2.41,
            "eps_latest_yearly": 4.64,
            "eps_growth_yearly": 318.89
        },
        "20223": {
            "year_quarter": 20223,
            "year": 2022,
            "quarter": 3,
            "eps": 0.98,
            "eps_growth_year": 42.03,
            "eps_4q": 4.44,
            "eps_4q_growth_year": 87.39,
            "roe": 3.36,
            "roe_4q": 15.95,
            "gross_profit": 183116,
            "gross_margin": 16.35,
            "gross_margin_4q_avg": 19.53,
            "net_income": 122433,
            "revenue": 1120264,
            "common_shares": 1214474,
            "book_valuer_per_share": 29.78,
            "book_valuer_per_share_4q_avg": 28.52,
            "equity": 3730154,
            "current_ratio": 132.27,
            "debt_ratio": 50.71,
            "inventory_turnover_ratio": 0.74,
            "account_receivable_turnover_ratio": 0.63,
            "reinvestment_rate": 28.64,
            "research_to_sale_ratio": 5.46,
            "price_fair": 92.31,
            "eps_avg_yearly": 2.64,
            "eps_latest_yearly": 3.92,
            "eps_growth_yearly": 323.34
        },
        "20224": {
            "year_quarter": 20224,
            "year": 2022,
            "quarter": 4,
            "eps": -0.12,
            "eps_growth_year": -110.48,
            "eps_4q": 3.22,
            "eps_4q_growth_year": 23.3,
            "roe": -0.12,
            "roe_4q": 11.42,
            "gross_profit": 217350,
            "gross_margin": 20.88,
            "gross_margin_4q_avg": 19.38,
            "net_income": -4629,
            "revenue": 1040892,
            "common_shares": 1214474,
            "book_valuer_per_share": 29.26,
            "book_valuer_per_share_4q_avg": 29.1,
            "equity": 3678670,
            "current_ratio": 137.01,
            "debt_ratio": 49.05,
            "inventory_turnover_ratio": 0.68,
            "account_receivable_turnover_ratio": 0.67,
            "reinvestment_rate": 0.05,
            "research_to_sale_ratio": 5.09,
            "price_fair": 96.88,
            "eps_avg_yearly": 2.77,
            "eps_latest_yearly": 3.92,
            "eps_growth_yearly": 296.01
        },
        "20231": {
            "year_quarter": 20231,
            "year": 2023,
            "quarter": 1,
            "eps": -1.11,
            "eps_growth_year": -191.74,
            "eps_4q": 0.91,
            "eps_4q_growth_year": -71.57,
            "roe": -3.58,
            "roe_4q": 3.5599999999999996,
            "gross_profit": 14989,
            "gross_margin": 1.72,
            "gross_margin_4q_avg": 14.81,
            "net_income": -129335,
            "revenue": 873549,
            "common_shares": 1214474,
            "book_valuer_per_share": 28.22,
            "book_valuer_per_share_4q_avg": 28.9,
            "equity": 3556377,
            "current_ratio": 131.82,
            "debt_ratio": 49.02,
            "inventory_turnover_ratio": 0.84,
            "account_receivable_turnover_ratio": 0.59,
            "reinvestment_rate": -15.31,
            "research_to_sale_ratio": 5.35,
            "price_fair": 102.7,
            "eps_avg_yearly": 2.93,
            "eps_latest_yearly": 3.92,
            "eps_growth_yearly": 327.24
        }
    },
    "months": {
        "2004-07": {
            "month": "2004-07",
            "price": "43.37",
            "revenue": 60397
        },
        "2004-08": {
            "month": "2004-08",
            "price": "45.17",
            "revenue": 49078
        },
        "2004-09": {
            "month": "2004-09",
            "price": "36.51",
            "revenue": 65435
        },
        "2004-10": {
            "month": "2004-10",
            "price": "34.44",
            "revenue": 65052
        },
        "2004-11": {
            "month": "2004-11",
            "price": "38.70",
            "revenue": 64134
        },
        "2004-12": {
            "month": "2004-12",
            "price": "42.66",
            "revenue": 64359
        },
        "2005-01": {
            "month": "2005-01",
            "price": "42.66",
            "revenue": 61404
        },
        "2005-02": {
            "month": "2005-02",
            "price": "42.88",
            "revenue": 72454
        },
        "2005-03": {
            "month": "2005-03",
            "price": "41.08",
            "revenue": 63764
        },
        "2005-05": {
            "month": "2005-05",
            "price": "37.50",
            "revenue": 68843
        },
        "2005-06": {
            "month": "2005-06",
            "price": "36.09",
            "revenue": 71394
        },
        "2005-07": {
            "month": "2005-07",
            "price": "29.95",
            "revenue": 68949
        },
        "2005-08": {
            "month": "2005-08",
            "price": "38.61",
            "revenue": 74892
        },
        "2005-09": {
            "month": "2005-09",
            "price": "33.15",
            "revenue": 161811
        },
        "2005-10": {
            "month": "2005-10",
            "price": "29.23",
            "revenue": 167091
        },
        "2005-11": {
            "month": "2005-11",
            "price": "29.16",
            "revenue": 160629
        },
        "2005-12": {
            "month": "2005-12",
            "price": "34.51",
            "revenue": 151460
        },
        "2006-01": {
            "month": "2006-01",
            "price": "35.31",
            "revenue": 112705
        },
        "2006-02": {
            "month": "2006-02",
            "price": "34.39",
            "revenue": 123196
        },
        "2006-03": {
            "month": "2006-03",
            "price": "33.60",
            "revenue": 128866
        },
        "2006-04": {
            "month": "2006-04",
            "price": "33.37",
            "revenue": 156535
        },
        "2006-05": {
            "month": "2006-05",
            "price": "34.70",
            "revenue": 137200
        },
        "2006-06": {
            "month": "2006-06",
            "price": "32.45",
            "revenue": 167678
        },
        "2006-07": {
            "month": "2006-07",
            "price": "32.43",
            "revenue": 146602
        },
        "2006-08": {
            "month": "2006-08",
            "price": "32.11",
            "revenue": 170835
        },
        "2006-09": {
            "month": "2006-09",
            "price": "31.70",
            "revenue": 170754
        },
        "2006-10": {
            "month": "2006-10",
            "price": "29.69",
            "revenue": 165232
        },
        "2006-11": {
            "month": "2006-11",
            "price": "29.23",
            "revenue": 140419
        },
        "2006-12": {
            "month": "2006-12",
            "price": "31.59",
            "revenue": 126108
        },
        "2007-01": {
            "month": "2007-01",
            "price": "31.71",
            "revenue": 108345
        },
        "2007-02": {
            "month": "2007-02",
            "price": "32.30",
            "revenue": 86332
        },
        "2007-03": {
            "month": "2007-03",
            "price": "34.03",
            "revenue": 115774
        },
        "2007-04": {
            "month": "2007-04",
            "price": "36.72",
            "revenue": 141725
        },
        "2007-05": {
            "month": "2007-05",
            "price": "33.40",
            "revenue": 126524
        },
        "2007-06": {
            "month": "2007-06",
            "price": "34.10",
            "revenue": 180651
        },
        "2007-07": {
            "month": "2007-07",
            "price": "35.34",
            "revenue": 156213
        },
        "2007-08": {
            "month": "2007-08",
            "price": "31.59",
            "revenue": 183230
        },
        "2007-09": {
            "month": "2007-09",
            "price": "27.68",
            "revenue": 191044
        },
        "2007-10": {
            "month": "2007-10",
            "price": "26.57",
            "revenue": 201617
        },
        "2007-11": {
            "month": "2007-11",
            "price": "24.83",
            "revenue": 186191
        },
        "2007-12": {
            "month": "2007-12",
            "price": "23.30",
            "revenue": 198944
        },
        "2008-01": {
            "month": "2008-01",
            "price": "22.48",
            "revenue": 160707
        },
        "2008-02": {
            "month": "2008-02",
            "price": "23.59",
            "revenue": 132469
        },
        "2008-03": {
            "month": "2008-03",
            "price": "24.35",
            "revenue": 165275
        },
        "2008-04": {
            "month": "2008-04",
            "price": "22.99",
            "revenue": 171725
        },
        "2008-05": {
            "month": "2008-05",
            "price": "22.64",
            "revenue": 146729
        },
        "2008-06": {
            "month": "2008-06",
            "price": "22.39",
            "revenue": 156601
        },
        "2008-07": {
            "month": "2008-07",
            "price": "22.25",
            "revenue": 219588
        },
        "2008-08": {
            "month": "2008-08",
            "price": "22.58",
            "revenue": 236667
        },
        "2008-09": {
            "month": "2008-09",
            "price": "20.44",
            "revenue": 232423
        },
        "2008-10": {
            "month": "2008-10",
            "price": "15.35",
            "revenue": 263628
        },
        "2008-11": {
            "month": "2008-11",
            "price": "13.94",
            "revenue": 189524
        },
        "2008-12": {
            "month": "2008-12",
            "price": "12.76",
            "revenue": 102564
        },
        "2009-01": {
            "month": "2009-01",
            "price": "12.39",
            "revenue": 93492
        },
        "2009-02": {
            "month": "2009-02",
            "price": "12.23",
            "revenue": 113165
        },
        "2009-03": {
            "month": "2009-03",
            "price": "13.21",
            "revenue": 149872
        },
        "2009-04": {
            "month": "2009-04",
            "price": "16.04",
            "revenue": 198948
        },
        "2009-05": {
            "month": "2009-05",
            "price": "17.29",
            "revenue": 147381
        },
        "2009-06": {
            "month": "2009-06",
            "price": "16.82",
            "revenue": 186936
        },
        "2009-07": {
            "month": "2009-07",
            "price": "17.68",
            "revenue": 176817
        },
        "2009-08": {
            "month": "2009-08",
            "price": "21.28",
            "revenue": 252891
        },
        "2009-09": {
            "month": "2009-09",
            "price": "28.93",
            "revenue": 230316
        },
        "2009-10": {
            "month": "2009-10",
            "price": "36.01",
            "revenue": 216253
        },
        "2009-11": {
            "month": "2009-11",
            "price": "38.83",
            "revenue": 227688
        },
        "2009-12": {
            "month": "2009-12",
            "price": "38.88",
            "revenue": 174415
        },
        "2010-01": {
            "month": "2010-01",
            "price": "42.32",
            "revenue": 190373
        },
        "2010-02": {
            "month": "2010-02",
            "price": "46.38",
            "revenue": 128981
        },
        "2010-03": {
            "month": "2010-03",
            "price": "56.88",
            "revenue": 230074
        },
        "2010-04": {
            "month": "2010-04",
            "price": "66.09",
            "revenue": 240852
        },
        "2010-05": {
            "month": "2010-05",
            "price": "59.38",
            "revenue": 250528
        },
        "2010-06": {
            "month": "2010-06",
            "price": "59.30",
            "revenue": 251325
        },
        "2010-07": {
            "month": "2010-07",
            "price": "59.59",
            "revenue": 218048
        },
        "2010-08": {
            "month": "2010-08",
            "price": "51.75",
            "revenue": 146055
        },
        "2010-09": {
            "month": "2010-09",
            "price": "46.08",
            "revenue": 165910
        },
        "2010-10": {
            "month": "2010-10",
            "price": "42.52",
            "revenue": 162698
        },
        "2010-11": {
            "month": "2010-11",
            "price": "35.11",
            "revenue": 195052
        },
        "2010-12": {
            "month": "2010-12",
            "price": "38.17",
            "revenue": 170956
        },
        "2011-01": {
            "month": "2011-01",
            "price": "37.76",
            "revenue": 153246
        },
        "2011-02": {
            "month": "2011-02",
            "price": "37.88",
            "revenue": 109057
        },
        "2011-03": {
            "month": "2011-03",
            "price": "38.41",
            "revenue": 187735
        },
        "2011-04": {
            "month": "2011-04",
            "price": "43.06",
            "revenue": 242373
        },
        "2011-05": {
            "month": "2011-05",
            "price": "40.90",
            "revenue": 282808
        },
        "2011-06": {
            "month": "2011-06",
            "price": "47.17",
            "revenue": 315448
        },
        "2011-07": {
            "month": "2011-07",
            "price": "50.32",
            "revenue": 363958
        },
        "2011-08": {
            "month": "2011-08",
            "price": "60.00",
            "revenue": 375846
        },
        "2011-09": {
            "month": "2011-09",
            "price": "56.18",
            "revenue": 320446
        },
        "2011-10": {
            "month": "2011-10",
            "price": "52.54",
            "revenue": 300183
        },
        "2011-11": {
            "month": "2011-11",
            "price": "60.42",
            "revenue": 307466
        },
        "2011-12": {
            "month": "2011-12",
            "price": "54.73",
            "revenue": 247818
        },
        "2012-01": {
            "month": "2012-01",
            "price": "55.45",
            "revenue": 197709
        },
        "2012-02": {
            "month": "2012-02",
            "price": "71.82",
            "revenue": 243143
        },
        "2012-03": {
            "month": "2012-03",
            "price": "72.73",
            "revenue": 318407
        },
        "2012-04": {
            "month": "2012-04",
            "price": "69.86",
            "revenue": 323056
        },
        "2012-05": {
            "month": "2012-05",
            "price": "67.66",
            "revenue": 364586
        },
        "2012-06": {
            "month": "2012-06",
            "price": "59.56",
            "revenue": 330152
        },
        "2012-07": {
            "month": "2012-07",
            "price": "54.70",
            "revenue": 301129
        },
        "2012-08": {
            "month": "2012-08",
            "price": "48.02",
            "revenue": 275158
        },
        "2012-09": {
            "month": "2012-09",
            "price": "47.91",
            "revenue": 285133
        },
        "2012-10": {
            "month": "2012-10",
            "price": "41.36",
            "revenue": 348721
        },
        "2012-11": {
            "month": "2012-11",
            "price": "36.46",
            "revenue": 302600
        },
        "2012-12": {
            "month": "2012-12",
            "price": "37.33",
            "revenue": 224805
        },
        "2013-01": {
            "month": "2013-01",
            "price": "35.54",
            "revenue": 299050
        },
        "2013-02": {
            "month": "2013-02",
            "price": "37.09",
            "revenue": 221248
        },
        "2013-03": {
            "month": "2013-03",
            "price": "39.39",
            "revenue": 267416
        },
        "2013-04": {
            "month": "2013-04",
            "price": "34.90",
            "revenue": 210568
        },
        "2013-05": {
            "month": "2013-05",
            "price": "31.28",
            "revenue": 247299
        },
        "2013-06": {
            "month": "2013-06",
            "price": "30.02",
            "revenue": 209166
        },
        "2013-07": {
            "month": "2013-07",
            "price": "27.40",
            "revenue": 227025
        },
        "2013-08": {
            "month": "2013-08",
            "price": "26.16",
            "revenue": 151252
        },
        "2013-09": {
            "month": "2013-09",
            "price": "25.82",
            "revenue": 177249
        },
        "2013-10": {
            "month": "2013-10",
            "price": "25.93",
            "revenue": 189053
        },
        "2013-11": {
            "month": "2013-11",
            "price": "22.75",
            "revenue": 226202
        },
        "2013-12": {
            "month": "2013-12",
            "price": "21.67",
            "revenue": 227620
        },
        "2014-01": {
            "month": "2014-01",
            "price": "22.44",
            "revenue": 201484
        },
        "2014-02": {
            "month": "2014-02",
            "price": "21.11",
            "revenue": 130363
        },
        "2014-03": {
            "month": "2014-03",
            "price": "24.22",
            "revenue": 216083
        },
        "2014-04": {
            "month": "2014-04",
            "price": "23.35",
            "revenue": 202259
        },
        "2014-05": {
            "month": "2014-05",
            "price": "20.69",
            "revenue": 233599
        },
        "2014-06": {
            "month": "2014-06",
            "price": "20.67",
            "revenue": 208740
        },
        "2014-07": {
            "month": "2014-07",
            "price": "21.31",
            "revenue": 251000
        },
        "2014-08": {
            "month": "2014-08",
            "price": "20.91",
            "revenue": 254810
        },
        "2014-09": {
            "month": "2014-09",
            "price": "22.31",
            "revenue": 220720
        },
        "2014-10": {
            "month": "2014-10",
            "price": "22.54",
            "revenue": 209479
        },
        "2014-11": {
            "month": "2014-11",
            "price": "21.61",
            "revenue": 255937
        },
        "2014-12": {
            "month": "2014-12",
            "price": "21.09",
            "revenue": 252198
        },
        "2015-01": {
            "month": "2015-01",
            "price": "22.48",
            "revenue": 233834
        },
        "2015-02": {
            "month": "2015-02",
            "price": "21.80",
            "revenue": 140433
        },
        "2015-03": {
            "month": "2015-03",
            "price": "21.30",
            "revenue": 177652
        },
        "2015-04": {
            "month": "2015-04",
            "price": "18.82",
            "revenue": 196610
        },
        "2015-05": {
            "month": "2015-05",
            "price": "16.72",
            "revenue": 155386
        },
        "2015-06": {
            "month": "2015-06",
            "price": "13.62",
            "revenue": 174348
        },
        "2015-07": {
            "month": "2015-07",
            "price": "12.10",
            "revenue": 170315
        },
        "2015-08": {
            "month": "2015-08",
            "price": "8.74",
            "revenue": 190701
        },
        "2015-09": {
            "month": "2015-09",
            "price": "8.97",
            "revenue": 239965
        },
        "2015-10": {
            "month": "2015-10",
            "price": "10.64",
            "revenue": 221920
        },
        "2015-11": {
            "month": "2015-11",
            "price": "10.93",
            "revenue": 253733
        },
        "2015-12": {
            "month": "2015-12",
            "price": "10.73",
            "revenue": 191569
        },
        "2016-01": {
            "month": "2016-01",
            "price": "9.63",
            "revenue": 187254
        },
        "2016-02": {
            "month": "2016-02",
            "price": "9.33",
            "revenue": 111786
        },
        "2016-03": {
            "month": "2016-03",
            "price": "9.90",
            "revenue": 194174
        },
        "2016-04": {
            "month": "2016-04",
            "price": "9.74",
            "revenue": 199069
        },
        "2016-05": {
            "month": "2016-05",
            "price": "9.31",
            "revenue": 186700
        },
        "2016-06": {
            "month": "2016-06",
            "price": "9.32",
            "revenue": 217809
        },
        "2016-07": {
            "month": "2016-07",
            "price": "12.05",
            "revenue": 268620
        },
        "2016-08": {
            "month": "2016-08",
            "price": "17.46",
            "revenue": 281207
        },
        "2016-09": {
            "month": "2016-09",
            "price": "20.92",
            "revenue": 295574
        },
        "2016-10": {
            "month": "2016-10",
            "price": "21.77",
            "revenue": 321203
        },
        "2016-11": {
            "month": "2016-11",
            "price": "29.15",
            "revenue": 319187
        },
        "2016-12": {
            "month": "2016-12",
            "price": "31.60",
            "revenue": 263396
        },
        "2017-01": {
            "month": "2017-01",
            "price": "30.32",
            "revenue": 251351
        },
        "2017-02": {
            "month": "2017-02",
            "price": "28.74",
            "revenue": 192939
        },
        "2017-03": {
            "month": "2017-03",
            "price": "28.20",
            "revenue": 301625
        },
        "2017-04": {
            "month": "2017-04",
            "price": "32.56",
            "revenue": 296379
        },
        "2017-05": {
            "month": "2017-05",
            "price": "38.28",
            "revenue": 267038
        },
        "2017-06": {
            "month": "2017-06",
            "price": "37.27",
            "revenue": 322228
        },
        "2017-07": {
            "month": "2017-07",
            "price": "41.80",
            "revenue": 314433
        },
        "2017-08": {
            "month": "2017-08",
            "price": "39.76",
            "revenue": 292533
        },
        "2017-09": {
            "month": "2017-09",
            "price": "38.75",
            "revenue": 305320
        },
        "2017-10": {
            "month": "2017-10",
            "price": "39.47",
            "revenue": 330245
        },
        "2017-11": {
            "month": "2017-11",
            "price": "36.77",
            "revenue": 380676
        },
        "2017-12": {
            "month": "2017-12",
            "price": "38.51",
            "revenue": 367017
        },
        "2018-01": {
            "month": "2018-01",
            "price": "42.17",
            "revenue": 310890
        },
        "2018-02": {
            "month": "2018-02",
            "price": "37.51",
            "revenue": 215850
        },
        "2018-03": {
            "month": "2018-03",
            "price": "36.80",
            "revenue": 259182
        },
        "2018-04": {
            "month": "2018-04",
            "price": "32.32",
            "revenue": 262535
        },
        "2018-05": {
            "month": "2018-05",
            "price": "26.95",
            "revenue": 294074
        },
        "2018-06": {
            "month": "2018-06",
            "price": "27.75",
            "revenue": 314096
        },
        "2018-07": {
            "month": "2018-07",
            "price": "24.87",
            "revenue": 275251
        },
        "2018-08": {
            "month": "2018-08",
            "price": "19.90",
            "revenue": 311677
        },
        "2018-09": {
            "month": "2018-09",
            "price": "16.87",
            "revenue": 327331
        },
        "2018-10": {
            "month": "2018-10",
            "price": "16.29",
            "revenue": 310570
        },
        "2018-11": {
            "month": "2018-11",
            "price": "15.14",
            "revenue": 280786
        },
        "2018-12": {
            "month": "2018-12",
            "price": "13.95",
            "revenue": 411709
        },
        "2019-01": {
            "month": "2019-01",
            "price": "16.55",
            "revenue": 431274
        },
        "2019-02": {
            "month": "2019-02",
            "price": "21.07",
            "revenue": 176379
        },
        "2019-03": {
            "month": "2019-03",
            "price": "19.88",
            "revenue": 297800
        },
        "2019-04": {
            "month": "2019-04",
            "price": "20.02",
            "revenue": 344482
        },
        "2019-05": {
            "month": "2019-05",
            "price": "17.56",
            "revenue": 375409
        },
        "2019-06": {
            "month": "2019-06",
            "price": "18.33",
            "revenue": 354824
        },
        "2019-07": {
            "month": "2019-07",
            "price": "21.54",
            "revenue": 343733
        },
        "2019-08": {
            "month": "2019-08",
            "price": "21.78",
            "revenue": 389433
        },
        "2019-09": {
            "month": "2019-09",
            "price": "23.13",
            "revenue": 373581
        },
        "2019-10": {
            "month": "2019-10",
            "price": "22.78",
            "revenue": 501477
        },
        "2019-11": {
            "month": "2019-11",
            "price": "26.31",
            "revenue": 447563
        },
        "2019-12": {
            "month": "2019-12",
            "price": "25.93",
            "revenue": 394020
        },
        "2020-01": {
            "month": "2020-01",
            "price": "23.35",
            "revenue": 284725
        },
        "2020-02": {
            "month": "2020-02",
            "price": "18.94",
            "revenue": 147663
        },
        "2020-03": {
            "month": "2020-03",
            "price": "15.07",
            "revenue": 503631
        },
        "2020-04": {
            "month": "2020-04",
            "price": "20.53",
            "revenue": 574803
        },
        "2020-05": {
            "month": "2020-05",
            "price": "24.62",
            "revenue": 483181
        },
        "2020-06": {
            "month": "2020-06",
            "price": "25.28",
            "revenue": 412449
        },
        "2020-07": {
            "month": "2020-07",
            "price": "26.13",
            "revenue": 418927
        },
        "2020-08": {
            "month": "2020-08",
            "price": "29.43",
            "revenue": 445926
        },
        "2020-09": {
            "month": "2020-09",
            "price": "29.28",
            "revenue": 412932
        },
        "2020-10": {
            "month": "2020-10",
            "price": "27.72",
            "revenue": 432023
        },
        "2020-11": {
            "month": "2020-11",
            "price": "30.10",
            "revenue": 402071
        },
        "2020-12": {
            "month": "2020-12",
            "price": "29.27",
            "revenue": 426039
        },
        "2021-01": {
            "month": "2021-01",
            "price": "27.88",
            "revenue": 478366
        },
        "2021-02": {
            "month": "2021-02",
            "price": "28.73",
            "revenue": 257655
        },
        "2021-03": {
            "month": "2021-03",
            "price": "30.40",
            "revenue": 390104
        },
        "2021-04": {
            "month": "2021-04",
            "price": "30.67",
            "revenue": 279510
        },
        "2021-05": {
            "month": "2021-05",
            "price": "26.05",
            "revenue": 296170
        },
        "2021-06": {
            "month": "2021-06",
            "price": "25.38",
            "revenue": 398792
        },
        "2021-07": {
            "month": "2021-07",
            "price": "27.82",
            "revenue": 402617
        },
        "2021-08": {
            "month": "2021-08",
            "price": "26.24",
            "revenue": 375178
        },
        "2021-09": {
            "month": "2021-09",
            "price": "26.06",
            "revenue": 444426
        },
        "2021-10": {
            "month": "2021-10",
            "price": "23.45",
            "revenue": 511846
        },
        "2021-11": {
            "month": "2021-11",
            "price": "24.76",
            "revenue": 525781
        },
        "2021-12": {
            "month": "2021-12",
            "price": "25.16",
            "revenue": 410418
        },
        "2022-01": {
            "month": "2022-01",
            "price": "23.72",
            "revenue": 454201
        },
        "2022-02": {
            "month": "2022-02",
            "price": "23.11",
            "revenue": 411289
        },
        "2022-03": {
            "month": "2022-03",
            "price": "23.77",
            "revenue": 629328
        },
        "2022-04": {
            "month": "2022-04",
            "price": "26.66",
            "revenue": 436259
        },
        "2022-05": {
            "month": "2022-05",
            "price": "26.93",
            "revenue": 428843
        },
        "2022-06": {
            "month": "2022-06",
            "price": "26.68",
            "revenue": 483102
        },
        "2022-07": {
            "month": "2022-07",
            "price": "24.79",
            "revenue": 435232
        },
        "2022-08": {
            "month": "2022-08",
            "price": "26.86",
            "revenue": 321300
        },
        "2022-09": {
            "month": "2022-09",
            "price": "25.46",
            "revenue": 363730
        },
        "2022-10": {
            "month": "2022-10",
            "price": "22.90",
            "revenue": 342223
        },
        "2022-11": {
            "month": "2022-11",
            "price": "23.02",
            "revenue": 342450
        },
        "2022-12": {
            "month": "2022-12",
            "price": "22.90",
            "revenue": 356211
        },
        "2023-01": {
            "month": "2023-01",
            "price": "22.36",
            "revenue": 304442
        },
        "2023-02": {
            "month": "2023-02",
            "price": "23.79",
            "revenue": 249697
        },
        "2023-03": {
            "month": "2023-03",
            "price": "25.19",
            "revenue": 319402
        },
        "2023-04": {
            "month": "2023-04",
            "price": "24.58",
            "revenue": 286515
        }
    }
}
