{
    "summary": {
        "stock_name": "力肯",
        "stock_id": "1570",
        "category": "電機機械",
        "main_business": "各種氣動工具、手動工具、電動工具、機械等製造加工買賣。<br>各種雜貨買賣。<br>有關前二項業務之進出口貿易。",
        "website_url": "http://www.depoan.com",
        "ceo": "溫銘漢",
        "pe_ratio": 29,
        "report_year_from": 2003,
        "report_year_to": 2023,
        "age": 21,
        "eps_negative_percentage": 25,
        "eps_growth_avg": {
            "last_all": -9.44,
            "last_2y": -0.91,
            "last_4y": -10.03,
            "last_8y": -3.86,
            "last_12y": -4.1,
            "last_16y": -14.01,
            "last_20y": null,
            "at_2006_last_3y": null,
            "at_2007_last_3y": null,
            "at_2008_last_3y": -22.79,
            "at_2009_last_3y": -63.71,
            "at_2010_last_3y": -63.52,
            "at_2011_last_3y": -100,
            "at_2012_last_3y": null,
            "at_2013_last_3y": null,
            "at_2014_last_3y": -6.29,
            "at_2015_last_3y": 3.23,
            "at_2016_last_3y": -6.58,
            "at_2017_last_3y": -0.09,
            "at_2018_last_3y": 3.84,
            "at_2019_last_3y": -2.28,
            "at_2020_last_3y": -4.64,
            "at_2021_last_3y": 15.52,
            "at_2022_last_3y": 8.44,
            "at_2023_last_3y": -9.6,
            "at_2024_last_3y": -9.6,
            "at_2006_last_all": 17.95,
            "at_2007_last_all": 2.95,
            "at_2008_last_all": -22.79,
            "at_2009_last_all": -22.79,
            "at_2010_last_all": -22.79,
            "at_2011_last_all": -22.79,
            "at_2012_last_all": -22.79,
            "at_2013_last_all": -22.79,
            "at_2014_last_all": -19.49,
            "at_2015_last_all": -14.11,
            "at_2016_last_all": -15.84,
            "at_2017_last_all": -11.44,
            "at_2018_last_all": -9.12,
            "at_2019_last_all": -9.38,
            "at_2020_last_all": -11.77,
            "at_2021_last_all": -2.45,
            "at_2022_last_all": -3.72,
            "at_2023_last_all": -9.44,
            "at_2024_last_all": -9.44
        },
        "latest_eps": 0.74,
        "latest_price": 21.2,
        "latest_roe": 4.32,
        "latest_gross_margin": 21.58,
        "latest_equity": 889696,
        "latest_revenue": 70499,
        "latest_gross_profit": 15211,
        "latest_net_income": 319,
        "latest_debt_ratio": 9.52,
        "latest_current_ratio": 1058.07,
        "latest_account_receivable_turnover_ratio": 0.99,
        "latest_inventory_turnover_ratio": 0.24,
        "latest_reinvestment_rate": -9.47,
        "latest_research_to_sale_ratio": 15.72
    },
    "eps_dividends": {
        "2001": {
            "cash": 0,
            "stock": 0,
            "eps": 0
        },
        "2002": {
            "cash": 0,
            "stock": 0,
            "eps": 0
        },
        "2003": {
            "cash": 0,
            "stock": 0,
            "eps": 0
        },
        "2004": {
            "cash": 2,
            "stock": 2.5,
            "eps": 2.29
        },
        "2005": {
            "cash": 1,
            "stock": 2.5,
            "eps": 5.46
        },
        "2006": {
            "cash": 2.5,
            "stock": 1,
            "eps": 1.96
        },
        "2007": {
            "cash": 0.2,
            "stock": 1.3,
            "eps": 1.43
        },
        "2008": {
            "cash": 0.2,
            "stock": 0.8,
            "eps": -1.3
        },
        "2009": {
            "cash": 0,
            "stock": 0,
            "eps": -3.09
        },
        "2010": {
            "cash": 0,
            "stock": 0,
            "eps": -0.76
        },
        "2011": {
            "cash": 0,
            "stock": 0,
            "eps": -0.81
        },
        "2012": {
            "cash": 0,
            "stock": 0,
            "eps": -0.02
        },
        "2013": {
            "cash": 0,
            "stock": 0,
            "eps": 1.59
        },
        "2014": {
            "cash": 0,
            "stock": 0,
            "eps": 1.49
        },
        "2015": {
            "cash": 0,
            "stock": 0,
            "eps": 1.68
        },
        "2016": {
            "cash": 0.5,
            "stock": 0,
            "eps": 1.24
        },
        "2017": {
            "cash": 0.5,
            "stock": 0,
            "eps": 1.48
        },
        "2018": {
            "cash": 0.8,
            "stock": 0,
            "eps": 1.62
        },
        "2019": {
            "cash": 0.8,
            "stock": 0,
            "eps": 1.43
        },
        "2020": {
            "cash": 0.8,
            "stock": 0,
            "eps": 0.92
        },
        "2021": {
            "cash": 0.8,
            "stock": 0,
            "eps": 2.6
        },
        "2022": {
            "cash": 1,
            "stock": 0,
            "eps": 2.11
        },
        "2023": {
            "cash": 1,
            "stock": 0,
            "eps": 0.34
        }
    },
    "dividends": {
        "2004-03-24": {
            "cash": 2,
            "stock": 2.5
        },
        "2005-04-06": {
            "cash": 1,
            "stock": 2.5
        },
        "2006-04-21": {
            "cash": 2.5,
            "stock": 1
        },
        "2007-04-20": {
            "cash": 0.2,
            "stock": 1.3
        },
        "2008-04-18": {
            "cash": 0.2,
            "stock": 0.8
        },
        "2016-09-22": {
            "cash": 0.5,
            "stock": 0
        },
        "2017-08-18": {
            "cash": 0.5,
            "stock": 0
        },
        "2018-08-10": {
            "cash": 0.8,
            "stock": 0
        },
        "2019-08-08": {
            "cash": 0.8,
            "stock": 0
        },
        "2020-08-05": {
            "cash": 0.8,
            "stock": 0
        },
        "2021-09-09": {
            "cash": 0.8,
            "stock": 0
        },
        "2022-07-28": {
            "cash": 1,
            "stock": 0
        },
        "2023-06-29": {
            "cash": 1,
            "stock": 0
        }
    },
    "prices": {
        "200101": "無",
        "200102": "無",
        "200103": "無",
        "200104": "無",
        "200105": "無",
        "200106": "無",
        "200107": "無",
        "200108": "無",
        "200109": "無",
        "200110": "無",
        "200111": "無",
        "200112": "無",
        "200201": "無",
        "200202": "無",
        "200203": "無",
        "200204": "無",
        "200205": "無",
        "200206": "無",
        "200207": "無",
        "200208": "無",
        "200209": "無",
        "200210": "無",
        "200211": "無",
        "200212": "無",
        "200301": "無",
        "200302": "無",
        "200303": "無",
        "200304": "無",
        "200305": "無",
        "200306": "無",
        "200307": "無",
        "200308": "無",
        "200309": "無",
        "200310": "無",
        "200311": "無",
        "200312": "無",
        "200401": "無",
        "200402": "無",
        "200403": "無",
        "200404": "無",
        "200405": "無",
        "200406": "62.35",
        "200407": "56.67",
        "200408": "41.34",
        "200409": "41.76",
        "200410": "41.86",
        "200411": "41.05",
        "200412": "41.40",
        "200501": "40.85",
        "200502": "44.31",
        "200503": "54.47",
        "200504": "55.46",
        "200505": "55.30",
        "200506": "54.00",
        "200507": "48.25",
        "200508": "40.17",
        "200509": "45.03",
        "200510": "43.38",
        "200511": "40.92",
        "200512": "43.36",
        "200601": "45.11",
        "200602": "45.21",
        "200603": "46.35",
        "200604": "49.45",
        "200605": "44.70",
        "200606": "36.56",
        "200607": "35.52",
        "200608": "29.55",
        "200609": "24.13",
        "200610": "25.06",
        "200611": "24.74",
        "200612": "25.80",
        "200701": "25.70",
        "200702": "26.25",
        "200703": "31.71",
        "200704": "29.94",
        "200705": "30.27",
        "200706": "32.52",
        "200707": "40.00",
        "200708": "34.52",
        "200709": "34.28",
        "200710": "30.35",
        "200711": "24.86",
        "200712": "20.84",
        "200801": "18.55",
        "200802": "17.84",
        "200803": "19.57",
        "200804": "18.45",
        "200805": "17.63",
        "200806": "17.20",
        "200807": "12.40",
        "200808": "10.87",
        "200809": "8.44",
        "200810": "7.12",
        "200811": "7.47",
        "200812": "7.47",
        "200901": "7.27",
        "200902": "6.65",
        "200903": "6.91",
        "200904": "7.84",
        "200905": "7.09",
        "200906": "6.47",
        "200907": "6.95",
        "200908": "7.73",
        "200909": "7.70",
        "200910": "8.51",
        "200911": "9.28",
        "200912": "9.25",
        "201001": "9.70",
        "201002": "8.82",
        "201003": "9.03",
        "201004": "12.19",
        "201005": "10.70",
        "201006": "10.23",
        "201007": "10.13",
        "201008": "10.86",
        "201009": "9.76",
        "201010": "9.08",
        "201011": "7.85",
        "201012": "8.30",
        "201101": "8.54",
        "201102": "9.70",
        "201103": "10.19",
        "201104": "10.30",
        "201105": "9.80",
        "201106": "9.32",
        "201107": "9.09",
        "201108": "8.42",
        "201109": "7.34",
        "201110": "6.48",
        "201111": "5.85",
        "201112": "4.77",
        "201201": "5.05",
        "201202": "6.86",
        "201203": "7.63",
        "201204": "7.29",
        "201205": "6.89",
        "201206": "6.60",
        "201207": "6.41",
        "201208": "6.73",
        "201209": "6.94",
        "201210": "7.43",
        "201211": "7.74",
        "201212": "8.05",
        "201301": "7.34",
        "201302": "6.80",
        "201303": "7.74",
        "201304": "9.18",
        "201305": "12.12",
        "201306": "14.90",
        "201307": "14.93",
        "201308": "15.21",
        "201309": "13.54",
        "201310": "14.41",
        "201311": "14.61",
        "201312": "14.41",
        "201401": "16.17",
        "201402": "17.54",
        "201403": "16.38",
        "201404": "15.11",
        "201405": "14.35",
        "201406": "14.50",
        "201407": "16.11",
        "201408": "16.19",
        "201409": "15.93",
        "201410": "14.81",
        "201411": "14.24",
        "201412": "14.09",
        "201501": "14.88",
        "201502": "15.15",
        "201503": "16.78",
        "201504": "16.52",
        "201505": "17.43",
        "201506": "16.43",
        "201507": "17.78",
        "201508": "18.26",
        "201509": "20.09",
        "201510": "17.43",
        "201511": "17.90",
        "201512": "16.90",
        "201601": "15.89",
        "201602": "16.48",
        "201603": "16.83",
        "201604": "15.84",
        "201605": "14.25",
        "201606": "14.15",
        "201607": "15.18",
        "201608": "14.96",
        "201609": "15.06",
        "201610": "14.63",
        "201611": "13.91",
        "201612": "14.18",
        "201701": "14.04",
        "201702": "14.06",
        "201703": "13.92",
        "201704": "13.94",
        "201705": "14.34",
        "201706": "14.79",
        "201707": "14.73",
        "201708": "14.86",
        "201709": "16.78",
        "201710": "16.67",
        "201711": "16.12",
        "201712": "14.89",
        "201801": "15.01",
        "201802": "13.93",
        "201803": "13.98",
        "201804": "14.09",
        "201805": "13.89",
        "201806": "13.85",
        "201807": "13.00",
        "201808": "12.89",
        "201809": "12.94",
        "201810": "12.38",
        "201811": "12.10",
        "201812": "12.49",
        "201901": "12.54",
        "201902": "13.44",
        "201903": "13.56",
        "201904": "14.48",
        "201905": "13.70",
        "201906": "13.67",
        "201907": "13.02",
        "201908": "12.53",
        "201909": "12.77",
        "201910": "12.67",
        "201911": "13.12",
        "201912": "13.91",
        "202001": "13.88",
        "202002": "13.50",
        "202003": "12.45",
        "202004": "12.68",
        "202005": "13.40",
        "202006": "13.99",
        "202007": "13.30",
        "202008": "13.25",
        "202009": "13.11",
        "202010": "13.11",
        "202011": "12.98",
        "202012": "13.06",
        "202101": "13.09",
        "202102": "13.27",
        "202103": "14.48",
        "202104": "17.38",
        "202105": "15.43",
        "202106": "16.24",
        "202107": "16.27",
        "202108": "17.25",
        "202109": "18.26",
        "202110": "19.67",
        "202111": "21.20",
        "202112": "24.19",
        "202201": "21.75",
        "202202": "20.34",
        "202203": "19.21",
        "202204": "19.07",
        "202205": "18.27",
        "202206": "18.45",
        "202207": "15.86",
        "202208": "17.51",
        "202209": "16.79",
        "202210": "15.54",
        "202211": "16.18",
        "202212": "16.70",
        "202301": "17.00",
        "202302": "18.02",
        "202303": "18.09",
        "202304": "18.14",
        "202305": "18.57",
        "202306": "18.99",
        "202307": "20.38",
        "202308": "20.17",
        "202309": "20.17",
        "202310": "19.93",
        "202311": "20.12",
        "202312": "20.71"
    },
    "quarters": {
        "20011": {
            "year_quarter": 20011,
            "year": 2001,
            "quarter": 1,
            "eps": null,
            "eps_growth_year": null,
            "eps_4q": null,
            "eps_4q_growth_year": null,
            "roe": null,
            "roe_4q": 0,
            "gross_profit": null,
            "gross_margin": null,
            "gross_margin_4q_avg": 0,
            "net_income": null,
            "net_income_4q": null,
            "revenue": null,
            "revenue_4q": null,
            "common_shares": null,
            "book_valuer_per_share": null,
            "book_valuer_per_share_4q_avg": 0,
            "equity": null,
            "current_ratio": null,
            "debt_ratio": null,
            "inventory_turnover_ratio": null,
            "account_receivable_turnover_ratio": null,
            "reinvestment_rate": null,
            "research_to_sale_ratio": null,
            "price_fair": 0,
            "eps_avg_yearly": 0,
            "eps_latest_yearly": 0,
            "eps_growth_yearly": 0
        },
        "20012": {
            "year_quarter": 20012,
            "year": 2001,
            "quarter": 2,
            "eps": null,
            "eps_growth_year": null,
            "eps_4q": null,
            "eps_4q_growth_year": null,
            "roe": null,
            "roe_4q": 0,
            "gross_profit": null,
            "gross_margin": null,
            "gross_margin_4q_avg": 0,
            "net_income": null,
            "net_income_4q": null,
            "revenue": null,
            "revenue_4q": null,
            "common_shares": null,
            "book_valuer_per_share": null,
            "book_valuer_per_share_4q_avg": 0,
            "equity": null,
            "current_ratio": null,
            "debt_ratio": null,
            "inventory_turnover_ratio": null,
            "account_receivable_turnover_ratio": null,
            "reinvestment_rate": null,
            "research_to_sale_ratio": null,
            "price_fair": 0,
            "eps_avg_yearly": 0,
            "eps_latest_yearly": 0,
            "eps_growth_yearly": 0
        },
        "20013": {
            "year_quarter": 20013,
            "year": 2001,
            "quarter": 3,
            "eps": null,
            "eps_growth_year": null,
            "eps_4q": null,
            "eps_4q_growth_year": null,
            "roe": null,
            "roe_4q": 0,
            "gross_profit": null,
            "gross_margin": null,
            "gross_margin_4q_avg": 0,
            "net_income": null,
            "net_income_4q": null,
            "revenue": null,
            "revenue_4q": null,
            "common_shares": null,
            "book_valuer_per_share": null,
            "book_valuer_per_share_4q_avg": 0,
            "equity": null,
            "current_ratio": null,
            "debt_ratio": null,
            "inventory_turnover_ratio": null,
            "account_receivable_turnover_ratio": null,
            "reinvestment_rate": null,
            "research_to_sale_ratio": null,
            "price_fair": 0,
            "eps_avg_yearly": 0,
            "eps_latest_yearly": 0,
            "eps_growth_yearly": 0
        },
        "20014": {
            "year_quarter": 20014,
            "year": 2001,
            "quarter": 4,
            "eps": null,
            "eps_growth_year": null,
            "eps_4q": null,
            "eps_4q_growth_year": null,
            "roe": null,
            "roe_4q": 0,
            "gross_profit": null,
            "gross_margin": null,
            "gross_margin_4q_avg": 0,
            "net_income": null,
            "net_income_4q": null,
            "revenue": null,
            "revenue_4q": null,
            "common_shares": 190000,
            "book_valuer_per_share": 10.41,
            "book_valuer_per_share_4q_avg": 2.6,
            "equity": 197796,
            "current_ratio": 70.26,
            "debt_ratio": 56.33,
            "inventory_turnover_ratio": null,
            "account_receivable_turnover_ratio": null,
            "reinvestment_rate": null,
            "research_to_sale_ratio": null,
            "price_fair": 0,
            "eps_avg_yearly": 0,
            "eps_latest_yearly": 0,
            "eps_growth_yearly": 0
        },
        "20021": {
            "year_quarter": 20021,
            "year": 2002,
            "quarter": 1,
            "eps": null,
            "eps_growth_year": null,
            "eps_4q": null,
            "eps_4q_growth_year": null,
            "roe": null,
            "roe_4q": 0,
            "gross_profit": null,
            "gross_margin": null,
            "gross_margin_4q_avg": 0,
            "net_income": null,
            "net_income_4q": null,
            "revenue": null,
            "revenue_4q": null,
            "common_shares": null,
            "book_valuer_per_share": null,
            "book_valuer_per_share_4q_avg": 2.6,
            "equity": null,
            "current_ratio": null,
            "debt_ratio": null,
            "inventory_turnover_ratio": null,
            "account_receivable_turnover_ratio": null,
            "reinvestment_rate": null,
            "research_to_sale_ratio": null,
            "price_fair": 0,
            "eps_avg_yearly": 0,
            "eps_latest_yearly": 0,
            "eps_growth_yearly": 0
        },
        "20022": {
            "year_quarter": 20022,
            "year": 2002,
            "quarter": 2,
            "eps": null,
            "eps_growth_year": null,
            "eps_4q": null,
            "eps_4q_growth_year": null,
            "roe": null,
            "roe_4q": 0,
            "gross_profit": null,
            "gross_margin": null,
            "gross_margin_4q_avg": 0,
            "net_income": null,
            "net_income_4q": null,
            "revenue": null,
            "revenue_4q": null,
            "common_shares": null,
            "book_valuer_per_share": null,
            "book_valuer_per_share_4q_avg": 2.6,
            "equity": null,
            "current_ratio": null,
            "debt_ratio": null,
            "inventory_turnover_ratio": null,
            "account_receivable_turnover_ratio": null,
            "reinvestment_rate": null,
            "research_to_sale_ratio": null,
            "price_fair": 0,
            "eps_avg_yearly": 0,
            "eps_latest_yearly": 0,
            "eps_growth_yearly": 0
        },
        "20023": {
            "year_quarter": 20023,
            "year": 2002,
            "quarter": 3,
            "eps": null,
            "eps_growth_year": null,
            "eps_4q": null,
            "eps_4q_growth_year": null,
            "roe": null,
            "roe_4q": 0,
            "gross_profit": null,
            "gross_margin": null,
            "gross_margin_4q_avg": 0,
            "net_income": null,
            "net_income_4q": null,
            "revenue": null,
            "revenue_4q": null,
            "common_shares": null,
            "book_valuer_per_share": null,
            "book_valuer_per_share_4q_avg": 2.6,
            "equity": null,
            "current_ratio": null,
            "debt_ratio": null,
            "inventory_turnover_ratio": null,
            "account_receivable_turnover_ratio": null,
            "reinvestment_rate": null,
            "research_to_sale_ratio": null,
            "price_fair": 0,
            "eps_avg_yearly": 0,
            "eps_latest_yearly": 0,
            "eps_growth_yearly": 0
        },
        "20024": {
            "year_quarter": 20024,
            "year": 2002,
            "quarter": 4,
            "eps": null,
            "eps_growth_year": null,
            "eps_4q": null,
            "eps_4q_growth_year": null,
            "roe": null,
            "roe_4q": 0,
            "gross_profit": null,
            "gross_margin": null,
            "gross_margin_4q_avg": 0,
            "net_income": null,
            "net_income_4q": null,
            "revenue": null,
            "revenue_4q": null,
            "common_shares": 190000,
            "book_valuer_per_share": 14.22,
            "book_valuer_per_share_4q_avg": 3.56,
            "equity": 270143,
            "current_ratio": 186.94,
            "debt_ratio": 51.15,
            "inventory_turnover_ratio": null,
            "account_receivable_turnover_ratio": null,
            "reinvestment_rate": null,
            "research_to_sale_ratio": null,
            "price_fair": 0,
            "eps_avg_yearly": 0,
            "eps_latest_yearly": 0,
            "eps_growth_yearly": 0
        },
        "20031": {
            "year_quarter": 20031,
            "year": 2003,
            "quarter": 1,
            "eps": null,
            "eps_growth_year": null,
            "eps_4q": null,
            "eps_4q_growth_year": null,
            "roe": null,
            "roe_4q": 0,
            "gross_profit": null,
            "gross_margin": null,
            "gross_margin_4q_avg": 0,
            "net_income": null,
            "net_income_4q": null,
            "revenue": null,
            "revenue_4q": null,
            "common_shares": null,
            "book_valuer_per_share": null,
            "book_valuer_per_share_4q_avg": 3.56,
            "equity": null,
            "current_ratio": null,
            "debt_ratio": null,
            "inventory_turnover_ratio": null,
            "account_receivable_turnover_ratio": null,
            "reinvestment_rate": null,
            "research_to_sale_ratio": null,
            "price_fair": 0,
            "eps_avg_yearly": 0,
            "eps_latest_yearly": 0,
            "eps_growth_yearly": 0
        },
        "20032": {
            "year_quarter": 20032,
            "year": 2003,
            "quarter": 2,
            "eps": null,
            "eps_growth_year": null,
            "eps_4q": null,
            "eps_4q_growth_year": null,
            "roe": null,
            "roe_4q": 0,
            "gross_profit": null,
            "gross_margin": null,
            "gross_margin_4q_avg": 0,
            "net_income": null,
            "net_income_4q": null,
            "revenue": null,
            "revenue_4q": null,
            "common_shares": null,
            "book_valuer_per_share": null,
            "book_valuer_per_share_4q_avg": 3.56,
            "equity": null,
            "current_ratio": null,
            "debt_ratio": null,
            "inventory_turnover_ratio": null,
            "account_receivable_turnover_ratio": null,
            "reinvestment_rate": null,
            "research_to_sale_ratio": null,
            "price_fair": 0,
            "eps_avg_yearly": 0,
            "eps_latest_yearly": 0,
            "eps_growth_yearly": 0
        },
        "20033": {
            "year_quarter": 20033,
            "year": 2003,
            "quarter": 3,
            "eps": null,
            "eps_growth_year": null,
            "eps_4q": null,
            "eps_4q_growth_year": null,
            "roe": null,
            "roe_4q": 0,
            "gross_profit": null,
            "gross_margin": null,
            "gross_margin_4q_avg": 0,
            "net_income": null,
            "net_income_4q": null,
            "revenue": null,
            "revenue_4q": null,
            "common_shares": null,
            "book_valuer_per_share": null,
            "book_valuer_per_share_4q_avg": 3.56,
            "equity": null,
            "current_ratio": null,
            "debt_ratio": null,
            "inventory_turnover_ratio": null,
            "account_receivable_turnover_ratio": null,
            "reinvestment_rate": null,
            "research_to_sale_ratio": null,
            "price_fair": 0,
            "eps_avg_yearly": 0,
            "eps_latest_yearly": 0,
            "eps_growth_yearly": 0
        },
        "20034": {
            "year_quarter": 20034,
            "year": 2003,
            "quarter": 4,
            "eps": null,
            "eps_growth_year": null,
            "eps_4q": null,
            "eps_4q_growth_year": null,
            "roe": null,
            "roe_4q": 0,
            "gross_profit": null,
            "gross_margin": null,
            "gross_margin_4q_avg": 0,
            "net_income": null,
            "net_income_4q": null,
            "revenue": null,
            "revenue_4q": null,
            "common_shares": 241080,
            "book_valuer_per_share": 17.17,
            "book_valuer_per_share_4q_avg": 4.29,
            "equity": 414007,
            "current_ratio": 230.71,
            "debt_ratio": 38.81,
            "inventory_turnover_ratio": null,
            "account_receivable_turnover_ratio": null,
            "reinvestment_rate": null,
            "research_to_sale_ratio": null,
            "price_fair": 0,
            "eps_avg_yearly": 0,
            "eps_latest_yearly": 0,
            "eps_growth_yearly": 0
        },
        "20041": {
            "year_quarter": 20041,
            "year": 2004,
            "quarter": 1,
            "eps": null,
            "eps_growth_year": null,
            "eps_4q": null,
            "eps_4q_growth_year": null,
            "roe": null,
            "roe_4q": 0,
            "gross_profit": null,
            "gross_margin": null,
            "gross_margin_4q_avg": 0,
            "net_income": null,
            "net_income_4q": null,
            "revenue": null,
            "revenue_4q": null,
            "common_shares": null,
            "book_valuer_per_share": null,
            "book_valuer_per_share_4q_avg": 4.29,
            "equity": null,
            "current_ratio": null,
            "debt_ratio": null,
            "inventory_turnover_ratio": null,
            "account_receivable_turnover_ratio": null,
            "reinvestment_rate": null,
            "research_to_sale_ratio": null,
            "price_fair": 0,
            "eps_avg_yearly": 0,
            "eps_latest_yearly": 0,
            "eps_growth_yearly": 0
        },
        "20042": {
            "year_quarter": 20042,
            "year": 2004,
            "quarter": 2,
            "eps": null,
            "eps_growth_year": null,
            "eps_4q": null,
            "eps_4q_growth_year": null,
            "roe": null,
            "roe_4q": 0,
            "gross_profit": null,
            "gross_margin": null,
            "gross_margin_4q_avg": 0,
            "net_income": null,
            "net_income_4q": null,
            "revenue": null,
            "revenue_4q": null,
            "common_shares": null,
            "book_valuer_per_share": null,
            "book_valuer_per_share_4q_avg": 4.29,
            "equity": null,
            "current_ratio": null,
            "debt_ratio": null,
            "inventory_turnover_ratio": null,
            "account_receivable_turnover_ratio": null,
            "reinvestment_rate": null,
            "research_to_sale_ratio": null,
            "price_fair": 0,
            "eps_avg_yearly": 0,
            "eps_latest_yearly": 0,
            "eps_growth_yearly": 0
        },
        "20043": {
            "year_quarter": 20043,
            "year": 2004,
            "quarter": 3,
            "eps": 1.94,
            "eps_growth_year": null,
            "eps_4q": null,
            "eps_4q_growth_year": null,
            "roe": 12.24,
            "roe_4q": 12.24,
            "gross_profit": 113018,
            "gross_margin": 32.06,
            "gross_margin_4q_avg": 8.02,
            "net_income": 58529,
            "net_income_4q": null,
            "revenue": 352499,
            "revenue_4q": null,
            "common_shares": 301350,
            "book_valuer_per_share": 15.86,
            "book_valuer_per_share_4q_avg": 8.26,
            "equity": 478055,
            "current_ratio": 172.07,
            "debt_ratio": 48.19,
            "inventory_turnover_ratio": 2.04,
            "account_receivable_turnover_ratio": null,
            "reinvestment_rate": null,
            "research_to_sale_ratio": null,
            "price_fair": 0,
            "eps_avg_yearly": 0,
            "eps_latest_yearly": 0,
            "eps_growth_yearly": 0
        },
        "20044": {
            "year_quarter": 20044,
            "year": 2004,
            "quarter": 4,
            "eps": 0.35,
            "eps_growth_year": null,
            "eps_4q": null,
            "eps_4q_growth_year": null,
            "roe": 2.18,
            "roe_4q": 14.42,
            "gross_profit": 71162,
            "gross_margin": 30.46,
            "gross_margin_4q_avg": 15.63,
            "net_income": 10518,
            "net_income_4q": null,
            "revenue": 233619,
            "revenue_4q": null,
            "common_shares": 301350,
            "book_valuer_per_share": 16.15,
            "book_valuer_per_share_4q_avg": 8,
            "equity": 486621,
            "current_ratio": 194.65,
            "debt_ratio": 41.75,
            "inventory_turnover_ratio": 1.42,
            "account_receivable_turnover_ratio": null,
            "reinvestment_rate": null,
            "research_to_sale_ratio": null,
            "price_fair": 4.2,
            "eps_avg_yearly": 1.4,
            "eps_latest_yearly": 1.4,
            "eps_growth_yearly": -327.84
        },
        "20051": {
            "year_quarter": 20051,
            "year": 2005,
            "quarter": 1,
            "eps": 1.42,
            "eps_growth_year": null,
            "eps_4q": null,
            "eps_4q_growth_year": null,
            "roe": 8.45,
            "roe_4q": 22.869999999999997,
            "gross_profit": 83463,
            "gross_margin": 30.19,
            "gross_margin_4q_avg": 23.18,
            "net_income": 42912,
            "net_income_4q": null,
            "revenue": 276429,
            "revenue_4q": null,
            "common_shares": 301350,
            "book_valuer_per_share": 17.57,
            "book_valuer_per_share_4q_avg": 12.4,
            "equity": 529533,
            "current_ratio": 202.54,
            "debt_ratio": 39.61,
            "inventory_turnover_ratio": 1.79,
            "account_receivable_turnover_ratio": null,
            "reinvestment_rate": null,
            "research_to_sale_ratio": null,
            "price_fair": 123.9,
            "eps_avg_yearly": 3.54,
            "eps_latest_yearly": 5.68,
            "eps_growth_yearly": 447.51
        },
        "20052": {
            "year_quarter": 20052,
            "year": 2005,
            "quarter": 2,
            "eps": 0.84,
            "eps_growth_year": null,
            "eps_4q": 3.78,
            "eps_4q_growth_year": null,
            "roe": 6.05,
            "roe_4q": 28.92,
            "gross_profit": 77781,
            "gross_margin": 30.99,
            "gross_margin_4q_avg": 30.93,
            "net_income": 32015,
            "net_income_4q": null,
            "revenue": 251000,
            "revenue_4q": null,
            "common_shares": 301350,
            "book_valuer_per_share": 17.55,
            "book_valuer_per_share_4q_avg": 16.78,
            "equity": 529004,
            "current_ratio": 177.84,
            "debt_ratio": 43.71,
            "inventory_turnover_ratio": 1.42,
            "account_receivable_turnover_ratio": null,
            "reinvestment_rate": null,
            "research_to_sale_ratio": null,
            "price_fair": 121.8,
            "eps_avg_yearly": 3.48,
            "eps_latest_yearly": 3.36,
            "eps_growth_yearly": 243.88
        },
        "20053": {
            "year_quarter": 20053,
            "year": 2005,
            "quarter": 3,
            "eps": 2.08,
            "eps_growth_year": 7.22,
            "eps_4q": 4.32,
            "eps_4q_growth_year": null,
            "roe": 13.89,
            "roe_4q": 30.57,
            "gross_profit": 111742,
            "gross_margin": 34.17,
            "gross_margin_4q_avg": 31.45,
            "net_income": 79449,
            "net_income_4q": null,
            "revenue": 327060,
            "revenue_4q": null,
            "common_shares": 381160,
            "book_valuer_per_share": 16.14,
            "book_valuer_per_share_4q_avg": 16.85,
            "equity": 615219,
            "current_ratio": 205.1,
            "debt_ratio": 39.13,
            "inventory_turnover_ratio": 1.58,
            "account_receivable_turnover_ratio": null,
            "reinvestment_rate": null,
            "research_to_sale_ratio": null,
            "price_fair": 164.15,
            "eps_avg_yearly": 4.69,
            "eps_latest_yearly": 8.32,
            "eps_growth_yearly": 330.53
        },
        "20054": {
            "year_quarter": 20054,
            "year": 2005,
            "quarter": 4,
            "eps": 1.12,
            "eps_growth_year": 220,
            "eps_4q": 5.18,
            "eps_4q_growth_year": null,
            "roe": 6.7,
            "roe_4q": 35.09,
            "gross_profit": 83211,
            "gross_margin": 36.59,
            "gross_margin_4q_avg": 32.99,
            "net_income": 42552,
            "net_income_4q": null,
            "revenue": 227431,
            "revenue_4q": null,
            "common_shares": 381160,
            "book_valuer_per_share": 17.16,
            "book_valuer_per_share_4q_avg": 17.11,
            "equity": 654239,
            "current_ratio": 242.2,
            "debt_ratio": 35.22,
            "inventory_turnover_ratio": 0.99,
            "account_receivable_turnover_ratio": null,
            "reinvestment_rate": null,
            "research_to_sale_ratio": null,
            "price_fair": 162.68,
            "eps_avg_yearly": 4.65,
            "eps_latest_yearly": 4.48,
            "eps_growth_yearly": 227.5
        },
        "20061": {
            "year_quarter": 20061,
            "year": 2006,
            "quarter": 1,
            "eps": 1.13,
            "eps_growth_year": -20.42,
            "eps_4q": 5.18,
            "eps_4q_growth_year": null,
            "roe": 6.36,
            "roe_4q": 33,
            "gross_profit": 93075,
            "gross_margin": 32.25,
            "gross_margin_4q_avg": 33.5,
            "net_income": 42960,
            "net_income_4q": null,
            "revenue": 288640,
            "revenue_4q": null,
            "common_shares": 381160,
            "book_valuer_per_share": 18.27,
            "book_valuer_per_share_4q_avg": 17.28,
            "equity": 696399,
            "current_ratio": 166.45,
            "debt_ratio": 34.34,
            "inventory_turnover_ratio": 1.39,
            "account_receivable_turnover_ratio": null,
            "reinvestment_rate": null,
            "research_to_sale_ratio": null,
            "price_fair": 161.93,
            "eps_avg_yearly": 4.63,
            "eps_latest_yearly": 4.52,
            "eps_growth_yearly": 190.18
        },
        "20062": {
            "year_quarter": 20062,
            "year": 2006,
            "quarter": 2,
            "eps": 0.42,
            "eps_growth_year": -50,
            "eps_4q": 4.71,
            "eps_4q_growth_year": 24.67,
            "roe": 2.47,
            "roe_4q": 29.42,
            "gross_profit": 55005,
            "gross_margin": 31.27,
            "gross_margin_4q_avg": 33.57,
            "net_income": 16152,
            "net_income_4q": null,
            "revenue": 175904,
            "revenue_4q": null,
            "common_shares": 381160,
            "book_valuer_per_share": 16.06,
            "book_valuer_per_share_4q_avg": 16.91,
            "equity": 612051,
            "current_ratio": 143.21,
            "debt_ratio": 36.64,
            "inventory_turnover_ratio": 0.89,
            "account_receivable_turnover_ratio": null,
            "reinvestment_rate": null,
            "research_to_sale_ratio": null,
            "price_fair": 147.2,
            "eps_avg_yearly": 4.21,
            "eps_latest_yearly": 1.68,
            "eps_growth_yearly": 127.11
        },
        "20063": {
            "year_quarter": 20063,
            "year": 2006,
            "quarter": 3,
            "eps": 0.02,
            "eps_growth_year": -99.04,
            "eps_4q": 2.05,
            "eps_4q_growth_year": -52.44,
            "roe": 0.16,
            "roe_4q": 15.690000000000001,
            "gross_profit": 30663,
            "gross_margin": 23.4,
            "gross_margin_4q_avg": 30.88,
            "net_income": 1000,
            "net_income_4q": null,
            "revenue": 131055,
            "revenue_4q": null,
            "common_shares": 424607,
            "book_valuer_per_share": 14.57,
            "book_valuer_per_share_4q_avg": 16.52,
            "equity": 618691,
            "current_ratio": 146.19,
            "debt_ratio": 36.26,
            "inventory_turnover_ratio": 0.65,
            "account_receivable_turnover_ratio": null,
            "reinvestment_rate": null,
            "research_to_sale_ratio": null,
            "price_fair": 129.15,
            "eps_avg_yearly": 3.69,
            "eps_latest_yearly": 0.08,
            "eps_growth_yearly": 63.6
        },
        "20064": {
            "year_quarter": 20064,
            "year": 2006,
            "quarter": 4,
            "eps": 0.39,
            "eps_growth_year": -65.18,
            "eps_4q": 1.79,
            "eps_4q_growth_year": -65.42,
            "roe": 2.67,
            "roe_4q": 11.66,
            "gross_profit": 48374,
            "gross_margin": 29.71,
            "gross_margin_4q_avg": 29.16,
            "net_income": 16715,
            "net_income_4q": null,
            "revenue": 162830,
            "revenue_4q": null,
            "common_shares": 424607,
            "book_valuer_per_share": 14.95,
            "book_valuer_per_share_4q_avg": 15.96,
            "equity": 634910,
            "current_ratio": 157.58,
            "debt_ratio": 33.75,
            "inventory_turnover_ratio": 0.73,
            "account_receivable_turnover_ratio": null,
            "reinvestment_rate": null,
            "research_to_sale_ratio": null,
            "price_fair": 120.87,
            "eps_avg_yearly": 3.45,
            "eps_latest_yearly": 1.56,
            "eps_growth_yearly": 878.75
        },
        "20071": {
            "year_quarter": 20071,
            "year": 2007,
            "quarter": 1,
            "eps": 0.54,
            "eps_growth_year": -52.21,
            "eps_4q": 1.34,
            "eps_4q_growth_year": -74.14,
            "roe": 3.53,
            "roe_4q": 8.83,
            "gross_profit": 56514,
            "gross_margin": 25.87,
            "gross_margin_4q_avg": 27.56,
            "net_income": 22871,
            "net_income_4q": null,
            "revenue": 218447,
            "revenue_4q": null,
            "common_shares": 424607,
            "book_valuer_per_share": 15.59,
            "book_valuer_per_share_4q_avg": 15.29,
            "equity": 661866,
            "current_ratio": 173.59,
            "debt_ratio": 30.45,
            "inventory_turnover_ratio": 1.14,
            "account_receivable_turnover_ratio": null,
            "reinvestment_rate": null,
            "research_to_sale_ratio": null,
            "price_fair": 116.34,
            "eps_avg_yearly": 3.32,
            "eps_latest_yearly": 2.16,
            "eps_growth_yearly": 806.26
        },
        "20072": {
            "year_quarter": 20072,
            "year": 2007,
            "quarter": 2,
            "eps": 0.5,
            "eps_growth_year": 19.05,
            "eps_4q": 1.45,
            "eps_4q_growth_year": -69.2,
            "roe": 3.2,
            "roe_4q": 9.56,
            "gross_profit": 70498,
            "gross_margin": 32.88,
            "gross_margin_4q_avg": 27.97,
            "net_income": 21348,
            "net_income_4q": null,
            "revenue": 214423,
            "revenue_4q": null,
            "common_shares": 424607,
            "book_valuer_per_share": 15.84,
            "book_valuer_per_share_4q_avg": 15.24,
            "equity": 672452,
            "current_ratio": 164.47,
            "debt_ratio": 34.62,
            "inventory_turnover_ratio": 1.03,
            "account_receivable_turnover_ratio": null,
            "reinvestment_rate": null,
            "research_to_sale_ratio": null,
            "price_fair": 112.13,
            "eps_avg_yearly": 3.2,
            "eps_latest_yearly": 2,
            "eps_growth_yearly": 730.27
        },
        "20073": {
            "year_quarter": 20073,
            "year": 2007,
            "quarter": 3,
            "eps": 0.42,
            "eps_growth_year": 2000,
            "eps_4q": 1.69,
            "eps_4q_growth_year": -17.78,
            "roe": 2.95,
            "roe_4q": 12.35,
            "gross_profit": 52837,
            "gross_margin": 21.96,
            "gross_margin_4q_avg": 27.61,
            "net_income": 20181,
            "net_income_4q": null,
            "revenue": 240587,
            "revenue_4q": null,
            "common_shares": 482306,
            "book_valuer_per_share": 14.39,
            "book_valuer_per_share_4q_avg": 15.19,
            "equity": 694156,
            "current_ratio": 189.86,
            "debt_ratio": 28.98,
            "inventory_turnover_ratio": 1.23,
            "account_receivable_turnover_ratio": null,
            "reinvestment_rate": null,
            "research_to_sale_ratio": null,
            "price_fair": 107.68,
            "eps_avg_yearly": 3.08,
            "eps_latest_yearly": 1.68,
            "eps_growth_yearly": 664.08
        },
        "20074": {
            "year_quarter": 20074,
            "year": 2007,
            "quarter": 4,
            "eps": -0.03,
            "eps_growth_year": -107.69,
            "eps_4q": 1.3,
            "eps_4q_growth_year": -27.48,
            "roe": -0.24,
            "roe_4q": 9.44,
            "gross_profit": 26375,
            "gross_margin": 24.57,
            "gross_margin_4q_avg": 26.32,
            "net_income": -1658,
            "net_income_4q": null,
            "revenue": 107347,
            "revenue_4q": null,
            "common_shares": 482306,
            "book_valuer_per_share": 14.43,
            "book_valuer_per_share_4q_avg": 15.06,
            "equity": 696086,
            "current_ratio": 180.13,
            "debt_ratio": 30.11,
            "inventory_turnover_ratio": 0.49,
            "account_receivable_turnover_ratio": null,
            "reinvestment_rate": null,
            "research_to_sale_ratio": null,
            "price_fair": 107.68,
            "eps_avg_yearly": 3.08,
            "eps_latest_yearly": 1.68,
            "eps_growth_yearly": 664.08
        },
        "20081": {
            "year_quarter": 20081,
            "year": 2008,
            "quarter": 1,
            "eps": 0.04,
            "eps_growth_year": -92.59,
            "eps_4q": 0.85,
            "eps_4q_growth_year": -36.18,
            "roe": 0.28,
            "roe_4q": 6.19,
            "gross_profit": 34886,
            "gross_margin": 25.31,
            "gross_margin_4q_avg": 26.18,
            "net_income": 1957,
            "net_income_4q": null,
            "revenue": 137832,
            "revenue_4q": null,
            "common_shares": 482306,
            "book_valuer_per_share": 14.4,
            "book_valuer_per_share_4q_avg": 14.77,
            "equity": 694365,
            "current_ratio": 199.9,
            "debt_ratio": 26.8,
            "inventory_turnover_ratio": 0.58,
            "account_receivable_turnover_ratio": null,
            "reinvestment_rate": null,
            "research_to_sale_ratio": null,
            "price_fair": 107.68,
            "eps_avg_yearly": 3.08,
            "eps_latest_yearly": 1.68,
            "eps_growth_yearly": 664.08
        },
        "20082": {
            "year_quarter": 20082,
            "year": 2008,
            "quarter": 2,
            "eps": -0.19,
            "eps_growth_year": -138,
            "eps_4q": 0.22,
            "eps_4q_growth_year": -85.06,
            "roe": -1.46,
            "roe_4q": 1.5300000000000002,
            "gross_profit": 14646,
            "gross_margin": 11.53,
            "gross_margin_4q_avg": 20.84,
            "net_income": -10030,
            "net_income_4q": null,
            "revenue": 127067,
            "revenue_4q": null,
            "common_shares": 482306,
            "book_valuer_per_share": 14.03,
            "book_valuer_per_share_4q_avg": 14.31,
            "equity": 676447,
            "current_ratio": 203.81,
            "debt_ratio": 25.52,
            "inventory_turnover_ratio": 0.69,
            "account_receivable_turnover_ratio": null,
            "reinvestment_rate": 105.26,
            "research_to_sale_ratio": null,
            "price_fair": 107.68,
            "eps_avg_yearly": 3.08,
            "eps_latest_yearly": 1.68,
            "eps_growth_yearly": 664.08
        },
        "20083": {
            "year_quarter": 20083,
            "year": 2008,
            "quarter": 3,
            "eps": 0.16,
            "eps_growth_year": -61.9,
            "eps_4q": -0.03,
            "eps_4q_growth_year": -101.68,
            "roe": 1.21,
            "roe_4q": -0.20999999999999996,
            "gross_profit": 24683,
            "gross_margin": 19.53,
            "gross_margin_4q_avg": 20.24,
            "net_income": 8264,
            "net_income_4q": null,
            "revenue": 126388,
            "revenue_4q": null,
            "common_shares": 527168,
            "book_valuer_per_share": 13.14,
            "book_valuer_per_share_4q_avg": 14,
            "equity": 692717,
            "current_ratio": 217.55,
            "debt_ratio": 24.08,
            "inventory_turnover_ratio": 0.71,
            "account_receivable_turnover_ratio": null,
            "reinvestment_rate": 42.18,
            "research_to_sale_ratio": null,
            "price_fair": 107.68,
            "eps_avg_yearly": 3.08,
            "eps_latest_yearly": 1.68,
            "eps_growth_yearly": 664.08
        },
        "20084": {
            "year_quarter": 20084,
            "year": 2008,
            "quarter": 4,
            "eps": -1.31,
            "eps_growth_year": null,
            "eps_4q": -1.31,
            "eps_4q_growth_year": -200.77,
            "roe": -10.54,
            "roe_4q": -10.51,
            "gross_profit": 16355,
            "gross_margin": 14.89,
            "gross_margin_4q_avg": 17.82,
            "net_income": -68921,
            "net_income_4q": null,
            "revenue": 109872,
            "revenue_4q": null,
            "common_shares": 527168,
            "book_valuer_per_share": 11.68,
            "book_valuer_per_share_4q_avg": 13.31,
            "equity": 615677,
            "current_ratio": 193.14,
            "debt_ratio": 26.55,
            "inventory_turnover_ratio": 0.62,
            "account_receivable_turnover_ratio": 1.71,
            "reinvestment_rate": 42.38,
            "research_to_sale_ratio": null,
            "price_fair": 113.02,
            "eps_avg_yearly": 3.23,
            "eps_latest_yearly": 1.68,
            "eps_growth_yearly": 754.26
        },
        "20091": {
            "year_quarter": 20091,
            "year": 2009,
            "quarter": 1,
            "eps": -0.07,
            "eps_growth_year": -275,
            "eps_4q": -1.44,
            "eps_4q_growth_year": -268.16,
            "roe": -0.54,
            "roe_4q": -11.329999999999998,
            "gross_profit": 9097,
            "gross_margin": 9.9,
            "gross_margin_4q_avg": 13.96,
            "net_income": -3355,
            "net_income_4q": null,
            "revenue": 91854,
            "revenue_4q": null,
            "common_shares": 515008,
            "book_valuer_per_share": 11.97,
            "book_valuer_per_share_4q_avg": 12.71,
            "equity": 616359,
            "current_ratio": 202.57,
            "debt_ratio": 25.5,
            "inventory_turnover_ratio": 0.53,
            "account_receivable_turnover_ratio": 0.62,
            "reinvestment_rate": 49.7,
            "research_to_sale_ratio": null,
            "price_fair": 104.44,
            "eps_avg_yearly": 2.98,
            "eps_latest_yearly": 1.68,
            "eps_growth_yearly": 707.4
        },
        "20092": {
            "year_quarter": 20092,
            "year": 2009,
            "quarter": 2,
            "eps": -2.46,
            "eps_growth_year": null,
            "eps_4q": -3.71,
            "eps_4q_growth_year": -1810.3,
            "roe": -23.02,
            "roe_4q": -32.88999999999999,
            "gross_profit": 406,
            "gross_margin": 0.5,
            "gross_margin_4q_avg": 11.21,
            "net_income": -126832,
            "net_income_4q": null,
            "revenue": 81720,
            "revenue_4q": null,
            "common_shares": 515008,
            "book_valuer_per_share": 9.43,
            "book_valuer_per_share_4q_avg": 11.56,
            "equity": 485513,
            "current_ratio": 203.28,
            "debt_ratio": 29.34,
            "inventory_turnover_ratio": 0.56,
            "account_receivable_turnover_ratio": 0.75,
            "reinvestment_rate": 156.45,
            "research_to_sale_ratio": null,
            "price_fair": 102.98,
            "eps_avg_yearly": 2.94,
            "eps_latest_yearly": 1.68,
            "eps_growth_yearly": 804.15
        },
        "20093": {
            "year_quarter": 20093,
            "year": 2009,
            "quarter": 3,
            "eps": -0.23,
            "eps_growth_year": -243.75,
            "eps_4q": -4.09,
            "eps_4q_growth_year": null,
            "roe": -2.45,
            "roe_4q": -36.55,
            "gross_profit": 12566,
            "gross_margin": 13.86,
            "gross_margin_4q_avg": 9.79,
            "net_income": -11730,
            "net_income_4q": null,
            "revenue": 90636,
            "revenue_4q": null,
            "common_shares": 515008,
            "book_valuer_per_share": 9.16,
            "book_valuer_per_share_4q_avg": 10.56,
            "equity": 471827,
            "current_ratio": 186.17,
            "debt_ratio": 31.94,
            "inventory_turnover_ratio": 0.59,
            "account_receivable_turnover_ratio": 1.54,
            "reinvestment_rate": null,
            "research_to_sale_ratio": null,
            "price_fair": 79.45,
            "eps_avg_yearly": 2.27,
            "eps_latest_yearly": 1.68,
            "eps_growth_yearly": 830.86
        },
        "20094": {
            "year_quarter": 20094,
            "year": 2009,
            "quarter": 4,
            "eps": -0.33,
            "eps_growth_year": null,
            "eps_4q": -3.08,
            "eps_4q_growth_year": null,
            "roe": -3.62,
            "roe_4q": -29.63,
            "gross_profit": 1610,
            "gross_margin": 1.67,
            "gross_margin_4q_avg": 6.48,
            "net_income": -16772,
            "net_income_4q": null,
            "revenue": 96618,
            "revenue_4q": null,
            "common_shares": 515008,
            "book_valuer_per_share": 8.83,
            "book_valuer_per_share_4q_avg": 9.85,
            "equity": 454641,
            "current_ratio": 166.21,
            "debt_ratio": 33.1,
            "inventory_turnover_ratio": 0.82,
            "account_receivable_turnover_ratio": 3.13,
            "reinvestment_rate": null,
            "research_to_sale_ratio": null,
            "price_fair": 68.4,
            "eps_avg_yearly": 1.95,
            "eps_latest_yearly": 1.68,
            "eps_growth_yearly": 975.93
        },
        "20101": {
            "year_quarter": 20101,
            "year": 2010,
            "quarter": 1,
            "eps": -0.2,
            "eps_growth_year": null,
            "eps_4q": -3.22,
            "eps_4q_growth_year": null,
            "roe": -2.3,
            "roe_4q": -31.39,
            "gross_profit": 10768,
            "gross_margin": 17.17,
            "gross_margin_4q_avg": 8.3,
            "net_income": -10343,
            "net_income_4q": null,
            "revenue": 62714,
            "revenue_4q": null,
            "common_shares": 515008,
            "book_valuer_per_share": 8.62,
            "book_valuer_per_share_4q_avg": 9.01,
            "equity": 443705,
            "current_ratio": 173.49,
            "debt_ratio": 31.3,
            "inventory_turnover_ratio": 0.48,
            "account_receivable_turnover_ratio": 1.18,
            "reinvestment_rate": null,
            "research_to_sale_ratio": 11.86,
            "price_fair": 53.43,
            "eps_avg_yearly": 1.53,
            "eps_latest_yearly": 1.68,
            "eps_growth_yearly": 1137.99
        },
        "20102": {
            "year_quarter": 20102,
            "year": 2010,
            "quarter": 2,
            "eps": -0.31,
            "eps_growth_year": null,
            "eps_4q": -1.07,
            "eps_4q_growth_year": null,
            "roe": -3.67,
            "roe_4q": -12.04,
            "gross_profit": 3531,
            "gross_margin": 5.03,
            "gross_margin_4q_avg": 9.43,
            "net_income": -16004,
            "net_income_4q": null,
            "revenue": 70208,
            "revenue_4q": null,
            "common_shares": 515008,
            "book_valuer_per_share": 8.34,
            "book_valuer_per_share_4q_avg": 8.74,
            "equity": 429496,
            "current_ratio": 166.8,
            "debt_ratio": 31.88,
            "inventory_turnover_ratio": 0.63,
            "account_receivable_turnover_ratio": 1.35,
            "reinvestment_rate": null,
            "research_to_sale_ratio": 10.39,
            "price_fair": 52.36,
            "eps_avg_yearly": 1.5,
            "eps_latest_yearly": 1.68,
            "eps_growth_yearly": 1415.85
        },
        "20103": {
            "year_quarter": 20103,
            "year": 2010,
            "quarter": 3,
            "eps": 0.07,
            "eps_growth_year": null,
            "eps_4q": -0.76,
            "eps_4q_growth_year": null,
            "roe": 0.89,
            "roe_4q": -8.7,
            "gross_profit": 24864,
            "gross_margin": 28.49,
            "gross_margin_4q_avg": 13.09,
            "net_income": 3840,
            "net_income_4q": null,
            "revenue": 87268,
            "revenue_4q": null,
            "common_shares": 515008,
            "book_valuer_per_share": 8.39,
            "book_valuer_per_share_4q_avg": 8.55,
            "equity": 431964,
            "current_ratio": 159.55,
            "debt_ratio": 34.54,
            "inventory_turnover_ratio": 0.59,
            "account_receivable_turnover_ratio": 1.73,
            "reinvestment_rate": null,
            "research_to_sale_ratio": 9.48,
            "price_fair": 64.75,
            "eps_avg_yearly": 1.85,
            "eps_latest_yearly": 1.68,
            "eps_growth_yearly": 1865.05
        },
        "20104": {
            "year_quarter": 20104,
            "year": 2010,
            "quarter": 4,
            "eps": -0.32,
            "eps_growth_year": null,
            "eps_4q": -0.76,
            "eps_4q_growth_year": null,
            "roe": -3.9,
            "roe_4q": -8.98,
            "gross_profit": 13895,
            "gross_margin": 18.7,
            "gross_margin_4q_avg": 17.35,
            "net_income": -16432,
            "net_income_4q": null,
            "revenue": 74322,
            "revenue_4q": null,
            "common_shares": 515008,
            "book_valuer_per_share": 7.97,
            "book_valuer_per_share_4q_avg": 8.33,
            "equity": 410454,
            "current_ratio": 149.68,
            "debt_ratio": 36.78,
            "inventory_turnover_ratio": 0.52,
            "account_receivable_turnover_ratio": 1.89,
            "reinvestment_rate": null,
            "research_to_sale_ratio": 13.86,
            "price_fair": 58.54,
            "eps_avg_yearly": 1.95,
            "eps_latest_yearly": 1.68,
            "eps_growth_yearly": 20.07
        },
        "20111": {
            "year_quarter": 20111,
            "year": 2011,
            "quarter": 1,
            "eps": -0.3,
            "eps_growth_year": null,
            "eps_4q": -0.86,
            "eps_4q_growth_year": null,
            "roe": -3.85,
            "roe_4q": -10.530000000000001,
            "gross_profit": 3058,
            "gross_margin": 3.96,
            "gross_margin_4q_avg": 14.05,
            "net_income": -15534,
            "net_income_4q": null,
            "revenue": 77320,
            "revenue_4q": null,
            "common_shares": 515008,
            "book_valuer_per_share": 7.69,
            "book_valuer_per_share_4q_avg": 8.1,
            "equity": 396018,
            "current_ratio": 141.86,
            "debt_ratio": 37.21,
            "inventory_turnover_ratio": 0.59,
            "account_receivable_turnover_ratio": 1.72,
            "reinvestment_rate": null,
            "research_to_sale_ratio": 11.17,
            "price_fair": 5.52,
            "eps_avg_yearly": 1.84,
            "eps_latest_yearly": 1.68,
            "eps_growth_yearly": -46.81
        },
        "20112": {
            "year_quarter": 20112,
            "year": 2011,
            "quarter": 2,
            "eps": -0.19,
            "eps_growth_year": null,
            "eps_4q": -0.74,
            "eps_4q_growth_year": null,
            "roe": -2.52,
            "roe_4q": -9.379999999999999,
            "gross_profit": 10711,
            "gross_margin": 14.9,
            "gross_margin_4q_avg": 16.51,
            "net_income": -9861,
            "net_income_4q": null,
            "revenue": 71868,
            "revenue_4q": null,
            "common_shares": 515008,
            "book_valuer_per_share": 7.48,
            "book_valuer_per_share_4q_avg": 7.88,
            "equity": 385374,
            "current_ratio": 139.98,
            "debt_ratio": 39.18,
            "inventory_turnover_ratio": 0.45,
            "account_receivable_turnover_ratio": 1.32,
            "reinvestment_rate": null,
            "research_to_sale_ratio": 12.1,
            "price_fair": 5.04,
            "eps_avg_yearly": 1.68,
            "eps_latest_yearly": 1.68,
            "eps_growth_yearly": -64
        },
        "20113": {
            "year_quarter": 20113,
            "year": 2011,
            "quarter": 3,
            "eps": -0.08,
            "eps_growth_year": -210.49,
            "eps_4q": -0.89,
            "eps_4q_growth_year": null,
            "roe": -1.1,
            "roe_4q": -11.370000000000001,
            "gross_profit": 12606,
            "gross_margin": 14.67,
            "gross_margin_4q_avg": 13.06,
            "net_income": -4243,
            "net_income_4q": null,
            "revenue": 85953,
            "revenue_4q": null,
            "common_shares": 515008,
            "book_valuer_per_share": 7.51,
            "book_valuer_per_share_4q_avg": 7.66,
            "equity": 386839,
            "current_ratio": 127.15,
            "debt_ratio": 44.04,
            "inventory_turnover_ratio": 0.45,
            "account_receivable_turnover_ratio": 1.45,
            "reinvestment_rate": null,
            "research_to_sale_ratio": 11.03,
            "price_fair": 0,
            "eps_avg_yearly": 0,
            "eps_latest_yearly": 0,
            "eps_growth_yearly": 0
        },
        "20114": {
            "year_quarter": 20114,
            "year": 2011,
            "quarter": 4,
            "eps": -0.24,
            "eps_growth_year": null,
            "eps_4q": -0.82,
            "eps_4q_growth_year": null,
            "roe": -3.28,
            "roe_4q": -10.75,
            "gross_profit": 11149,
            "gross_margin": 10.81,
            "gross_margin_4q_avg": 11.09,
            "net_income": -12490,
            "net_income_4q": null,
            "revenue": 103158,
            "revenue_4q": null,
            "common_shares": 515008,
            "book_valuer_per_share": 7.27,
            "book_valuer_per_share_4q_avg": 7.49,
            "equity": 374231,
            "current_ratio": 120.89,
            "debt_ratio": 43.62,
            "inventory_turnover_ratio": 0.55,
            "account_receivable_turnover_ratio": 1.66,
            "reinvestment_rate": null,
            "research_to_sale_ratio": 7.52,
            "price_fair": 0,
            "eps_avg_yearly": 0,
            "eps_latest_yearly": 0,
            "eps_growth_yearly": 0
        },
        "20121": {
            "year_quarter": 20121,
            "year": 2012,
            "quarter": 1,
            "eps": 0,
            "eps_growth_year": null,
            "eps_4q": -0.51,
            "eps_4q_growth_year": null,
            "roe": 0.04,
            "roe_4q": -6.859999999999999,
            "gross_profit": 23121,
            "gross_margin": 22.39,
            "gross_margin_4q_avg": 15.69,
            "net_income": 145,
            "net_income_4q": null,
            "revenue": 103274,
            "revenue_4q": null,
            "common_shares": 515008,
            "book_valuer_per_share": 7.24,
            "book_valuer_per_share_4q_avg": 7.38,
            "equity": 372651,
            "current_ratio": 123.16,
            "debt_ratio": 43.25,
            "inventory_turnover_ratio": 0.53,
            "account_receivable_turnover_ratio": 1.41,
            "reinvestment_rate": null,
            "research_to_sale_ratio": 6.34,
            "price_fair": 0,
            "eps_avg_yearly": 0,
            "eps_latest_yearly": 0,
            "eps_growth_yearly": 0
        },
        "20122": {
            "year_quarter": 20122,
            "year": 2012,
            "quarter": 2,
            "eps": -0.07,
            "eps_growth_year": null,
            "eps_4q": -0.4,
            "eps_4q_growth_year": null,
            "roe": -1.03,
            "roe_4q": -5.369999999999999,
            "gross_profit": 13028,
            "gross_margin": 12.65,
            "gross_margin_4q_avg": 15.13,
            "net_income": -3803,
            "net_income_4q": null,
            "revenue": 102975,
            "revenue_4q": null,
            "common_shares": 515008,
            "book_valuer_per_share": 7.17,
            "book_valuer_per_share_4q_avg": 7.3,
            "equity": 369343,
            "current_ratio": 124.76,
            "debt_ratio": 41.8,
            "inventory_turnover_ratio": 0.62,
            "account_receivable_turnover_ratio": 1.37,
            "reinvestment_rate": null,
            "research_to_sale_ratio": 4.4,
            "price_fair": 0,
            "eps_avg_yearly": 0,
            "eps_latest_yearly": 0,
            "eps_growth_yearly": 0
        },
        "20123": {
            "year_quarter": 20123,
            "year": 2012,
            "quarter": 3,
            "eps": 0.02,
            "eps_growth_year": null,
            "eps_4q": -0.29,
            "eps_4q_growth_year": null,
            "roe": 0.33,
            "roe_4q": -3.9399999999999995,
            "gross_profit": 22216,
            "gross_margin": 18.09,
            "gross_margin_4q_avg": 15.99,
            "net_income": 1226,
            "net_income_4q": null,
            "revenue": 122841,
            "revenue_4q": null,
            "common_shares": 515008,
            "book_valuer_per_share": 7.17,
            "book_valuer_per_share_4q_avg": 7.21,
            "equity": 369230,
            "current_ratio": 124.85,
            "debt_ratio": 42.69,
            "inventory_turnover_ratio": 0.72,
            "account_receivable_turnover_ratio": 1.54,
            "reinvestment_rate": null,
            "research_to_sale_ratio": 3.86,
            "price_fair": 0,
            "eps_avg_yearly": 0,
            "eps_latest_yearly": 0,
            "eps_growth_yearly": 0
        },
        "20124": {
            "year_quarter": 20124,
            "year": 2012,
            "quarter": 4,
            "eps": 0.03,
            "eps_growth_year": null,
            "eps_4q": -0.02,
            "eps_4q_growth_year": null,
            "roe": 0.42,
            "roe_4q": -0.24000000000000002,
            "gross_profit": 17347,
            "gross_margin": 15.41,
            "gross_margin_4q_avg": 17.14,
            "net_income": 1539,
            "net_income_4q": null,
            "revenue": 112555,
            "revenue_4q": null,
            "common_shares": 515008,
            "book_valuer_per_share": 7.18,
            "book_valuer_per_share_4q_avg": 7.19,
            "equity": 369975,
            "current_ratio": 137.19,
            "debt_ratio": 39.51,
            "inventory_turnover_ratio": 0.75,
            "account_receivable_turnover_ratio": 1.23,
            "reinvestment_rate": null,
            "research_to_sale_ratio": 4.01,
            "price_fair": 4.2,
            "eps_avg_yearly": 0.12,
            "eps_latest_yearly": 0.12,
            "eps_growth_yearly": 200
        },
        "20131": {
            "year_quarter": 20131,
            "year": 2013,
            "quarter": 1,
            "eps": 0.49,
            "eps_growth_year": null,
            "eps_4q": 0.47,
            "eps_4q_growth_year": null,
            "roe": 6.62,
            "roe_4q": 6.34,
            "gross_profit": 28391,
            "gross_margin": 21.64,
            "gross_margin_4q_avg": 16.95,
            "net_income": 25177,
            "net_income_4q": null,
            "revenue": 131189,
            "revenue_4q": null,
            "common_shares": 515008,
            "book_valuer_per_share": 7.59,
            "book_valuer_per_share_4q_avg": 7.28,
            "equity": 391004,
            "current_ratio": 227.54,
            "debt_ratio": 31.26,
            "inventory_turnover_ratio": 0.79,
            "account_receivable_turnover_ratio": 1.39,
            "reinvestment_rate": null,
            "research_to_sale_ratio": 2.89,
            "price_fair": 36.4,
            "eps_avg_yearly": 1.04,
            "eps_latest_yearly": 1.96,
            "eps_growth_yearly": 3166.67
        },
        "20132": {
            "year_quarter": 20132,
            "year": 2013,
            "quarter": 2,
            "eps": 0.37,
            "eps_growth_year": null,
            "eps_4q": 0.91,
            "eps_4q_growth_year": null,
            "roe": 4.74,
            "roe_4q": 12.11,
            "gross_profit": 39177,
            "gross_margin": 24.1,
            "gross_margin_4q_avg": 19.81,
            "net_income": 18972,
            "net_income_4q": null,
            "revenue": 162557,
            "revenue_4q": null,
            "common_shares": 515008,
            "book_valuer_per_share": 7.97,
            "book_valuer_per_share_4q_avg": 7.48,
            "equity": 410356,
            "current_ratio": 215.63,
            "debt_ratio": 31.33,
            "inventory_turnover_ratio": 0.85,
            "account_receivable_turnover_ratio": 1.3,
            "reinvestment_rate": null,
            "research_to_sale_ratio": 3.15,
            "price_fair": 41.53,
            "eps_avg_yearly": 1.19,
            "eps_latest_yearly": 1.48,
            "eps_growth_yearly": 2078.46
        },
        "20133": {
            "year_quarter": 20133,
            "year": 2013,
            "quarter": 3,
            "eps": 0.29,
            "eps_growth_year": 1118.23,
            "eps_4q": 1.17,
            "eps_4q_growth_year": null,
            "roe": 3.54,
            "roe_4q": 15.320000000000002,
            "gross_profit": 35330,
            "gross_margin": 23.09,
            "gross_margin_4q_avg": 21.06,
            "net_income": 14782,
            "net_income_4q": null,
            "revenue": 152984,
            "revenue_4q": null,
            "common_shares": 515008,
            "book_valuer_per_share": 8.25,
            "book_valuer_per_share_4q_avg": 7.75,
            "equity": 424960,
            "current_ratio": 231.62,
            "debt_ratio": 27.49,
            "inventory_turnover_ratio": 0.75,
            "account_receivable_turnover_ratio": 1.16,
            "reinvestment_rate": null,
            "research_to_sale_ratio": 3.28,
            "price_fair": 41.3,
            "eps_avg_yearly": 1.18,
            "eps_latest_yearly": 1.16,
            "eps_growth_yearly": 1537.22
        },
        "20134": {
            "year_quarter": 20134,
            "year": 2013,
            "quarter": 4,
            "eps": 0.44,
            "eps_growth_year": 1385.12,
            "eps_4q": 1.59,
            "eps_4q_growth_year": null,
            "roe": 5.24,
            "roe_4q": 20.14,
            "gross_profit": 39609,
            "gross_margin": 24.21,
            "gross_margin_4q_avg": 23.26,
            "net_income": 22856,
            "net_income_4q": null,
            "revenue": 163585,
            "revenue_4q": null,
            "common_shares": 515008,
            "book_valuer_per_share": 8.67,
            "book_valuer_per_share_4q_avg": 8.12,
            "equity": 446698,
            "current_ratio": 273.55,
            "debt_ratio": 23.82,
            "inventory_turnover_ratio": 0.8,
            "account_receivable_turnover_ratio": 1.19,
            "reinvestment_rate": null,
            "research_to_sale_ratio": 3.58,
            "price_fair": 45.36,
            "eps_avg_yearly": 1.3,
            "eps_latest_yearly": 1.76,
            "eps_growth_yearly": 1271.16
        },
        "20141": {
            "year_quarter": 20141,
            "year": 2014,
            "quarter": 1,
            "eps": 0.3,
            "eps_growth_year": -38.78,
            "eps_4q": 1.4,
            "eps_4q_growth_year": 197.7,
            "roe": 3.36,
            "roe_4q": 16.880000000000003,
            "gross_profit": 30606,
            "gross_margin": 23.54,
            "gross_margin_4q_avg": 23.74,
            "net_income": 15253,
            "net_income_4q": null,
            "revenue": 130031,
            "revenue_4q": null,
            "common_shares": 515008,
            "book_valuer_per_share": 8.97,
            "book_valuer_per_share_4q_avg": 8.47,
            "equity": 462213,
            "current_ratio": 259.36,
            "debt_ratio": 25.85,
            "inventory_turnover_ratio": 0.65,
            "account_receivable_turnover_ratio": 0.95,
            "reinvestment_rate": -441.84,
            "research_to_sale_ratio": 4.51,
            "price_fair": 44.8,
            "eps_avg_yearly": 1.28,
            "eps_latest_yearly": 1.2,
            "eps_growth_yearly": 1038.09
        },
        "20142": {
            "year_quarter": 20142,
            "year": 2014,
            "quarter": 2,
            "eps": 0.73,
            "eps_growth_year": 97.3,
            "eps_4q": 1.76,
            "eps_4q_growth_year": 93.29,
            "roe": 7.86,
            "roe_4q": 20,
            "gross_profit": 37473,
            "gross_margin": 25.24,
            "gross_margin_4q_avg": 24.02,
            "net_income": 37791,
            "net_income_4q": null,
            "revenue": 148459,
            "revenue_4q": null,
            "common_shares": 515008,
            "book_valuer_per_share": 9.7,
            "book_valuer_per_share_4q_avg": 8.9,
            "equity": 499649,
            "current_ratio": 273.74,
            "debt_ratio": 22.97,
            "inventory_turnover_ratio": 0.69,
            "account_receivable_turnover_ratio": 1.29,
            "reinvestment_rate": -244.44,
            "research_to_sale_ratio": 4.88,
            "price_fair": 53,
            "eps_avg_yearly": 1.51,
            "eps_latest_yearly": 2.92,
            "eps_growth_yearly": 971.69
        },
        "20143": {
            "year_quarter": 20143,
            "year": 2014,
            "quarter": 3,
            "eps": 0.34,
            "eps_growth_year": 17.24,
            "eps_4q": 1.81,
            "eps_4q_growth_year": 54.35,
            "roe": 3.43,
            "roe_4q": 19.89,
            "gross_profit": 34367,
            "gross_margin": 22.72,
            "gross_margin_4q_avg": 23.93,
            "net_income": 17438,
            "net_income_4q": null,
            "revenue": 151236,
            "revenue_4q": null,
            "common_shares": 515008,
            "book_valuer_per_share": 10.05,
            "book_valuer_per_share_4q_avg": 9.35,
            "equity": 517456,
            "current_ratio": 286.2,
            "debt_ratio": 22.57,
            "inventory_turnover_ratio": 0.72,
            "account_receivable_turnover_ratio": 1.25,
            "reinvestment_rate": -197.31,
            "research_to_sale_ratio": 4.98,
            "price_fair": 52.33,
            "eps_avg_yearly": 1.5,
            "eps_latest_yearly": 1.36,
            "eps_growth_yearly": 823.52
        },
        "20144": {
            "year_quarter": 20144,
            "year": 2014,
            "quarter": 4,
            "eps": 0.12,
            "eps_growth_year": -72.91,
            "eps_4q": 1.49,
            "eps_4q_growth_year": -6.25,
            "roe": 1.19,
            "roe_4q": 15.84,
            "gross_profit": 22732,
            "gross_margin": 20.5,
            "gross_margin_4q_avg": 23,
            "net_income": 6191,
            "net_income_4q": null,
            "revenue": 110865,
            "revenue_4q": null,
            "common_shares": 515008,
            "book_valuer_per_share": 10.19,
            "book_valuer_per_share_4q_avg": 9.73,
            "equity": 524554,
            "current_ratio": 336.09,
            "debt_ratio": 19.09,
            "inventory_turnover_ratio": 0.56,
            "account_receivable_turnover_ratio": 0.97,
            "reinvestment_rate": -141.35,
            "research_to_sale_ratio": 7.91,
            "price_fair": 48.38,
            "eps_avg_yearly": 1.38,
            "eps_latest_yearly": 0.48,
            "eps_growth_yearly": 703.26
        },
        "20151": {
            "year_quarter": 20151,
            "year": 2015,
            "quarter": 1,
            "eps": 0.38,
            "eps_growth_year": 26.67,
            "eps_4q": 1.57,
            "eps_4q_growth_year": 12.63,
            "roe": 3.65,
            "roe_4q": 16.13,
            "gross_profit": 42975,
            "gross_margin": 24.56,
            "gross_margin_4q_avg": 23.26,
            "net_income": 19520,
            "net_income_4q": null,
            "revenue": 174947,
            "revenue_4q": null,
            "common_shares": 515008,
            "book_valuer_per_share": 10.56,
            "book_valuer_per_share_4q_avg": 10.13,
            "equity": 543717,
            "current_ratio": 293.06,
            "debt_ratio": 22.78,
            "inventory_turnover_ratio": 0.88,
            "account_receivable_turnover_ratio": 1.4,
            "reinvestment_rate": -104.84,
            "research_to_sale_ratio": 3.95,
            "price_fair": 48.86,
            "eps_avg_yearly": 1.4,
            "eps_latest_yearly": 1.52,
            "eps_growth_yearly": 719.6
        },
        "20152": {
            "year_quarter": 20152,
            "year": 2015,
            "quarter": 2,
            "eps": 0.4,
            "eps_growth_year": -45.21,
            "eps_4q": 1.23,
            "eps_4q_growth_year": -29.98,
            "roe": 3.67,
            "roe_4q": 11.94,
            "gross_profit": 46744,
            "gross_margin": 25.26,
            "gross_margin_4q_avg": 23.26,
            "net_income": 20348,
            "net_income_4q": null,
            "revenue": 185077,
            "revenue_4q": null,
            "common_shares": 515008,
            "book_valuer_per_share": 10.95,
            "book_valuer_per_share_4q_avg": 10.44,
            "equity": 563906,
            "current_ratio": 298.79,
            "debt_ratio": 23.07,
            "inventory_turnover_ratio": 0.95,
            "account_receivable_turnover_ratio": 1.22,
            "reinvestment_rate": -82.32,
            "research_to_sale_ratio": 2.89,
            "price_fair": 49.51,
            "eps_avg_yearly": 1.41,
            "eps_latest_yearly": 1.6,
            "eps_growth_yearly": 656.09
        },
        "20153": {
            "year_quarter": 20153,
            "year": 2015,
            "quarter": 3,
            "eps": 0.8,
            "eps_growth_year": 135.29,
            "eps_4q": 1.69,
            "eps_4q_growth_year": -6.6,
            "roe": 7.03,
            "roe_4q": 15.54,
            "gross_profit": 53034,
            "gross_margin": 27.91,
            "gross_margin_4q_avg": 24.56,
            "net_income": 41116,
            "net_income_4q": null,
            "revenue": 190001,
            "revenue_4q": null,
            "common_shares": 515008,
            "book_valuer_per_share": 11.76,
            "book_valuer_per_share_4q_avg": 10.87,
            "equity": 605703,
            "current_ratio": 323.88,
            "debt_ratio": 22.53,
            "inventory_turnover_ratio": 0.97,
            "account_receivable_turnover_ratio": 1.24,
            "reinvestment_rate": -68.55,
            "research_to_sale_ratio": 3.18,
            "price_fair": 54.72,
            "eps_avg_yearly": 1.56,
            "eps_latest_yearly": 3.2,
            "eps_growth_yearly": 634.75
        },
        "20154": {
            "year_quarter": 20154,
            "year": 2015,
            "quarter": 4,
            "eps": 0.1,
            "eps_growth_year": -14.02,
            "eps_4q": 1.68,
            "eps_4q_growth_year": 12.56,
            "roe": 0.88,
            "roe_4q": 15.23,
            "gross_profit": 28581,
            "gross_margin": 18.66,
            "gross_margin_4q_avg": 24.1,
            "net_income": 5323,
            "net_income_4q": null,
            "revenue": 153206,
            "revenue_4q": null,
            "common_shares": 515008,
            "book_valuer_per_share": 11.83,
            "book_valuer_per_share_4q_avg": 11.28,
            "equity": 609424,
            "current_ratio": 323.39,
            "debt_ratio": 21.94,
            "inventory_turnover_ratio": 0.88,
            "account_receivable_turnover_ratio": 1.13,
            "reinvestment_rate": -55.14,
            "research_to_sale_ratio": 6.48,
            "price_fair": 51.58,
            "eps_avg_yearly": 1.47,
            "eps_latest_yearly": 0.4,
            "eps_growth_yearly": 559
        },
        "20161": {
            "year_quarter": 20161,
            "year": 2016,
            "quarter": 1,
            "eps": 0.28,
            "eps_growth_year": -26.32,
            "eps_4q": 1.58,
            "eps_4q_growth_year": 0.44,
            "roe": 2.35,
            "roe_4q": 13.93,
            "gross_profit": 42430,
            "gross_margin": 23.27,
            "gross_margin_4q_avg": 23.78,
            "net_income": 14513,
            "net_income_4q": null,
            "revenue": 182301,
            "revenue_4q": null,
            "common_shares": 515008,
            "book_valuer_per_share": 12.11,
            "book_valuer_per_share_4q_avg": 11.66,
            "equity": 623584,
            "current_ratio": 248.44,
            "debt_ratio": 29.07,
            "inventory_turnover_ratio": 0.79,
            "account_receivable_turnover_ratio": 1.24,
            "reinvestment_rate": -49.77,
            "research_to_sale_ratio": 2.86,
            "price_fair": 50.7,
            "eps_avg_yearly": 1.45,
            "eps_latest_yearly": 1.12,
            "eps_growth_yearly": 570.5
        },
        "20162": {
            "year_quarter": 20162,
            "year": 2016,
            "quarter": 2,
            "eps": 0.09,
            "eps_growth_year": -77.5,
            "eps_4q": 1.27,
            "eps_4q_growth_year": 3.01,
            "roe": 0.73,
            "roe_4q": 10.99,
            "gross_profit": 22432,
            "gross_margin": 17.87,
            "gross_margin_4q_avg": 21.93,
            "net_income": 4459,
            "net_income_4q": null,
            "revenue": 125563,
            "revenue_4q": null,
            "common_shares": 515008,
            "book_valuer_per_share": 11.69,
            "book_valuer_per_share_4q_avg": 11.85,
            "equity": 601808,
            "current_ratio": 251.71,
            "debt_ratio": 28.56,
            "inventory_turnover_ratio": 0.49,
            "account_receivable_turnover_ratio": 0.94,
            "reinvestment_rate": -47.62,
            "research_to_sale_ratio": 5.78,
            "price_fair": 48.16,
            "eps_avg_yearly": 1.38,
            "eps_latest_yearly": 0.36,
            "eps_growth_yearly": 514.37
        },
        "20163": {
            "year_quarter": 20163,
            "year": 2016,
            "quarter": 3,
            "eps": 0.21,
            "eps_growth_year": -73.75,
            "eps_4q": 0.68,
            "eps_4q_growth_year": -59.59,
            "roe": 1.8,
            "roe_4q": 5.760000000000001,
            "gross_profit": 35877,
            "gross_margin": 19.51,
            "gross_margin_4q_avg": 19.83,
            "net_income": 10934,
            "net_income_4q": null,
            "revenue": 183856,
            "revenue_4q": null,
            "common_shares": 515008,
            "book_valuer_per_share": 11.88,
            "book_valuer_per_share_4q_avg": 11.88,
            "equity": 611822,
            "current_ratio": 244.58,
            "debt_ratio": 30.26,
            "inventory_turnover_ratio": 0.65,
            "account_receivable_turnover_ratio": 1.58,
            "reinvestment_rate": -45.51,
            "research_to_sale_ratio": 3.17,
            "price_fair": 46.99,
            "eps_avg_yearly": 1.34,
            "eps_latest_yearly": 0.84,
            "eps_growth_yearly": 515.56
        },
        "20164": {
            "year_quarter": 20164,
            "year": 2016,
            "quarter": 4,
            "eps": 0.66,
            "eps_growth_year": 540.5,
            "eps_4q": 1.24,
            "eps_4q_growth_year": -25.85,
            "roe": 5.43,
            "roe_4q": 10.309999999999999,
            "gross_profit": 55545,
            "gross_margin": 23.37,
            "gross_margin_4q_avg": 21.01,
            "net_income": 34094,
            "net_income_4q": null,
            "revenue": 237667,
            "revenue_4q": null,
            "common_shares": 515008,
            "book_valuer_per_share": 12.51,
            "book_valuer_per_share_4q_avg": 12.05,
            "equity": 644193,
            "current_ratio": 291.35,
            "debt_ratio": 25.89,
            "inventory_turnover_ratio": 0.77,
            "account_receivable_turnover_ratio": 1.62,
            "reinvestment_rate": -39.63,
            "research_to_sale_ratio": 2.71,
            "price_fair": 52.5,
            "eps_avg_yearly": 1.5,
            "eps_latest_yearly": 2.64,
            "eps_growth_yearly": 556.63
        },
        "20171": {
            "year_quarter": 20171,
            "year": 2017,
            "quarter": 1,
            "eps": 0.17,
            "eps_growth_year": -39.29,
            "eps_4q": 1.13,
            "eps_4q_growth_year": -28.3,
            "roe": 1.36,
            "roe_4q": 9.32,
            "gross_profit": 41801,
            "gross_margin": 23.03,
            "gross_margin_4q_avg": 20.95,
            "net_income": 8807,
            "net_income_4q": null,
            "revenue": 181505,
            "revenue_4q": null,
            "common_shares": 515008,
            "book_valuer_per_share": 12.65,
            "book_valuer_per_share_4q_avg": 12.18,
            "equity": 651629,
            "current_ratio": 300.59,
            "debt_ratio": 25.09,
            "inventory_turnover_ratio": 0.61,
            "account_receivable_turnover_ratio": 1.31,
            "reinvestment_rate": -2.17,
            "research_to_sale_ratio": 3.25,
            "price_fair": 49.7,
            "eps_avg_yearly": 1.42,
            "eps_latest_yearly": 0.68,
            "eps_growth_yearly": 154.74
        },
        "20172": {
            "year_quarter": 20172,
            "year": 2017,
            "quarter": 2,
            "eps": 0.37,
            "eps_growth_year": 311.11,
            "eps_4q": 1.42,
            "eps_4q_growth_year": 11.49,
            "roe": 2.94,
            "roe_4q": 11.530000000000001,
            "gross_profit": 44560,
            "gross_margin": 21.94,
            "gross_margin_4q_avg": 21.96,
            "net_income": 19089,
            "net_income_4q": null,
            "revenue": 203079,
            "revenue_4q": null,
            "common_shares": 515008,
            "book_valuer_per_share": 12.53,
            "book_valuer_per_share_4q_avg": 12.39,
            "equity": 645508,
            "current_ratio": 266.34,
            "debt_ratio": 28.52,
            "inventory_turnover_ratio": 0.67,
            "account_receivable_turnover_ratio": 1.65,
            "reinvestment_rate": -0.79,
            "research_to_sale_ratio": 3.12,
            "price_fair": 49.7,
            "eps_avg_yearly": 1.42,
            "eps_latest_yearly": 1.48,
            "eps_growth_yearly": 190.27
        },
        "20173": {
            "year_quarter": 20173,
            "year": 2017,
            "quarter": 3,
            "eps": 0.74,
            "eps_growth_year": 252.38,
            "eps_4q": 1.94,
            "eps_4q_growth_year": 183.93,
            "roe": 5.72,
            "roe_4q": 15.45,
            "gross_profit": 65769,
            "gross_margin": 25.84,
            "gross_margin_4q_avg": 23.55,
            "net_income": 38037,
            "net_income_4q": null,
            "revenue": 254570,
            "revenue_4q": null,
            "common_shares": 515008,
            "book_valuer_per_share": 13.28,
            "book_valuer_per_share_4q_avg": 12.74,
            "equity": 684026,
            "current_ratio": 282.11,
            "debt_ratio": 27.25,
            "inventory_turnover_ratio": 0.83,
            "account_receivable_turnover_ratio": 1.83,
            "reinvestment_rate": 0.73,
            "research_to_sale_ratio": 2.36,
            "price_fair": 53.64,
            "eps_avg_yearly": 1.53,
            "eps_latest_yearly": 2.96,
            "eps_growth_yearly": 220.68
        },
        "20174": {
            "year_quarter": 20174,
            "year": 2017,
            "quarter": 4,
            "eps": 0.2,
            "eps_growth_year": -69.43,
            "eps_4q": 1.48,
            "eps_4q_growth_year": 19.3,
            "roe": 1.51,
            "roe_4q": 11.53,
            "gross_profit": 37390,
            "gross_margin": 22.32,
            "gross_margin_4q_avg": 23.28,
            "net_income": 10421,
            "net_income_4q": null,
            "revenue": 167496,
            "revenue_4q": null,
            "common_shares": 515008,
            "book_valuer_per_share": 13.47,
            "book_valuer_per_share_4q_avg": 12.98,
            "equity": 693887,
            "current_ratio": 336.86,
            "debt_ratio": 22.76,
            "inventory_turnover_ratio": 0.63,
            "account_receivable_turnover_ratio": 1.32,
            "reinvestment_rate": -1.77,
            "research_to_sale_ratio": 4.9,
            "price_fair": 51.54,
            "eps_avg_yearly": 1.47,
            "eps_latest_yearly": 0.8,
            "eps_growth_yearly": 189.5
        },
        "20181": {
            "year_quarter": 20181,
            "year": 2018,
            "quarter": 1,
            "eps": 0.19,
            "eps_growth_year": 11.76,
            "eps_4q": 1.5,
            "eps_4q_growth_year": 32.88,
            "roe": 1.42,
            "roe_4q": 11.589999999999998,
            "gross_profit": 30939,
            "gross_margin": 22.84,
            "gross_margin_4q_avg": 23.24,
            "net_income": 9912,
            "net_income_4q": null,
            "revenue": 135472,
            "revenue_4q": null,
            "common_shares": 515008,
            "book_valuer_per_share": 13.68,
            "book_valuer_per_share_4q_avg": 13.24,
            "equity": 704291,
            "current_ratio": 352.8,
            "debt_ratio": 21.34,
            "inventory_turnover_ratio": 0.49,
            "account_receivable_turnover_ratio": 1.39,
            "reinvestment_rate": -2.52,
            "research_to_sale_ratio": 4.63,
            "price_fair": 50.58,
            "eps_avg_yearly": 1.45,
            "eps_latest_yearly": 0.76,
            "eps_growth_yearly": 196.21
        },
        "20182": {
            "year_quarter": 20182,
            "year": 2018,
            "quarter": 2,
            "eps": 0.45,
            "eps_growth_year": 21.62,
            "eps_4q": 1.58,
            "eps_4q_growth_year": 11.52,
            "roe": 3.3,
            "roe_4q": 11.95,
            "gross_profit": 42405,
            "gross_margin": 25.18,
            "gross_margin_4q_avg": 24.05,
            "net_income": 22954,
            "net_income_4q": null,
            "revenue": 168407,
            "revenue_4q": null,
            "common_shares": 515008,
            "book_valuer_per_share": 13.32,
            "book_valuer_per_share_4q_avg": 13.44,
            "equity": 685941,
            "current_ratio": 315.77,
            "debt_ratio": 23.84,
            "inventory_turnover_ratio": 0.57,
            "account_receivable_turnover_ratio": 1.55,
            "reinvestment_rate": -3.22,
            "research_to_sale_ratio": 3.84,
            "price_fair": 48.13,
            "eps_avg_yearly": 1.38,
            "eps_latest_yearly": 1.8,
            "eps_growth_yearly": 194.58
        },
        "20183": {
            "year_quarter": 20183,
            "year": 2018,
            "quarter": 3,
            "eps": 0.53,
            "eps_growth_year": -28.38,
            "eps_4q": 1.38,
            "eps_4q_growth_year": -29.18,
            "roe": 3.94,
            "roe_4q": 10.17,
            "gross_profit": 53997,
            "gross_margin": 28.8,
            "gross_margin_4q_avg": 24.79,
            "net_income": 27549,
            "net_income_4q": null,
            "revenue": 187476,
            "revenue_4q": null,
            "common_shares": 515008,
            "book_valuer_per_share": 13.84,
            "book_valuer_per_share_4q_avg": 13.58,
            "equity": 712786,
            "current_ratio": 383.32,
            "debt_ratio": 19.74,
            "inventory_turnover_ratio": 0.63,
            "account_receivable_turnover_ratio": 1.48,
            "reinvestment_rate": -4.32,
            "research_to_sale_ratio": 3.67,
            "price_fair": 49.79,
            "eps_avg_yearly": 1.42,
            "eps_latest_yearly": 2.12,
            "eps_growth_yearly": 212.38
        },
        "20184": {
            "year_quarter": 20184,
            "year": 2018,
            "quarter": 4,
            "eps": 0.45,
            "eps_growth_year": 121.64,
            "eps_4q": 1.62,
            "eps_4q_growth_year": 9.37,
            "roe": 3.19,
            "roe_4q": 11.85,
            "gross_profit": 41576,
            "gross_margin": 27.55,
            "gross_margin_4q_avg": 26.09,
            "net_income": 23097,
            "net_income_4q": null,
            "revenue": 150909,
            "revenue_4q": null,
            "common_shares": 515008,
            "book_valuer_per_share": 14.28,
            "book_valuer_per_share_4q_avg": 13.78,
            "equity": 735458,
            "current_ratio": 449.9,
            "debt_ratio": 17,
            "inventory_turnover_ratio": 0.55,
            "account_receivable_turnover_ratio": 1.31,
            "reinvestment_rate": -5.01,
            "research_to_sale_ratio": 3.88,
            "price_fair": 52.68,
            "eps_avg_yearly": 1.51,
            "eps_latest_yearly": 1.8,
            "eps_growth_yearly": 224.79
        },
        "20191": {
            "year_quarter": 20191,
            "year": 2019,
            "quarter": 1,
            "eps": 0.18,
            "eps_growth_year": -5.26,
            "eps_4q": 1.61,
            "eps_4q_growth_year": 7.11,
            "roe": 1.26,
            "roe_4q": 11.690000000000001,
            "gross_profit": 27169,
            "gross_margin": 21.82,
            "gross_margin_4q_avg": 25.84,
            "net_income": 9363,
            "net_income_4q": null,
            "revenue": 124503,
            "revenue_4q": null,
            "common_shares": 515008,
            "book_valuer_per_share": 14.47,
            "book_valuer_per_share_4q_avg": 13.98,
            "equity": 745271,
            "current_ratio": 437.12,
            "debt_ratio": 17.81,
            "inventory_turnover_ratio": 0.5,
            "account_receivable_turnover_ratio": 1.32,
            "reinvestment_rate": -5.61,
            "research_to_sale_ratio": 4.34,
            "price_fair": 50.93,
            "eps_avg_yearly": 1.46,
            "eps_latest_yearly": 0.72,
            "eps_growth_yearly": 155.62
        },
        "20192": {
            "year_quarter": 20192,
            "year": 2019,
            "quarter": 2,
            "eps": 0.42,
            "eps_growth_year": -6.67,
            "eps_4q": 1.58,
            "eps_4q_growth_year": 0.17,
            "roe": 2.92,
            "roe_4q": 11.309999999999999,
            "gross_profit": 44930,
            "gross_margin": 26.98,
            "gross_margin_4q_avg": 26.29,
            "net_income": 21457,
            "net_income_4q": null,
            "revenue": 166500,
            "revenue_4q": null,
            "common_shares": 515008,
            "book_valuer_per_share": 14.08,
            "book_valuer_per_share_4q_avg": 14.17,
            "equity": 725286,
            "current_ratio": 331.83,
            "debt_ratio": 23.51,
            "inventory_turnover_ratio": 0.61,
            "account_receivable_turnover_ratio": 1.61,
            "reinvestment_rate": -6.49,
            "research_to_sale_ratio": 3.42,
            "price_fair": 51.1,
            "eps_avg_yearly": 1.46,
            "eps_latest_yearly": 1.68,
            "eps_growth_yearly": 187.64
        },
        "20193": {
            "year_quarter": 20193,
            "year": 2019,
            "quarter": 3,
            "eps": 0.41,
            "eps_growth_year": -22.64,
            "eps_4q": 1.45,
            "eps_4q_growth_year": 5.67,
            "roe": 2.85,
            "roe_4q": 10.219999999999999,
            "gross_profit": 41392,
            "gross_margin": 29.3,
            "gross_margin_4q_avg": 26.41,
            "net_income": 20938,
            "net_income_4q": null,
            "revenue": 141275,
            "revenue_4q": null,
            "common_shares": 515008,
            "book_valuer_per_share": 14.48,
            "book_valuer_per_share_4q_avg": 14.33,
            "equity": 745683,
            "current_ratio": 404.11,
            "debt_ratio": 19.5,
            "inventory_turnover_ratio": 0.47,
            "account_receivable_turnover_ratio": 1.2,
            "reinvestment_rate": -7.98,
            "research_to_sale_ratio": 4.18,
            "price_fair": 47.69,
            "eps_avg_yearly": 1.36,
            "eps_latest_yearly": 1.64,
            "eps_growth_yearly": 162.04
        },
        "20194": {
            "year_quarter": 20194,
            "year": 2019,
            "quarter": 4,
            "eps": 0.42,
            "eps_growth_year": -6.74,
            "eps_4q": 1.42,
            "eps_4q_growth_year": -12.23,
            "roe": 2.85,
            "roe_4q": 9.88,
            "gross_profit": 47613,
            "gross_margin": 24.49,
            "gross_margin_4q_avg": 25.65,
            "net_income": 21540,
            "net_income_4q": null,
            "revenue": 194415,
            "revenue_4q": null,
            "common_shares": 515008,
            "book_valuer_per_share": 14.88,
            "book_valuer_per_share_4q_avg": 14.48,
            "equity": 766479,
            "current_ratio": 490.12,
            "debt_ratio": 16.28,
            "inventory_turnover_ratio": 0.72,
            "account_receivable_turnover_ratio": 1.54,
            "reinvestment_rate": -14.61,
            "research_to_sale_ratio": 2.89,
            "price_fair": 50.49,
            "eps_avg_yearly": 1.44,
            "eps_latest_yearly": 1.68,
            "eps_growth_yearly": 184.53
        },
        "20201": {
            "year_quarter": 20201,
            "year": 2020,
            "quarter": 1,
            "eps": 0.35,
            "eps_growth_year": 94.44,
            "eps_4q": 1.6,
            "eps_4q_growth_year": -0.98,
            "roe": 2.35,
            "roe_4q": 10.97,
            "gross_profit": 35264,
            "gross_margin": 28.8,
            "gross_margin_4q_avg": 27.39,
            "net_income": 18219,
            "net_income_4q": null,
            "revenue": 122462,
            "revenue_4q": null,
            "common_shares": 515008,
            "book_valuer_per_share": 15.23,
            "book_valuer_per_share_4q_avg": 14.67,
            "equity": 784562,
            "current_ratio": 509.19,
            "debt_ratio": 15.85,
            "inventory_turnover_ratio": 0.47,
            "account_receivable_turnover_ratio": 1.1,
            "reinvestment_rate": -14,
            "research_to_sale_ratio": 4.43,
            "price_fair": 51.1,
            "eps_avg_yearly": 1.46,
            "eps_latest_yearly": 1.4,
            "eps_growth_yearly": 135.36
        },
        "20202": {
            "year_quarter": 20202,
            "year": 2020,
            "quarter": 2,
            "eps": 0.21,
            "eps_growth_year": -50,
            "eps_4q": 1.39,
            "eps_4q_growth_year": -11.92,
            "roe": 1.44,
            "roe_4q": 9.49,
            "gross_profit": 34952,
            "gross_margin": 23.79,
            "gross_margin_4q_avg": 26.6,
            "net_income": 11060,
            "net_income_4q": null,
            "revenue": 146931,
            "revenue_4q": null,
            "common_shares": 515008,
            "book_valuer_per_share": 14.64,
            "book_valuer_per_share_4q_avg": 14.81,
            "equity": 754085,
            "current_ratio": 409.58,
            "debt_ratio": 19.5,
            "inventory_turnover_ratio": 0.6,
            "account_receivable_turnover_ratio": 1.56,
            "reinvestment_rate": -11.99,
            "research_to_sale_ratio": 4,
            "price_fair": 52.15,
            "eps_avg_yearly": 1.49,
            "eps_latest_yearly": 0.84,
            "eps_growth_yearly": 142.33
        },
        "20203": {
            "year_quarter": 20203,
            "year": 2020,
            "quarter": 3,
            "eps": 0.11,
            "eps_growth_year": -73.17,
            "eps_4q": 1.1,
            "eps_4q_growth_year": -24.55,
            "roe": 0.75,
            "roe_4q": 7.390000000000001,
            "gross_profit": 27323,
            "gross_margin": 19.35,
            "gross_margin_4q_avg": 24.11,
            "net_income": 5657,
            "net_income_4q": null,
            "revenue": 141177,
            "revenue_4q": null,
            "common_shares": 515008,
            "book_valuer_per_share": 14.76,
            "book_valuer_per_share_4q_avg": 14.88,
            "equity": 760100,
            "current_ratio": 616.98,
            "debt_ratio": 13.21,
            "inventory_turnover_ratio": 0.66,
            "account_receivable_turnover_ratio": 1.39,
            "reinvestment_rate": -8.98,
            "research_to_sale_ratio": 4.42,
            "price_fair": 51.28,
            "eps_avg_yearly": 1.47,
            "eps_latest_yearly": 0.44,
            "eps_growth_yearly": 97.09
        },
        "20204": {
            "year_quarter": 20204,
            "year": 2020,
            "quarter": 4,
            "eps": 0.25,
            "eps_growth_year": -39.98,
            "eps_4q": 0.93,
            "eps_4q_growth_year": -34.7,
            "roe": 1.69,
            "roe_4q": 6.23,
            "gross_profit": 36985,
            "gross_margin": 25.43,
            "gross_margin_4q_avg": 24.34,
            "net_income": 12928,
            "net_income_4q": null,
            "revenue": 145451,
            "revenue_4q": null,
            "common_shares": 515008,
            "book_valuer_per_share": 15.02,
            "book_valuer_per_share_4q_avg": 14.91,
            "equity": 773369,
            "current_ratio": 435.64,
            "debt_ratio": 18.59,
            "inventory_turnover_ratio": 0.68,
            "account_receivable_turnover_ratio": 1.43,
            "reinvestment_rate": -9.59,
            "research_to_sale_ratio": 4,
            "price_fair": 47.69,
            "eps_avg_yearly": 1.36,
            "eps_latest_yearly": 1,
            "eps_growth_yearly": 75.33
        },
        "20211": {
            "year_quarter": 20211,
            "year": 2021,
            "quarter": 1,
            "eps": 0.32,
            "eps_growth_year": -8.57,
            "eps_4q": 0.9,
            "eps_4q_growth_year": -43.63,
            "roe": 2.13,
            "roe_4q": 6.01,
            "gross_profit": 39775,
            "gross_margin": 24.42,
            "gross_margin_4q_avg": 23.25,
            "net_income": 16664,
            "net_income_4q": null,
            "revenue": 162883,
            "revenue_4q": null,
            "common_shares": 515008,
            "book_valuer_per_share": 15.34,
            "book_valuer_per_share_4q_avg": 14.94,
            "equity": 789946,
            "current_ratio": 349.43,
            "debt_ratio": 23.46,
            "inventory_turnover_ratio": 0.73,
            "account_receivable_turnover_ratio": 1.38,
            "reinvestment_rate": -9.5,
            "research_to_sale_ratio": 3.73,
            "price_fair": 49,
            "eps_avg_yearly": 1.4,
            "eps_latest_yearly": 1.28,
            "eps_growth_yearly": 100.89
        },
        "20212": {
            "year_quarter": 20212,
            "year": 2021,
            "quarter": 2,
            "eps": 1.26,
            "eps_growth_year": 500,
            "eps_4q": 1.94,
            "eps_4q_growth_year": 39.59,
            "roe": 7.9,
            "roe_4q": 12.47,
            "gross_profit": 42842,
            "gross_margin": 28.15,
            "gross_margin_4q_avg": 24.34,
            "net_income": 64917,
            "net_income_4q": null,
            "revenue": 152215,
            "revenue_4q": null,
            "common_shares": 515008,
            "book_valuer_per_share": 16.59,
            "book_valuer_per_share_4q_avg": 15.43,
            "equity": 854529,
            "current_ratio": 400.49,
            "debt_ratio": 20.93,
            "inventory_turnover_ratio": 0.53,
            "account_receivable_turnover_ratio": 1.3,
            "reinvestment_rate": -10.72,
            "research_to_sale_ratio": 4.85,
            "price_fair": 56.79,
            "eps_avg_yearly": 1.62,
            "eps_latest_yearly": 5.04,
            "eps_growth_yearly": 144.92
        },
        "20213": {
            "year_quarter": 20213,
            "year": 2021,
            "quarter": 3,
            "eps": 0.48,
            "eps_growth_year": 336.36,
            "eps_4q": 2.32,
            "eps_4q_growth_year": 111.44,
            "roe": 2.94,
            "roe_4q": 14.659999999999998,
            "gross_profit": 49635,
            "gross_margin": 26.61,
            "gross_margin_4q_avg": 26.15,
            "net_income": 24906,
            "net_income_4q": null,
            "revenue": 186500,
            "revenue_4q": null,
            "common_shares": 515008,
            "book_valuer_per_share": 16.27,
            "book_valuer_per_share_4q_avg": 15.81,
            "equity": 837957,
            "current_ratio": 449.34,
            "debt_ratio": 20.45,
            "inventory_turnover_ratio": 0.54,
            "account_receivable_turnover_ratio": 1.53,
            "reinvestment_rate": -12.13,
            "research_to_sale_ratio": 3.63,
            "price_fair": 54.51,
            "eps_avg_yearly": 1.56,
            "eps_latest_yearly": 1.92,
            "eps_growth_yearly": 104.44
        },
        "20214": {
            "year_quarter": 20214,
            "year": 2021,
            "quarter": 4,
            "eps": 0.54,
            "eps_growth_year": 116.88,
            "eps_4q": 2.61,
            "eps_4q_growth_year": 181.06,
            "roe": 3.29,
            "roe_4q": 16.26,
            "gross_profit": 52518,
            "gross_margin": 27.71,
            "gross_margin_4q_avg": 26.72,
            "net_income": 28038,
            "net_income_4q": null,
            "revenue": 189534,
            "revenue_4q": null,
            "common_shares": 515008,
            "book_valuer_per_share": 16.82,
            "book_valuer_per_share_4q_avg": 16.26,
            "equity": 866221,
            "current_ratio": 506.88,
            "debt_ratio": 18.41,
            "inventory_turnover_ratio": 0.53,
            "account_receivable_turnover_ratio": 1.35,
            "reinvestment_rate": -11.78,
            "research_to_sale_ratio": 3.26,
            "price_fair": 57.49,
            "eps_avg_yearly": 1.64,
            "eps_latest_yearly": 2.16,
            "eps_growth_yearly": 125.81
        },
        "20221": {
            "year_quarter": 20221,
            "year": 2022,
            "quarter": 1,
            "eps": 0.54,
            "eps_growth_year": 68.75,
            "eps_4q": 2.83,
            "eps_4q_growth_year": 214.87,
            "roe": 3.17,
            "roe_4q": 17.3,
            "gross_profit": 43522,
            "gross_margin": 27.45,
            "gross_margin_4q_avg": 27.48,
            "net_income": 27952,
            "net_income_4q": null,
            "revenue": 158523,
            "revenue_4q": null,
            "common_shares": 515008,
            "book_valuer_per_share": 17.46,
            "book_valuer_per_share_4q_avg": 16.79,
            "equity": 899169,
            "current_ratio": 506.54,
            "debt_ratio": 17.52,
            "inventory_turnover_ratio": 0.43,
            "account_receivable_turnover_ratio": 1.13,
            "reinvestment_rate": -9.11,
            "research_to_sale_ratio": 3.48,
            "price_fair": 60.55,
            "eps_avg_yearly": 1.73,
            "eps_latest_yearly": 2.16,
            "eps_growth_yearly": 127.06
        },
        "20222": {
            "year_quarter": 20222,
            "year": 2022,
            "quarter": 2,
            "eps": 0.52,
            "eps_growth_year": -58.73,
            "eps_4q": 2.09,
            "eps_4q_growth_year": 7.25,
            "roe": 3.02,
            "roe_4q": 12.42,
            "gross_profit": 46266,
            "gross_margin": 27.79,
            "gross_margin_4q_avg": 27.39,
            "net_income": 26537,
            "net_income_4q": null,
            "revenue": 166466,
            "revenue_4q": null,
            "common_shares": 515008,
            "book_valuer_per_share": 16.7,
            "book_valuer_per_share_4q_avg": 16.81,
            "equity": 859898,
            "current_ratio": 397.62,
            "debt_ratio": 21.4,
            "inventory_turnover_ratio": 0.45,
            "account_receivable_turnover_ratio": 1.12,
            "reinvestment_rate": -9.42,
            "research_to_sale_ratio": 3.87,
            "price_fair": 61.16,
            "eps_avg_yearly": 1.75,
            "eps_latest_yearly": 2.08,
            "eps_growth_yearly": 91.93
        },
        "20223": {
            "year_quarter": 20223,
            "year": 2022,
            "quarter": 3,
            "eps": 0.64,
            "eps_growth_year": 33.33,
            "eps_4q": 2.24,
            "eps_4q_growth_year": -3.47,
            "roe": 3.75,
            "roe_4q": 13.23,
            "gross_profit": 41830,
            "gross_margin": 28.57,
            "gross_margin_4q_avg": 27.88,
            "net_income": 32749,
            "net_income_4q": null,
            "revenue": 146392,
            "revenue_4q": null,
            "common_shares": 515008,
            "book_valuer_per_share": 17.2,
            "book_valuer_per_share_4q_avg": 17.05,
            "equity": 886036,
            "current_ratio": 569.17,
            "debt_ratio": 15.87,
            "inventory_turnover_ratio": 0.38,
            "account_receivable_turnover_ratio": 1.05,
            "reinvestment_rate": -9.12,
            "research_to_sale_ratio": 3.83,
            "price_fair": 62.13,
            "eps_avg_yearly": 1.78,
            "eps_latest_yearly": 2.56,
            "eps_growth_yearly": 93.25
        },
        "20224": {
            "year_quarter": 20224,
            "year": 2022,
            "quarter": 4,
            "eps": 0.41,
            "eps_growth_year": -25.54,
            "eps_4q": 2.1,
            "eps_4q_growth_year": -19.63,
            "roe": 2.32,
            "roe_4q": 12.26,
            "gross_profit": 46657,
            "gross_margin": 27.5,
            "gross_margin_4q_avg": 27.83,
            "net_income": 20878,
            "net_income_4q": null,
            "revenue": 169633,
            "revenue_4q": null,
            "common_shares": 515008,
            "book_valuer_per_share": 17.71,
            "book_valuer_per_share_4q_avg": 17.27,
            "equity": 912190,
            "current_ratio": 693.33,
            "debt_ratio": 12.98,
            "inventory_turnover_ratio": 0.46,
            "account_receivable_turnover_ratio": 1.34,
            "reinvestment_rate": -9.65,
            "research_to_sale_ratio": 3.69,
            "price_fair": 61.78,
            "eps_avg_yearly": 1.77,
            "eps_latest_yearly": 1.64,
            "eps_growth_yearly": 88.04
        },
        "20231": {
            "year_quarter": 20231,
            "year": 2023,
            "quarter": 1,
            "eps": 0.27,
            "eps_growth_year": -50,
            "eps_4q": 1.83,
            "eps_4q_growth_year": -35.46,
            "roe": 1.51,
            "roe_4q": 10.6,
            "gross_profit": 34973,
            "gross_margin": 25.58,
            "gross_margin_4q_avg": 27.36,
            "net_income": 13950,
            "net_income_4q": null,
            "revenue": 136727,
            "revenue_4q": null,
            "common_shares": 515008,
            "book_valuer_per_share": 18.22,
            "book_valuer_per_share_4q_avg": 17.46,
            "equity": 938276,
            "current_ratio": 734.59,
            "debt_ratio": 12.28,
            "inventory_turnover_ratio": 0.4,
            "account_receivable_turnover_ratio": 1.05,
            "reinvestment_rate": -9.58,
            "research_to_sale_ratio": 4.8,
            "price_fair": 62.56,
            "eps_avg_yearly": 1.79,
            "eps_latest_yearly": 1.08,
            "eps_growth_yearly": 94.5
        },
        "20232": {
            "year_quarter": 20232,
            "year": 2023,
            "quarter": 2,
            "eps": 0.06,
            "eps_growth_year": -88.46,
            "eps_4q": 1.37,
            "eps_4q_growth_year": -34.11,
            "roe": 0.35,
            "roe_4q": 7.93,
            "gross_profit": 18092,
            "gross_margin": 18.25,
            "gross_margin_4q_avg": 24.98,
            "net_income": 3212,
            "net_income_4q": null,
            "revenue": 99128,
            "revenue_4q": null,
            "common_shares": 515008,
            "book_valuer_per_share": 17.37,
            "book_valuer_per_share_4q_avg": 17.63,
            "equity": 894381,
            "current_ratio": 546.41,
            "debt_ratio": 15.72,
            "inventory_turnover_ratio": 0.33,
            "account_receivable_turnover_ratio": 0.93,
            "reinvestment_rate": -9.55,
            "research_to_sale_ratio": 8.34,
            "price_fair": 59.41,
            "eps_avg_yearly": 1.7,
            "eps_latest_yearly": 0.24,
            "eps_growth_yearly": 41.73
        },
        "20233": {
            "year_quarter": 20233,
            "year": 2023,
            "quarter": 3,
            "eps": 0.01,
            "eps_growth_year": -98.44,
            "eps_4q": 0.74,
            "eps_4q_growth_year": -66.72,
            "roe": 0.04,
            "roe_4q": 4.22,
            "gross_profit": 15211,
            "gross_margin": 21.58,
            "gross_margin_4q_avg": 23.23,
            "net_income": 319,
            "net_income_4q": null,
            "revenue": 70499,
            "revenue_4q": null,
            "common_shares": 515008,
            "book_valuer_per_share": 17.28,
            "book_valuer_per_share_4q_avg": 17.65,
            "equity": 889696,
            "current_ratio": 1058.07,
            "debt_ratio": 9.52,
            "inventory_turnover_ratio": 0.24,
            "account_receivable_turnover_ratio": 0.99,
            "reinvestment_rate": -9.47,
            "research_to_sale_ratio": 15.72,
            "price_fair": 50.3,
            "eps_avg_yearly": 1.6,
            "eps_latest_yearly": 0.04,
            "eps_growth_yearly": 21.49
        }
    },
    "months": {
        "2004-06": {
            "month": "2004-06",
            "price": "62.35",
            "revenue": 114728
        },
        "2004-07": {
            "month": "2004-07",
            "price": "56.67",
            "revenue": 89713
        },
        "2004-08": {
            "month": "2004-08",
            "price": "41.34",
            "revenue": 123096
        },
        "2004-09": {
            "month": "2004-09",
            "price": "41.76",
            "revenue": 138586
        },
        "2004-10": {
            "month": "2004-10",
            "price": "41.86",
            "revenue": 77411
        },
        "2004-11": {
            "month": "2004-11",
            "price": "41.05",
            "revenue": 75439
        },
        "2004-12": {
            "month": "2004-12",
            "price": "41.40",
            "revenue": 80769
        },
        "2005-01": {
            "month": "2005-01",
            "price": "40.85",
            "revenue": 102583
        },
        "2005-02": {
            "month": "2005-02",
            "price": "44.31",
            "revenue": 64685
        },
        "2005-03": {
            "month": "2005-03",
            "price": "54.47",
            "revenue": 109161
        },
        "2005-04": {
            "month": "2005-04",
            "price": "55.46",
            "revenue": 77689
        },
        "2005-05": {
            "month": "2005-05",
            "price": "55.30",
            "revenue": 83542
        },
        "2005-06": {
            "month": "2005-06",
            "price": "54.00",
            "revenue": 89769
        },
        "2005-07": {
            "month": "2005-07",
            "price": "48.25",
            "revenue": 103219
        },
        "2005-08": {
            "month": "2005-08",
            "price": "40.17",
            "revenue": 125518
        },
        "2005-09": {
            "month": "2005-09",
            "price": "45.03",
            "revenue": 98323
        },
        "2005-10": {
            "month": "2005-10",
            "price": "43.38",
            "revenue": 50342
        },
        "2005-11": {
            "month": "2005-11",
            "price": "40.92",
            "revenue": 73531
        },
        "2005-12": {
            "month": "2005-12",
            "price": "43.36",
            "revenue": 103558
        },
        "2006-01": {
            "month": "2006-01",
            "price": "45.11",
            "revenue": 98660
        },
        "2006-02": {
            "month": "2006-02",
            "price": "45.21",
            "revenue": 65837
        },
        "2006-03": {
            "month": "2006-03",
            "price": "46.35",
            "revenue": 124143
        },
        "2006-04": {
            "month": "2006-04",
            "price": "49.45",
            "revenue": 58523
        },
        "2006-05": {
            "month": "2006-05",
            "price": "44.70",
            "revenue": 48523
        },
        "2006-06": {
            "month": "2006-06",
            "price": "36.56",
            "revenue": 68458
        },
        "2006-07": {
            "month": "2006-07",
            "price": "35.52",
            "revenue": 34817
        },
        "2006-08": {
            "month": "2006-08",
            "price": "29.55",
            "revenue": 61330
        },
        "2006-09": {
            "month": "2006-09",
            "price": "24.13",
            "revenue": 35308
        },
        "2006-10": {
            "month": "2006-10",
            "price": "25.06",
            "revenue": 61036
        },
        "2006-11": {
            "month": "2006-11",
            "price": "24.74",
            "revenue": 39788
        },
        "2006-12": {
            "month": "2006-12",
            "price": "25.80",
            "revenue": 62005
        },
        "2007-01": {
            "month": "2007-01",
            "price": "25.70",
            "revenue": 79774
        },
        "2007-02": {
            "month": "2007-02",
            "price": "26.25",
            "revenue": 75731
        },
        "2007-03": {
            "month": "2007-03",
            "price": "31.71",
            "revenue": 62942
        },
        "2007-04": {
            "month": "2007-04",
            "price": "29.94",
            "revenue": 80579
        },
        "2007-05": {
            "month": "2007-05",
            "price": "30.27",
            "revenue": 79142
        },
        "2007-06": {
            "month": "2007-06",
            "price": "32.52",
            "revenue": 54702
        },
        "2007-07": {
            "month": "2007-07",
            "price": "40.00",
            "revenue": 49557
        },
        "2007-08": {
            "month": "2007-08",
            "price": "34.52",
            "revenue": 76056
        },
        "2007-09": {
            "month": "2007-09",
            "price": "34.28",
            "revenue": 114974
        },
        "2007-10": {
            "month": "2007-10",
            "price": "30.35",
            "revenue": 39255
        },
        "2007-11": {
            "month": "2007-11",
            "price": "24.86",
            "revenue": 35765
        },
        "2007-12": {
            "month": "2007-12",
            "price": "20.84",
            "revenue": 32327
        },
        "2008-01": {
            "month": "2008-01",
            "price": "18.55",
            "revenue": 65013
        },
        "2008-02": {
            "month": "2008-02",
            "price": "17.84",
            "revenue": 47606
        },
        "2008-03": {
            "month": "2008-03",
            "price": "19.57",
            "revenue": 32572
        },
        "2008-04": {
            "month": "2008-04",
            "price": "18.45",
            "revenue": 54464
        },
        "2008-05": {
            "month": "2008-05",
            "price": "17.63",
            "revenue": 28324
        },
        "2008-06": {
            "month": "2008-06",
            "price": "17.20",
            "revenue": 43565
        },
        "2008-07": {
            "month": "2008-07",
            "price": "12.40",
            "revenue": 51690
        },
        "2008-08": {
            "month": "2008-08",
            "price": "10.87",
            "revenue": 37493
        },
        "2008-09": {
            "month": "2008-09",
            "price": "8.44",
            "revenue": 35133
        },
        "2008-10": {
            "month": "2008-10",
            "price": "7.12",
            "revenue": 39802
        },
        "2008-11": {
            "month": "2008-11",
            "price": "7.47",
            "revenue": 30919
        },
        "2008-12": {
            "month": "2008-12",
            "price": "7.47",
            "revenue": 39070
        },
        "2009-01": {
            "month": "2009-01",
            "price": "7.27",
            "revenue": 37256
        },
        "2009-02": {
            "month": "2009-02",
            "price": "6.65",
            "revenue": 31922
        },
        "2009-03": {
            "month": "2009-03",
            "price": "6.91",
            "revenue": 15611
        },
        "2009-04": {
            "month": "2009-04",
            "price": "7.84",
            "revenue": 30319
        },
        "2009-05": {
            "month": "2009-05",
            "price": "7.09",
            "revenue": 24505
        },
        "2009-06": {
            "month": "2009-06",
            "price": "6.47",
            "revenue": 22951
        },
        "2009-07": {
            "month": "2009-07",
            "price": "6.95",
            "revenue": 23932
        },
        "2009-08": {
            "month": "2009-08",
            "price": "7.73",
            "revenue": 25166
        },
        "2009-09": {
            "month": "2009-09",
            "price": "7.70",
            "revenue": 37299
        },
        "2009-10": {
            "month": "2009-10",
            "price": "8.51",
            "revenue": 42975
        },
        "2009-11": {
            "month": "2009-11",
            "price": "9.28",
            "revenue": 25482
        },
        "2009-12": {
            "month": "2009-12",
            "price": "9.25",
            "revenue": 26447
        },
        "2010-01": {
            "month": "2010-01",
            "price": "9.70",
            "revenue": 14145
        },
        "2010-02": {
            "month": "2010-02",
            "price": "8.82",
            "revenue": 25636
        },
        "2010-03": {
            "month": "2010-03",
            "price": "9.03",
            "revenue": 21101
        },
        "2010-04": {
            "month": "2010-04",
            "price": "12.19",
            "revenue": 25711
        },
        "2010-05": {
            "month": "2010-05",
            "price": "10.70",
            "revenue": 22030
        },
        "2010-06": {
            "month": "2010-06",
            "price": "10.23",
            "revenue": 20490
        },
        "2010-07": {
            "month": "2010-07",
            "price": "10.13",
            "revenue": 21967
        },
        "2010-08": {
            "month": "2010-08",
            "price": "10.86",
            "revenue": 29869
        },
        "2010-09": {
            "month": "2010-09",
            "price": "9.76",
            "revenue": 31417
        },
        "2010-10": {
            "month": "2010-10",
            "price": "9.08",
            "revenue": 17749
        },
        "2010-11": {
            "month": "2010-11",
            "price": "7.85",
            "revenue": 30866
        },
        "2010-12": {
            "month": "2010-12",
            "price": "8.30",
            "revenue": 19158
        },
        "2011-01": {
            "month": "2011-01",
            "price": "8.54",
            "revenue": 25752
        },
        "2011-02": {
            "month": "2011-02",
            "price": "9.70",
            "revenue": 12397
        },
        "2011-03": {
            "month": "2011-03",
            "price": "10.19",
            "revenue": 35105
        },
        "2011-04": {
            "month": "2011-04",
            "price": "10.30",
            "revenue": 26590
        },
        "2011-05": {
            "month": "2011-05",
            "price": "9.80",
            "revenue": 22350
        },
        "2011-06": {
            "month": "2011-06",
            "price": "9.32",
            "revenue": 18984
        },
        "2011-07": {
            "month": "2011-07",
            "price": "9.09",
            "revenue": 29710
        },
        "2011-08": {
            "month": "2011-08",
            "price": "8.42",
            "revenue": 22176
        },
        "2011-09": {
            "month": "2011-09",
            "price": "7.34",
            "revenue": 27410
        },
        "2011-10": {
            "month": "2011-10",
            "price": "6.48",
            "revenue": 34820
        },
        "2011-11": {
            "month": "2011-11",
            "price": "5.85",
            "revenue": 20836
        },
        "2011-12": {
            "month": "2011-12",
            "price": "4.77",
            "revenue": 43944
        },
        "2012-01": {
            "month": "2012-01",
            "price": "5.05",
            "revenue": 33088
        },
        "2012-02": {
            "month": "2012-02",
            "price": "6.86",
            "revenue": 33523
        },
        "2012-03": {
            "month": "2012-03",
            "price": "7.63",
            "revenue": 32723
        },
        "2012-04": {
            "month": "2012-04",
            "price": "7.29",
            "revenue": 34646
        },
        "2012-05": {
            "month": "2012-05",
            "price": "6.89",
            "revenue": 27808
        },
        "2012-06": {
            "month": "2012-06",
            "price": "6.60",
            "revenue": 38700
        },
        "2012-07": {
            "month": "2012-07",
            "price": "6.41",
            "revenue": 31094
        },
        "2012-08": {
            "month": "2012-08",
            "price": "6.73",
            "revenue": 40632
        },
        "2012-09": {
            "month": "2012-09",
            "price": "6.94",
            "revenue": 45874
        },
        "2012-10": {
            "month": "2012-10",
            "price": "7.43",
            "revenue": 41215
        },
        "2012-11": {
            "month": "2012-11",
            "price": "7.74",
            "revenue": 38756
        },
        "2012-12": {
            "month": "2012-12",
            "price": "8.05",
            "revenue": 32374
        },
        "2013-01": {
            "month": "2013-01",
            "price": "7.34",
            "revenue": 36044
        },
        "2013-02": {
            "month": "2013-02",
            "price": "6.80",
            "revenue": 48952
        },
        "2013-03": {
            "month": "2013-03",
            "price": "7.74",
            "revenue": 46195
        },
        "2013-04": {
            "month": "2013-04",
            "price": "9.18",
            "revenue": 63466
        },
        "2013-05": {
            "month": "2013-05",
            "price": "12.12",
            "revenue": 54648
        },
        "2013-06": {
            "month": "2013-06",
            "price": "14.90",
            "revenue": 44400
        },
        "2013-07": {
            "month": "2013-07",
            "price": "14.93",
            "revenue": 60329
        },
        "2013-08": {
            "month": "2013-08",
            "price": "15.21",
            "revenue": 41889
        },
        "2013-09": {
            "month": "2013-09",
            "price": "13.54",
            "revenue": 50750
        },
        "2013-10": {
            "month": "2013-10",
            "price": "14.41",
            "revenue": 62799
        },
        "2013-11": {
            "month": "2013-11",
            "price": "14.61",
            "revenue": 54651
        },
        "2013-12": {
            "month": "2013-12",
            "price": "14.41",
            "revenue": 50486
        },
        "2014-01": {
            "month": "2014-01",
            "price": "16.17",
            "revenue": 43806
        },
        "2014-02": {
            "month": "2014-02",
            "price": "17.54",
            "revenue": 48008
        },
        "2014-03": {
            "month": "2014-03",
            "price": "16.38",
            "revenue": 38247
        },
        "2014-04": {
            "month": "2014-04",
            "price": "15.11",
            "revenue": 48683
        },
        "2014-05": {
            "month": "2014-05",
            "price": "14.35",
            "revenue": 43159
        },
        "2014-06": {
            "month": "2014-06",
            "price": "14.50",
            "revenue": 56595
        },
        "2014-07": {
            "month": "2014-07",
            "price": "16.11",
            "revenue": 43379
        },
        "2014-08": {
            "month": "2014-08",
            "price": "16.19",
            "revenue": 54361
        },
        "2014-09": {
            "month": "2014-09",
            "price": "15.93",
            "revenue": 53502
        },
        "2014-10": {
            "month": "2014-10",
            "price": "14.81",
            "revenue": 23921
        },
        "2014-11": {
            "month": "2014-11",
            "price": "14.24",
            "revenue": 38682
        },
        "2014-12": {
            "month": "2014-12",
            "price": "14.09",
            "revenue": 48251
        },
        "2015-01": {
            "month": "2015-01",
            "price": "14.88",
            "revenue": 51389
        },
        "2015-02": {
            "month": "2015-02",
            "price": "15.15",
            "revenue": 62972
        },
        "2015-03": {
            "month": "2015-03",
            "price": "16.78",
            "revenue": 60527
        },
        "2015-04": {
            "month": "2015-04",
            "price": "16.52",
            "revenue": 62038
        },
        "2015-05": {
            "month": "2015-05",
            "price": "17.43",
            "revenue": 49393
        },
        "2015-06": {
            "month": "2015-06",
            "price": "16.43",
            "revenue": 71988
        },
        "2015-07": {
            "month": "2015-07",
            "price": "17.78",
            "revenue": 71685
        },
        "2015-08": {
            "month": "2015-08",
            "price": "18.26",
            "revenue": 67015
        },
        "2015-09": {
            "month": "2015-09",
            "price": "20.09",
            "revenue": 53218
        },
        "2015-10": {
            "month": "2015-10",
            "price": "17.43",
            "revenue": 68644
        },
        "2015-11": {
            "month": "2015-11",
            "price": "17.90",
            "revenue": 34498
        },
        "2015-12": {
            "month": "2015-12",
            "price": "16.90",
            "revenue": 50129
        },
        "2016-01": {
            "month": "2016-01",
            "price": "15.89",
            "revenue": 65790
        },
        "2016-02": {
            "month": "2016-02",
            "price": "16.48",
            "revenue": 63480
        },
        "2016-03": {
            "month": "2016-03",
            "price": "16.83",
            "revenue": 53055
        },
        "2016-04": {
            "month": "2016-04",
            "price": "15.84",
            "revenue": 29109
        },
        "2016-05": {
            "month": "2016-05",
            "price": "14.25",
            "revenue": 36136
        },
        "2016-06": {
            "month": "2016-06",
            "price": "14.15",
            "revenue": 60350
        },
        "2016-07": {
            "month": "2016-07",
            "price": "15.18",
            "revenue": 40649
        },
        "2016-08": {
            "month": "2016-08",
            "price": "14.96",
            "revenue": 79950
        },
        "2016-09": {
            "month": "2016-09",
            "price": "15.06",
            "revenue": 63336
        },
        "2016-10": {
            "month": "2016-10",
            "price": "14.63",
            "revenue": 84892
        },
        "2016-11": {
            "month": "2016-11",
            "price": "13.91",
            "revenue": 74367
        },
        "2016-12": {
            "month": "2016-12",
            "price": "14.18",
            "revenue": 78582
        },
        "2017-01": {
            "month": "2017-01",
            "price": "14.04",
            "revenue": 55984
        },
        "2017-02": {
            "month": "2017-02",
            "price": "14.06",
            "revenue": 47351
        },
        "2017-03": {
            "month": "2017-03",
            "price": "13.92",
            "revenue": 78138
        },
        "2017-04": {
            "month": "2017-04",
            "price": "13.94",
            "revenue": 61657
        },
        "2017-05": {
            "month": "2017-05",
            "price": "14.34",
            "revenue": 56229
        },
        "2017-06": {
            "month": "2017-06",
            "price": "14.79",
            "revenue": 85475
        },
        "2017-07": {
            "month": "2017-07",
            "price": "14.73",
            "revenue": 74658
        },
        "2017-08": {
            "month": "2017-08",
            "price": "14.86",
            "revenue": 91682
        },
        "2017-09": {
            "month": "2017-09",
            "price": "16.78",
            "revenue": 87833
        },
        "2017-10": {
            "month": "2017-10",
            "price": "16.67",
            "revenue": 55243
        },
        "2017-11": {
            "month": "2017-11",
            "price": "16.12",
            "revenue": 45693
        },
        "2017-12": {
            "month": "2017-12",
            "price": "14.89",
            "revenue": 65501
        },
        "2018-01": {
            "month": "2018-01",
            "price": "15.01",
            "revenue": 41680
        },
        "2018-02": {
            "month": "2018-02",
            "price": "13.93",
            "revenue": 33798
        },
        "2018-03": {
            "month": "2018-03",
            "price": "13.98",
            "revenue": 59913
        },
        "2018-04": {
            "month": "2018-04",
            "price": "14.09",
            "revenue": 50487
        },
        "2018-05": {
            "month": "2018-05",
            "price": "13.89",
            "revenue": 49209
        },
        "2018-06": {
            "month": "2018-06",
            "price": "13.85",
            "revenue": 68855
        },
        "2018-07": {
            "month": "2018-07",
            "price": "13.00",
            "revenue": 57789
        },
        "2018-08": {
            "month": "2018-08",
            "price": "12.89",
            "revenue": 67522
        },
        "2018-09": {
            "month": "2018-09",
            "price": "12.94",
            "revenue": 62346
        },
        "2018-10": {
            "month": "2018-10",
            "price": "12.38",
            "revenue": 45902
        },
        "2018-11": {
            "month": "2018-11",
            "price": "12.10",
            "revenue": 62360
        },
        "2018-12": {
            "month": "2018-12",
            "price": "12.49",
            "revenue": 40825
        },
        "2019-01": {
            "month": "2019-01",
            "price": "12.54",
            "revenue": 56712
        },
        "2019-02": {
            "month": "2019-02",
            "price": "13.44",
            "revenue": 21899
        },
        "2019-03": {
            "month": "2019-03",
            "price": "13.56",
            "revenue": 45905
        },
        "2019-04": {
            "month": "2019-04",
            "price": "14.48",
            "revenue": 31593
        },
        "2019-05": {
            "month": "2019-05",
            "price": "13.70",
            "revenue": 77968
        },
        "2019-06": {
            "month": "2019-06",
            "price": "13.67",
            "revenue": 56974
        },
        "2019-07": {
            "month": "2019-07",
            "price": "13.02",
            "revenue": 50171
        },
        "2019-08": {
            "month": "2019-08",
            "price": "12.53",
            "revenue": 50019
        },
        "2019-09": {
            "month": "2019-09",
            "price": "12.77",
            "revenue": 41257
        },
        "2019-10": {
            "month": "2019-10",
            "price": "12.67",
            "revenue": 64866
        },
        "2019-11": {
            "month": "2019-11",
            "price": "13.12",
            "revenue": 63719
        },
        "2019-12": {
            "month": "2019-12",
            "price": "13.91",
            "revenue": 65838
        },
        "2020-01": {
            "month": "2020-01",
            "price": "13.88",
            "revenue": 37707
        },
        "2020-02": {
            "month": "2020-02",
            "price": "13.50",
            "revenue": 44416
        },
        "2020-03": {
            "month": "2020-03",
            "price": "12.45",
            "revenue": 40354
        },
        "2020-04": {
            "month": "2020-04",
            "price": "12.68",
            "revenue": 40383
        },
        "2020-05": {
            "month": "2020-05",
            "price": "13.40",
            "revenue": 58094
        },
        "2020-06": {
            "month": "2020-06",
            "price": "13.99",
            "revenue": 48456
        },
        "2020-07": {
            "month": "2020-07",
            "price": "13.30",
            "revenue": 50267
        },
        "2020-08": {
            "month": "2020-08",
            "price": "13.25",
            "revenue": 45069
        },
        "2020-09": {
            "month": "2020-09",
            "price": "13.11",
            "revenue": 45763
        },
        "2020-10": {
            "month": "2020-10",
            "price": "13.11",
            "revenue": 45792
        },
        "2020-11": {
            "month": "2020-11",
            "price": "12.98",
            "revenue": 47361
        },
        "2020-12": {
            "month": "2020-12",
            "price": "13.06",
            "revenue": 52176
        },
        "2021-01": {
            "month": "2021-01",
            "price": "13.09",
            "revenue": 57884
        },
        "2021-02": {
            "month": "2021-02",
            "price": "13.27",
            "revenue": 33806
        },
        "2021-03": {
            "month": "2021-03",
            "price": "14.48",
            "revenue": 71173
        },
        "2021-04": {
            "month": "2021-04",
            "price": "17.38",
            "revenue": 39647
        },
        "2021-05": {
            "month": "2021-05",
            "price": "15.43",
            "revenue": 59429
        },
        "2021-06": {
            "month": "2021-06",
            "price": "16.24",
            "revenue": 53086
        },
        "2021-07": {
            "month": "2021-07",
            "price": "16.27",
            "revenue": 59227
        },
        "2021-08": {
            "month": "2021-08",
            "price": "17.25",
            "revenue": 63709
        },
        "2021-09": {
            "month": "2021-09",
            "price": "18.26",
            "revenue": 63567
        },
        "2021-10": {
            "month": "2021-10",
            "price": "19.67",
            "revenue": 60964
        },
        "2021-11": {
            "month": "2021-11",
            "price": "21.20",
            "revenue": 62112
        },
        "2021-12": {
            "month": "2021-12",
            "price": "24.19",
            "revenue": 66409
        },
        "2022-01": {
            "month": "2022-01",
            "price": "21.75",
            "revenue": 51559
        },
        "2022-02": {
            "month": "2022-02",
            "price": "20.34",
            "revenue": 31335
        },
        "2022-03": {
            "month": "2022-03",
            "price": "19.21",
            "revenue": 75637
        },
        "2022-04": {
            "month": "2022-04",
            "price": "19.07",
            "revenue": 43253
        },
        "2022-05": {
            "month": "2022-05",
            "price": "18.27",
            "revenue": 70824
        },
        "2022-06": {
            "month": "2022-06",
            "price": "18.45",
            "revenue": 52633
        },
        "2022-07": {
            "month": "2022-07",
            "price": "15.86",
            "revenue": 72208
        },
        "2022-08": {
            "month": "2022-08",
            "price": "17.51",
            "revenue": 35742
        },
        "2022-09": {
            "month": "2022-09",
            "price": "16.79",
            "revenue": 38607
        },
        "2022-10": {
            "month": "2022-10",
            "price": "15.54",
            "revenue": 55065
        },
        "2022-11": {
            "month": "2022-11",
            "price": "16.18",
            "revenue": 50451
        },
        "2022-12": {
            "month": "2022-12",
            "price": "16.70",
            "revenue": 64055
        },
        "2023-01": {
            "month": "2023-01",
            "price": "17.00",
            "revenue": 25519
        },
        "2023-02": {
            "month": "2023-02",
            "price": "18.02",
            "revenue": 48435
        },
        "2023-03": {
            "month": "2023-03",
            "price": "18.09",
            "revenue": 62691
        },
        "2023-04": {
            "month": "2023-04",
            "price": "18.14",
            "revenue": 45830
        },
        "2023-05": {
            "month": "2023-05",
            "price": "18.57",
            "revenue": 24340
        },
        "2023-06": {
            "month": "2023-06",
            "price": "18.99",
            "revenue": 29017
        },
        "2023-07": {
            "month": "2023-07",
            "price": "20.38",
            "revenue": 31008
        },
        "2023-08": {
            "month": "2023-08",
            "price": "20.17",
            "revenue": 19387
        },
        "2023-09": {
            "month": "2023-09",
            "price": "20.17",
            "revenue": 20095
        },
        "2023-10": {
            "month": "2023-10",
            "price": "19.93",
            "revenue": 24795
        },
        "2023-11": {
            "month": "2023-11",
            "price": "20.12",
            "revenue": 21354
        }
    }
}
