{
    "summary": {
        "stock_name": "新麥",
        "stock_id": "1580",
        "category": "電機機械",
        "main_business": "食品機器設備製造及買賣",
        "website_url": "http://www.sinmag.com.tw",
        "ceo": "謝順和",
        "pe_ratio": 17,
        "report_year_from": 2004,
        "report_year_to": 2023,
        "age": 19,
        "eps_negative_percentage": 0,
        "eps_growth_avg": {
            "last_all": 12.03,
            "last_2y": -5.58,
            "last_4y": -4.95,
            "last_8y": -2.74,
            "last_12y": 2.84,
            "last_16y": null,
            "last_20y": null,
            "at_2006_last_3y": null,
            "at_2007_last_3y": null,
            "at_2008_last_3y": null,
            "at_2009_last_3y": null,
            "at_2010_last_3y": 49.92,
            "at_2011_last_3y": 25.83,
            "at_2012_last_3y": 28.25,
            "at_2013_last_3y": 15.4,
            "at_2014_last_3y": 4.69,
            "at_2015_last_3y": 0.29,
            "at_2016_last_3y": 5.4,
            "at_2017_last_3y": 0.02,
            "at_2018_last_3y": -3.83,
            "at_2019_last_3y": 1.19,
            "at_2020_last_3y": -10.66,
            "at_2021_last_3y": 2.32,
            "at_2022_last_3y": -2.65,
            "at_2023_last_3y": -2.65,
            "at_2006_last_all": null,
            "at_2007_last_all": null,
            "at_2008_last_all": 42.5,
            "at_2009_last_all": 51.86,
            "at_2010_last_all": 49.92,
            "at_2011_last_all": 40.66,
            "at_2012_last_all": 33,
            "at_2013_last_all": 31.03,
            "at_2014_last_all": 27.3,
            "at_2015_last_all": 22.72,
            "at_2016_last_all": 21.96,
            "at_2017_last_all": 19.75,
            "at_2018_last_all": 16.92,
            "at_2019_last_all": 16.09,
            "at_2020_last_all": 12.64,
            "at_2021_last_all": 15.1,
            "at_2022_last_all": 12.03,
            "at_2023_last_all": 12.03
        },
        "latest_eps": 8.49,
        "latest_price": 143,
        "latest_roe": 17.62,
        "latest_gross_margin": 38.16,
        "latest_equity": 2624242,
        "latest_revenue": 1162165,
        "latest_gross_profit": 443518,
        "latest_net_income": 158937,
        "latest_debt_ratio": 31.51,
        "latest_current_ratio": 222.93,
        "latest_account_receivable_turnover_ratio": 2.53,
        "latest_inventory_turnover_ratio": 0.87,
        "latest_reinvestment_rate": 11.47,
        "latest_research_to_sale_ratio": 3.73
    },
    "eps_dividends": {
        "2001": {
            "cash": 0,
            "stock": 0,
            "eps": 0
        },
        "2002": {
            "cash": 0,
            "stock": 0,
            "eps": 0
        },
        "2003": {
            "cash": 0,
            "stock": 0,
            "eps": 0
        },
        "2004": {
            "cash": 0,
            "stock": 0,
            "eps": 0
        },
        "2005": {
            "cash": 0,
            "stock": 0,
            "eps": 0
        },
        "2006": {
            "cash": 2,
            "stock": 1,
            "eps": 1.84
        },
        "2007": {
            "cash": 1.5,
            "stock": 1.5,
            "eps": 4.6
        },
        "2008": {
            "cash": 3.5,
            "stock": 0,
            "eps": 3.91
        },
        "2009": {
            "cash": 2.5,
            "stock": 0.5,
            "eps": 6.67
        },
        "2010": {
            "cash": 5.5,
            "stock": 0.5,
            "eps": 9.61
        },
        "2011": {
            "cash": 7,
            "stock": 0.5,
            "eps": 9.96
        },
        "2012": {
            "cash": 7,
            "stock": 0.5,
            "eps": 9.43
        },
        "2013": {
            "cash": 7,
            "stock": 0.5,
            "eps": 11.24
        },
        "2014": {
            "cash": 7.5,
            "stock": 0.6,
            "eps": 11.38
        },
        "2015": {
            "cash": 8.5,
            "stock": 0.2,
            "eps": 9.79
        },
        "2016": {
            "cash": 7,
            "stock": 0,
            "eps": 11.27
        },
        "2017": {
            "cash": 8.5,
            "stock": 0,
            "eps": 11.01
        },
        "2018": {
            "cash": 8,
            "stock": 0.35,
            "eps": 9.45
        },
        "2019": {
            "cash": 6.5,
            "stock": 0,
            "eps": 10.03
        },
        "2020": {
            "cash": 5,
            "stock": 0,
            "eps": 6.79
        },
        "2021": {
            "cash": 6.79,
            "stock": 0,
            "eps": 10.16
        },
        "2022": {
            "cash": 7,
            "stock": 0,
            "eps": 6.7
        },
        "2023": {
            "cash": 6,
            "stock": 0,
            "eps": 5.35
        }
    },
    "dividends": {
        "2006-04-24": {
            "cash": 2,
            "stock": 1
        },
        "2007-05-10": {
            "cash": 1.5,
            "stock": 1.5
        },
        "2008-04-15": {
            "cash": 3.5,
            "stock": 0
        },
        "2009-03-26": {
            "cash": 2.5,
            "stock": 0.5
        },
        "2010-03-26": {
            "cash": 5.5,
            "stock": 0.5
        },
        "2011-03-18": {
            "cash": 7,
            "stock": 0.5
        },
        "2012-03-09": {
            "cash": 7,
            "stock": 0.5
        },
        "2013-06-28": {
            "cash": 7,
            "stock": 0.5
        },
        "2014-06-23": {
            "cash": 7.5,
            "stock": 0.6
        },
        "2015-08-14": {
            "cash": 8.5,
            "stock": 0.2
        },
        "2016-09-10": {
            "cash": 7,
            "stock": 0
        },
        "2017-08-28": {
            "cash": 8.5,
            "stock": 0
        },
        "2018-07-27": {
            "cash": 8,
            "stock": 0.35
        },
        "2019-08-06": {
            "cash": 6.5,
            "stock": 0
        },
        "2020-08-05": {
            "cash": 5,
            "stock": 0
        },
        "2021-09-22": {
            "cash": 6.79,
            "stock": 0
        },
        "2022-07-22": {
            "cash": 7,
            "stock": 0
        },
        "2023-07-07": {
            "cash": 6,
            "stock": 0
        }
    },
    "prices": {
        "200101": "無",
        "200102": "無",
        "200103": "無",
        "200104": "無",
        "200105": "無",
        "200106": "無",
        "200107": "無",
        "200108": "無",
        "200109": "無",
        "200110": "無",
        "200111": "無",
        "200112": "無",
        "200201": "無",
        "200202": "無",
        "200203": "無",
        "200204": "無",
        "200205": "無",
        "200206": "無",
        "200207": "無",
        "200208": "無",
        "200209": "無",
        "200210": "無",
        "200211": "無",
        "200212": "無",
        "200301": "無",
        "200302": "無",
        "200303": "無",
        "200304": "無",
        "200305": "無",
        "200306": "無",
        "200307": "無",
        "200308": "無",
        "200309": "無",
        "200310": "無",
        "200311": "無",
        "200312": "無",
        "200401": "無",
        "200402": "無",
        "200403": "無",
        "200404": "無",
        "200405": "無",
        "200406": "無",
        "200407": "無",
        "200408": "無",
        "200409": "無",
        "200410": "無",
        "200411": "無",
        "200412": "無",
        "200501": "無",
        "200502": "無",
        "200503": "無",
        "200504": "無",
        "200505": "無",
        "200506": "無",
        "200507": "無",
        "200508": "無",
        "200509": "無",
        "200510": "無",
        "200511": "無",
        "200512": "無",
        "200601": "無",
        "200602": "無",
        "200603": "無",
        "200604": "無",
        "200605": "無",
        "200606": "無",
        "200607": "無",
        "200608": "無",
        "200609": "無",
        "200610": "無",
        "200611": "32.16",
        "200612": "32.23",
        "200701": "31.85",
        "200702": "31.62",
        "200703": "32.12",
        "200704": "35.90",
        "200705": "38.55",
        "200706": "46.61",
        "200707": "47.96",
        "200708": "58.46",
        "200709": "54.94",
        "200710": "52.60",
        "200711": "46.08",
        "200712": "35.66",
        "200801": "34.25",
        "200802": "33.70",
        "200803": "32.95",
        "200804": "35.67",
        "200805": "36.83",
        "200806": "35.33",
        "200807": "30.86",
        "200808": "27.34",
        "200809": "24.74",
        "200810": "24.58",
        "200811": "23.37",
        "200812": "22.96",
        "200901": "23.06",
        "200902": "23.72",
        "200903": "26.01",
        "200904": "30.50",
        "200905": "33.61",
        "200906": "33.67",
        "200907": "35.63",
        "200908": "47.52",
        "200909": "60.46",
        "200910": "67.59",
        "200911": "64.49",
        "200912": "65.91",
        "201001": "63.86",
        "201002": "60.71",
        "201003": "66.99",
        "201004": "111.50",
        "201005": "120.88",
        "201006": "131.14",
        "201007": "133.75",
        "201008": "139.05",
        "201009": "118.19",
        "201010": "123.40",
        "201011": "122.59",
        "201012": "127.65",
        "201101": "117.32",
        "201102": "105.64",
        "201103": "108.77",
        "201104": "120.03",
        "201105": "111.10",
        "201106": "103.90",
        "201107": "105.07",
        "201108": "85.47",
        "201109": "86.08",
        "201110": "87.00",
        "201111": "95.67",
        "201112": "89.08",
        "201201": "90.99",
        "201202": "103.82",
        "201203": "111.59",
        "201204": "102.96",
        "201205": "113.07",
        "201206": "115.55",
        "201207": "124.84",
        "201208": "126.52",
        "201209": "121.90",
        "201210": "126.86",
        "201211": "116.48",
        "201212": "120.02",
        "201301": "125.09",
        "201302": "130.73",
        "201303": "134.60",
        "201304": "125.75",
        "201305": "117.89",
        "201306": "112.13",
        "201307": "122.67",
        "201308": "119.74",
        "201309": "123.60",
        "201310": "132.39",
        "201311": "141.36",
        "201312": "156.16",
        "201401": "155.92",
        "201402": "165.09",
        "201403": "177.60",
        "201404": "174.55",
        "201405": "172.60",
        "201406": "167.00",
        "201407": "170.11",
        "201408": "182.76",
        "201409": "180.24",
        "201410": "181.95",
        "201411": "186.78",
        "201412": "193.12",
        "201501": "188.88",
        "201502": "182.96",
        "201503": "182.09",
        "201504": "188.25",
        "201505": "181.68",
        "201506": "171.12",
        "201507": "172.23",
        "201508": "129.57",
        "201509": "113.12",
        "201510": "116.64",
        "201511": "113.19",
        "201512": "108.17",
        "201601": "93.42",
        "201602": "91.52",
        "201603": "116.61",
        "201604": "113.24",
        "201605": "101.74",
        "201606": "103.03",
        "201607": "112.50",
        "201608": "135.50",
        "201609": "142.47",
        "201610": "147.25",
        "201611": "145.32",
        "201612": "146.00",
        "201701": "143.38",
        "201702": "136.67",
        "201703": "135.26",
        "201704": "138.11",
        "201705": "156.75",
        "201706": "172.46",
        "201707": "176.07",
        "201708": "163.33",
        "201709": "157.48",
        "201710": "153.74",
        "201711": "158.09",
        "201712": "168.86",
        "201801": "169.52",
        "201802": "163.04",
        "201803": "164.85",
        "201804": "159.11",
        "201805": "153.64",
        "201806": "153.35",
        "201807": "141.50",
        "201808": "141.63",
        "201809": "136.87",
        "201810": "133.43",
        "201811": "122.34",
        "201812": "115.17",
        "201901": "117.69",
        "201902": "122.96",
        "201903": "121.48",
        "201904": "122.88",
        "201905": "119.57",
        "201906": "115.45",
        "201907": "106.46",
        "201908": "102.12",
        "201909": "107.05",
        "201910": "104.00",
        "201911": "106.57",
        "201912": "113.61",
        "202001": "115.30",
        "202002": "104.58",
        "202003": "89.17",
        "202004": "90.44",
        "202005": "90.23",
        "202006": "88.35",
        "202007": "82.26",
        "202008": "79.65",
        "202009": "77.14",
        "202010": "77.08",
        "202011": "84.05",
        "202012": "86.56",
        "202101": "86.54",
        "202102": "92.62",
        "202103": "105.05",
        "202104": "110.89",
        "202105": "105.03",
        "202106": "105.74",
        "202107": "108.93",
        "202108": "108.61",
        "202109": "101.60",
        "202110": "104.96",
        "202111": "105.27",
        "202112": "105.59",
        "202201": "106.42",
        "202202": "105.07",
        "202203": "105.11",
        "202204": "103.92",
        "202205": "98.80",
        "202206": "97.95",
        "202207": "90.77",
        "202208": "94.36",
        "202209": "93.94",
        "202210": "86.48",
        "202211": "85.22",
        "202212": "87.87",
        "202301": "90.03",
        "202302": "94.77",
        "202303": "100.64",
        "202304": "104.29",
        "202305": "121.82",
        "202306": "128.85",
        "202307": "129.29",
        "202308": "126.59",
        "202309": "126.90",
        "202310": "135.42"
    },
    "quarters": {
        "20011": {
            "year_quarter": 20011,
            "year": 2001,
            "quarter": 1,
            "eps": null,
            "eps_growth_year": null,
            "eps_4q": null,
            "eps_4q_growth_year": null,
            "roe": null,
            "roe_4q": 0,
            "gross_profit": null,
            "gross_margin": null,
            "gross_margin_4q_avg": 0,
            "net_income": null,
            "net_income_4q": null,
            "revenue": null,
            "revenue_4q": null,
            "common_shares": null,
            "book_valuer_per_share": null,
            "book_valuer_per_share_4q_avg": 0,
            "equity": null,
            "current_ratio": null,
            "debt_ratio": null,
            "inventory_turnover_ratio": null,
            "account_receivable_turnover_ratio": null,
            "reinvestment_rate": null,
            "research_to_sale_ratio": null,
            "price_fair": 0,
            "eps_avg_yearly": 0,
            "eps_latest_yearly": 0,
            "eps_growth_yearly": 0
        },
        "20012": {
            "year_quarter": 20012,
            "year": 2001,
            "quarter": 2,
            "eps": null,
            "eps_growth_year": null,
            "eps_4q": null,
            "eps_4q_growth_year": null,
            "roe": null,
            "roe_4q": 0,
            "gross_profit": null,
            "gross_margin": null,
            "gross_margin_4q_avg": 0,
            "net_income": null,
            "net_income_4q": null,
            "revenue": null,
            "revenue_4q": null,
            "common_shares": null,
            "book_valuer_per_share": null,
            "book_valuer_per_share_4q_avg": 0,
            "equity": null,
            "current_ratio": null,
            "debt_ratio": null,
            "inventory_turnover_ratio": null,
            "account_receivable_turnover_ratio": null,
            "reinvestment_rate": null,
            "research_to_sale_ratio": null,
            "price_fair": 0,
            "eps_avg_yearly": 0,
            "eps_latest_yearly": 0,
            "eps_growth_yearly": 0
        },
        "20013": {
            "year_quarter": 20013,
            "year": 2001,
            "quarter": 3,
            "eps": null,
            "eps_growth_year": null,
            "eps_4q": null,
            "eps_4q_growth_year": null,
            "roe": null,
            "roe_4q": 0,
            "gross_profit": null,
            "gross_margin": null,
            "gross_margin_4q_avg": 0,
            "net_income": null,
            "net_income_4q": null,
            "revenue": null,
            "revenue_4q": null,
            "common_shares": null,
            "book_valuer_per_share": null,
            "book_valuer_per_share_4q_avg": 0,
            "equity": null,
            "current_ratio": null,
            "debt_ratio": null,
            "inventory_turnover_ratio": null,
            "account_receivable_turnover_ratio": null,
            "reinvestment_rate": null,
            "research_to_sale_ratio": null,
            "price_fair": 0,
            "eps_avg_yearly": 0,
            "eps_latest_yearly": 0,
            "eps_growth_yearly": 0
        },
        "20014": {
            "year_quarter": 20014,
            "year": 2001,
            "quarter": 4,
            "eps": null,
            "eps_growth_year": null,
            "eps_4q": null,
            "eps_4q_growth_year": null,
            "roe": null,
            "roe_4q": 0,
            "gross_profit": null,
            "gross_margin": null,
            "gross_margin_4q_avg": 0,
            "net_income": null,
            "net_income_4q": null,
            "revenue": null,
            "revenue_4q": null,
            "common_shares": 40000,
            "book_valuer_per_share": 15.47,
            "book_valuer_per_share_4q_avg": 3.87,
            "equity": 61869,
            "current_ratio": 135.02,
            "debt_ratio": 63.68,
            "inventory_turnover_ratio": null,
            "account_receivable_turnover_ratio": null,
            "reinvestment_rate": null,
            "research_to_sale_ratio": null,
            "price_fair": 0,
            "eps_avg_yearly": 0,
            "eps_latest_yearly": 0,
            "eps_growth_yearly": 0
        },
        "20021": {
            "year_quarter": 20021,
            "year": 2002,
            "quarter": 1,
            "eps": null,
            "eps_growth_year": null,
            "eps_4q": null,
            "eps_4q_growth_year": null,
            "roe": null,
            "roe_4q": 0,
            "gross_profit": null,
            "gross_margin": null,
            "gross_margin_4q_avg": 0,
            "net_income": null,
            "net_income_4q": null,
            "revenue": null,
            "revenue_4q": null,
            "common_shares": null,
            "book_valuer_per_share": null,
            "book_valuer_per_share_4q_avg": 3.87,
            "equity": null,
            "current_ratio": null,
            "debt_ratio": null,
            "inventory_turnover_ratio": null,
            "account_receivable_turnover_ratio": null,
            "reinvestment_rate": null,
            "research_to_sale_ratio": null,
            "price_fair": 0,
            "eps_avg_yearly": 0,
            "eps_latest_yearly": 0,
            "eps_growth_yearly": 0
        },
        "20022": {
            "year_quarter": 20022,
            "year": 2002,
            "quarter": 2,
            "eps": null,
            "eps_growth_year": null,
            "eps_4q": null,
            "eps_4q_growth_year": null,
            "roe": null,
            "roe_4q": 0,
            "gross_profit": null,
            "gross_margin": null,
            "gross_margin_4q_avg": 0,
            "net_income": null,
            "net_income_4q": null,
            "revenue": null,
            "revenue_4q": null,
            "common_shares": null,
            "book_valuer_per_share": null,
            "book_valuer_per_share_4q_avg": 3.87,
            "equity": null,
            "current_ratio": null,
            "debt_ratio": null,
            "inventory_turnover_ratio": null,
            "account_receivable_turnover_ratio": null,
            "reinvestment_rate": null,
            "research_to_sale_ratio": null,
            "price_fair": 0,
            "eps_avg_yearly": 0,
            "eps_latest_yearly": 0,
            "eps_growth_yearly": 0
        },
        "20023": {
            "year_quarter": 20023,
            "year": 2002,
            "quarter": 3,
            "eps": null,
            "eps_growth_year": null,
            "eps_4q": null,
            "eps_4q_growth_year": null,
            "roe": null,
            "roe_4q": 0,
            "gross_profit": null,
            "gross_margin": null,
            "gross_margin_4q_avg": 0,
            "net_income": null,
            "net_income_4q": null,
            "revenue": null,
            "revenue_4q": null,
            "common_shares": null,
            "book_valuer_per_share": null,
            "book_valuer_per_share_4q_avg": 3.87,
            "equity": null,
            "current_ratio": null,
            "debt_ratio": null,
            "inventory_turnover_ratio": null,
            "account_receivable_turnover_ratio": null,
            "reinvestment_rate": null,
            "research_to_sale_ratio": null,
            "price_fair": 0,
            "eps_avg_yearly": 0,
            "eps_latest_yearly": 0,
            "eps_growth_yearly": 0
        },
        "20024": {
            "year_quarter": 20024,
            "year": 2002,
            "quarter": 4,
            "eps": null,
            "eps_growth_year": null,
            "eps_4q": null,
            "eps_4q_growth_year": null,
            "roe": null,
            "roe_4q": 0,
            "gross_profit": null,
            "gross_margin": null,
            "gross_margin_4q_avg": 0,
            "net_income": null,
            "net_income_4q": null,
            "revenue": null,
            "revenue_4q": null,
            "common_shares": 40000,
            "book_valuer_per_share": 15.52,
            "book_valuer_per_share_4q_avg": 3.88,
            "equity": 62068,
            "current_ratio": 159.7,
            "debt_ratio": 50.99,
            "inventory_turnover_ratio": null,
            "account_receivable_turnover_ratio": null,
            "reinvestment_rate": null,
            "research_to_sale_ratio": null,
            "price_fair": 0,
            "eps_avg_yearly": 0,
            "eps_latest_yearly": 0,
            "eps_growth_yearly": 0
        },
        "20031": {
            "year_quarter": 20031,
            "year": 2003,
            "quarter": 1,
            "eps": null,
            "eps_growth_year": null,
            "eps_4q": null,
            "eps_4q_growth_year": null,
            "roe": null,
            "roe_4q": 0,
            "gross_profit": null,
            "gross_margin": null,
            "gross_margin_4q_avg": 0,
            "net_income": null,
            "net_income_4q": null,
            "revenue": null,
            "revenue_4q": null,
            "common_shares": null,
            "book_valuer_per_share": null,
            "book_valuer_per_share_4q_avg": 3.88,
            "equity": null,
            "current_ratio": null,
            "debt_ratio": null,
            "inventory_turnover_ratio": null,
            "account_receivable_turnover_ratio": null,
            "reinvestment_rate": null,
            "research_to_sale_ratio": null,
            "price_fair": 0,
            "eps_avg_yearly": 0,
            "eps_latest_yearly": 0,
            "eps_growth_yearly": 0
        },
        "20032": {
            "year_quarter": 20032,
            "year": 2003,
            "quarter": 2,
            "eps": null,
            "eps_growth_year": null,
            "eps_4q": null,
            "eps_4q_growth_year": null,
            "roe": null,
            "roe_4q": 0,
            "gross_profit": null,
            "gross_margin": null,
            "gross_margin_4q_avg": 0,
            "net_income": null,
            "net_income_4q": null,
            "revenue": null,
            "revenue_4q": null,
            "common_shares": null,
            "book_valuer_per_share": null,
            "book_valuer_per_share_4q_avg": 3.88,
            "equity": null,
            "current_ratio": null,
            "debt_ratio": null,
            "inventory_turnover_ratio": null,
            "account_receivable_turnover_ratio": null,
            "reinvestment_rate": null,
            "research_to_sale_ratio": null,
            "price_fair": 0,
            "eps_avg_yearly": 0,
            "eps_latest_yearly": 0,
            "eps_growth_yearly": 0
        },
        "20033": {
            "year_quarter": 20033,
            "year": 2003,
            "quarter": 3,
            "eps": null,
            "eps_growth_year": null,
            "eps_4q": null,
            "eps_4q_growth_year": null,
            "roe": null,
            "roe_4q": 0,
            "gross_profit": null,
            "gross_margin": null,
            "gross_margin_4q_avg": 0,
            "net_income": null,
            "net_income_4q": null,
            "revenue": null,
            "revenue_4q": null,
            "common_shares": null,
            "book_valuer_per_share": null,
            "book_valuer_per_share_4q_avg": 3.88,
            "equity": null,
            "current_ratio": null,
            "debt_ratio": null,
            "inventory_turnover_ratio": null,
            "account_receivable_turnover_ratio": null,
            "reinvestment_rate": null,
            "research_to_sale_ratio": null,
            "price_fair": 0,
            "eps_avg_yearly": 0,
            "eps_latest_yearly": 0,
            "eps_growth_yearly": 0
        },
        "20034": {
            "year_quarter": 20034,
            "year": 2003,
            "quarter": 4,
            "eps": null,
            "eps_growth_year": null,
            "eps_4q": null,
            "eps_4q_growth_year": null,
            "roe": null,
            "roe_4q": 0,
            "gross_profit": null,
            "gross_margin": null,
            "gross_margin_4q_avg": 0,
            "net_income": null,
            "net_income_4q": null,
            "revenue": null,
            "revenue_4q": null,
            "common_shares": 210000,
            "book_valuer_per_share": 12.03,
            "book_valuer_per_share_4q_avg": 3.01,
            "equity": 336348,
            "current_ratio": 167.02,
            "debt_ratio": 54.01,
            "inventory_turnover_ratio": null,
            "account_receivable_turnover_ratio": null,
            "reinvestment_rate": null,
            "research_to_sale_ratio": null,
            "price_fair": 0,
            "eps_avg_yearly": 0,
            "eps_latest_yearly": 0,
            "eps_growth_yearly": 0
        },
        "20041": {
            "year_quarter": 20041,
            "year": 2004,
            "quarter": 1,
            "eps": null,
            "eps_growth_year": null,
            "eps_4q": null,
            "eps_4q_growth_year": null,
            "roe": null,
            "roe_4q": 0,
            "gross_profit": null,
            "gross_margin": null,
            "gross_margin_4q_avg": 0,
            "net_income": null,
            "net_income_4q": null,
            "revenue": null,
            "revenue_4q": null,
            "common_shares": null,
            "book_valuer_per_share": null,
            "book_valuer_per_share_4q_avg": 3.01,
            "equity": null,
            "current_ratio": null,
            "debt_ratio": null,
            "inventory_turnover_ratio": null,
            "account_receivable_turnover_ratio": null,
            "reinvestment_rate": null,
            "research_to_sale_ratio": null,
            "price_fair": 0,
            "eps_avg_yearly": 0,
            "eps_latest_yearly": 0,
            "eps_growth_yearly": 0
        },
        "20042": {
            "year_quarter": 20042,
            "year": 2004,
            "quarter": 2,
            "eps": null,
            "eps_growth_year": null,
            "eps_4q": null,
            "eps_4q_growth_year": null,
            "roe": null,
            "roe_4q": 0,
            "gross_profit": null,
            "gross_margin": null,
            "gross_margin_4q_avg": 0,
            "net_income": null,
            "net_income_4q": null,
            "revenue": null,
            "revenue_4q": null,
            "common_shares": null,
            "book_valuer_per_share": null,
            "book_valuer_per_share_4q_avg": 3.01,
            "equity": null,
            "current_ratio": null,
            "debt_ratio": null,
            "inventory_turnover_ratio": null,
            "account_receivable_turnover_ratio": null,
            "reinvestment_rate": null,
            "research_to_sale_ratio": null,
            "price_fair": 0,
            "eps_avg_yearly": 0,
            "eps_latest_yearly": 0,
            "eps_growth_yearly": 0
        },
        "20043": {
            "year_quarter": 20043,
            "year": 2004,
            "quarter": 3,
            "eps": null,
            "eps_growth_year": null,
            "eps_4q": null,
            "eps_4q_growth_year": null,
            "roe": null,
            "roe_4q": 0,
            "gross_profit": null,
            "gross_margin": null,
            "gross_margin_4q_avg": 0,
            "net_income": null,
            "net_income_4q": null,
            "revenue": null,
            "revenue_4q": null,
            "common_shares": null,
            "book_valuer_per_share": null,
            "book_valuer_per_share_4q_avg": 3.01,
            "equity": null,
            "current_ratio": null,
            "debt_ratio": null,
            "inventory_turnover_ratio": null,
            "account_receivable_turnover_ratio": null,
            "reinvestment_rate": null,
            "research_to_sale_ratio": null,
            "price_fair": 0,
            "eps_avg_yearly": 0,
            "eps_latest_yearly": 0,
            "eps_growth_yearly": 0
        },
        "20044": {
            "year_quarter": 20044,
            "year": 2004,
            "quarter": 4,
            "eps": null,
            "eps_growth_year": null,
            "eps_4q": null,
            "eps_4q_growth_year": null,
            "roe": null,
            "roe_4q": 0,
            "gross_profit": null,
            "gross_margin": null,
            "gross_margin_4q_avg": 0,
            "net_income": null,
            "net_income_4q": null,
            "revenue": null,
            "revenue_4q": null,
            "common_shares": 210000,
            "book_valuer_per_share": 13.65,
            "book_valuer_per_share_4q_avg": 3.41,
            "equity": 378154,
            "current_ratio": 154.34,
            "debt_ratio": 54.99,
            "inventory_turnover_ratio": null,
            "account_receivable_turnover_ratio": null,
            "reinvestment_rate": null,
            "research_to_sale_ratio": null,
            "price_fair": 0,
            "eps_avg_yearly": 0,
            "eps_latest_yearly": 0,
            "eps_growth_yearly": 0
        },
        "20051": {
            "year_quarter": 20051,
            "year": 2005,
            "quarter": 1,
            "eps": null,
            "eps_growth_year": null,
            "eps_4q": null,
            "eps_4q_growth_year": null,
            "roe": null,
            "roe_4q": 0,
            "gross_profit": null,
            "gross_margin": null,
            "gross_margin_4q_avg": 0,
            "net_income": null,
            "net_income_4q": null,
            "revenue": null,
            "revenue_4q": null,
            "common_shares": null,
            "book_valuer_per_share": null,
            "book_valuer_per_share_4q_avg": 3.41,
            "equity": null,
            "current_ratio": null,
            "debt_ratio": null,
            "inventory_turnover_ratio": null,
            "account_receivable_turnover_ratio": null,
            "reinvestment_rate": null,
            "research_to_sale_ratio": null,
            "price_fair": 0,
            "eps_avg_yearly": 0,
            "eps_latest_yearly": 0,
            "eps_growth_yearly": 0
        },
        "20052": {
            "year_quarter": 20052,
            "year": 2005,
            "quarter": 2,
            "eps": null,
            "eps_growth_year": null,
            "eps_4q": null,
            "eps_4q_growth_year": null,
            "roe": null,
            "roe_4q": 0,
            "gross_profit": null,
            "gross_margin": null,
            "gross_margin_4q_avg": 0,
            "net_income": null,
            "net_income_4q": null,
            "revenue": null,
            "revenue_4q": null,
            "common_shares": null,
            "book_valuer_per_share": null,
            "book_valuer_per_share_4q_avg": 3.41,
            "equity": null,
            "current_ratio": null,
            "debt_ratio": null,
            "inventory_turnover_ratio": null,
            "account_receivable_turnover_ratio": null,
            "reinvestment_rate": null,
            "research_to_sale_ratio": null,
            "price_fair": 0,
            "eps_avg_yearly": 0,
            "eps_latest_yearly": 0,
            "eps_growth_yearly": 0
        },
        "20053": {
            "year_quarter": 20053,
            "year": 2005,
            "quarter": 3,
            "eps": null,
            "eps_growth_year": null,
            "eps_4q": null,
            "eps_4q_growth_year": null,
            "roe": null,
            "roe_4q": 0,
            "gross_profit": null,
            "gross_margin": null,
            "gross_margin_4q_avg": 0,
            "net_income": null,
            "net_income_4q": null,
            "revenue": null,
            "revenue_4q": null,
            "common_shares": null,
            "book_valuer_per_share": null,
            "book_valuer_per_share_4q_avg": 3.41,
            "equity": null,
            "current_ratio": null,
            "debt_ratio": null,
            "inventory_turnover_ratio": null,
            "account_receivable_turnover_ratio": null,
            "reinvestment_rate": null,
            "research_to_sale_ratio": null,
            "price_fair": 0,
            "eps_avg_yearly": 0,
            "eps_latest_yearly": 0,
            "eps_growth_yearly": 0
        },
        "20054": {
            "year_quarter": 20054,
            "year": 2005,
            "quarter": 4,
            "eps": null,
            "eps_growth_year": null,
            "eps_4q": null,
            "eps_4q_growth_year": null,
            "roe": null,
            "roe_4q": 0,
            "gross_profit": null,
            "gross_margin": null,
            "gross_margin_4q_avg": 0,
            "net_income": null,
            "net_income_4q": null,
            "revenue": null,
            "revenue_4q": null,
            "common_shares": 245000,
            "book_valuer_per_share": 17.44,
            "book_valuer_per_share_4q_avg": 4.36,
            "equity": 513380,
            "current_ratio": 175.88,
            "debt_ratio": 51.49,
            "inventory_turnover_ratio": null,
            "account_receivable_turnover_ratio": null,
            "reinvestment_rate": null,
            "research_to_sale_ratio": null,
            "price_fair": 0,
            "eps_avg_yearly": 0,
            "eps_latest_yearly": 0,
            "eps_growth_yearly": 0
        },
        "20061": {
            "year_quarter": 20061,
            "year": 2006,
            "quarter": 1,
            "eps": null,
            "eps_growth_year": null,
            "eps_4q": null,
            "eps_4q_growth_year": null,
            "roe": null,
            "roe_4q": 0,
            "gross_profit": null,
            "gross_margin": null,
            "gross_margin_4q_avg": 0,
            "net_income": null,
            "net_income_4q": null,
            "revenue": null,
            "revenue_4q": null,
            "common_shares": null,
            "book_valuer_per_share": null,
            "book_valuer_per_share_4q_avg": 4.36,
            "equity": null,
            "current_ratio": null,
            "debt_ratio": null,
            "inventory_turnover_ratio": null,
            "account_receivable_turnover_ratio": null,
            "reinvestment_rate": null,
            "research_to_sale_ratio": null,
            "price_fair": 0,
            "eps_avg_yearly": 0,
            "eps_latest_yearly": 0,
            "eps_growth_yearly": 0
        },
        "20062": {
            "year_quarter": 20062,
            "year": 2006,
            "quarter": 2,
            "eps": null,
            "eps_growth_year": null,
            "eps_4q": null,
            "eps_4q_growth_year": null,
            "roe": null,
            "roe_4q": 0,
            "gross_profit": null,
            "gross_margin": null,
            "gross_margin_4q_avg": 0,
            "net_income": null,
            "net_income_4q": null,
            "revenue": null,
            "revenue_4q": null,
            "common_shares": null,
            "book_valuer_per_share": null,
            "book_valuer_per_share_4q_avg": 4.36,
            "equity": null,
            "current_ratio": null,
            "debt_ratio": null,
            "inventory_turnover_ratio": null,
            "account_receivable_turnover_ratio": null,
            "reinvestment_rate": null,
            "research_to_sale_ratio": null,
            "price_fair": 0,
            "eps_avg_yearly": 0,
            "eps_latest_yearly": 0,
            "eps_growth_yearly": 0
        },
        "20063": {
            "year_quarter": 20063,
            "year": 2006,
            "quarter": 3,
            "eps": 1.47,
            "eps_growth_year": null,
            "eps_4q": null,
            "eps_4q_growth_year": null,
            "roe": 8.67,
            "roe_4q": 8.67,
            "gross_profit": 37670,
            "gross_margin": 18.03,
            "gross_margin_4q_avg": 4.51,
            "net_income": 39740,
            "net_income_4q": null,
            "revenue": 208884,
            "revenue_4q": null,
            "common_shares": 271100,
            "book_valuer_per_share": 16.9,
            "book_valuer_per_share_4q_avg": 8.59,
            "equity": 458277,
            "current_ratio": 157.62,
            "debt_ratio": 34.82,
            "inventory_turnover_ratio": 4.39,
            "account_receivable_turnover_ratio": null,
            "reinvestment_rate": null,
            "research_to_sale_ratio": null,
            "price_fair": 0,
            "eps_avg_yearly": 0,
            "eps_latest_yearly": 0,
            "eps_growth_yearly": 0
        },
        "20064": {
            "year_quarter": 20064,
            "year": 2006,
            "quarter": 4,
            "eps": 0.37,
            "eps_growth_year": null,
            "eps_4q": null,
            "eps_4q_growth_year": null,
            "roe": 2.18,
            "roe_4q": 10.85,
            "gross_profit": 33280,
            "gross_margin": 17.21,
            "gross_margin_4q_avg": 8.81,
            "net_income": 10122,
            "net_income_4q": null,
            "revenue": 193347,
            "revenue_4q": null,
            "common_shares": 271100,
            "book_valuer_per_share": 17.3,
            "book_valuer_per_share_4q_avg": 8.55,
            "equity": 472083,
            "current_ratio": 160.69,
            "debt_ratio": 51.87,
            "inventory_turnover_ratio": 1.16,
            "account_receivable_turnover_ratio": null,
            "reinvestment_rate": null,
            "research_to_sale_ratio": null,
            "price_fair": 4.44,
            "eps_avg_yearly": 1.48,
            "eps_latest_yearly": 1.48,
            "eps_growth_yearly": -299.32
        },
        "20071": {
            "year_quarter": 20071,
            "year": 2007,
            "quarter": 1,
            "eps": 0.71,
            "eps_growth_year": null,
            "eps_4q": null,
            "eps_4q_growth_year": null,
            "roe": 4.01,
            "roe_4q": 14.86,
            "gross_profit": 31151,
            "gross_margin": 16.97,
            "gross_margin_4q_avg": 13.05,
            "net_income": 19373,
            "net_income_4q": null,
            "revenue": 183514,
            "revenue_4q": null,
            "common_shares": 271100,
            "book_valuer_per_share": 18.19,
            "book_valuer_per_share_4q_avg": 13.1,
            "equity": 493100,
            "current_ratio": 175.04,
            "debt_ratio": 31.1,
            "inventory_turnover_ratio": 1.08,
            "account_receivable_turnover_ratio": null,
            "reinvestment_rate": null,
            "research_to_sale_ratio": null,
            "price_fair": 75.6,
            "eps_avg_yearly": 2.16,
            "eps_latest_yearly": 2.84,
            "eps_growth_yearly": 34.12
        },
        "20072": {
            "year_quarter": 20072,
            "year": 2007,
            "quarter": 2,
            "eps": 1.49,
            "eps_growth_year": null,
            "eps_4q": 4.04,
            "eps_4q_growth_year": null,
            "roe": 8.22,
            "roe_4q": 23.08,
            "gross_profit": 45009,
            "gross_margin": 17.57,
            "gross_margin_4q_avg": 17.45,
            "net_income": 40523,
            "net_income_4q": null,
            "revenue": 256152,
            "revenue_4q": null,
            "common_shares": 271100,
            "book_valuer_per_share": 18.19,
            "book_valuer_per_share_4q_avg": 17.65,
            "equity": 493250,
            "current_ratio": 136.93,
            "debt_ratio": 38.59,
            "inventory_turnover_ratio": 4.81,
            "account_receivable_turnover_ratio": null,
            "reinvestment_rate": null,
            "research_to_sale_ratio": null,
            "price_fair": 119.93,
            "eps_avg_yearly": 3.43,
            "eps_latest_yearly": 5.96,
            "eps_growth_yearly": 169.23
        },
        "20073": {
            "year_quarter": 20073,
            "year": 2007,
            "quarter": 3,
            "eps": 1.37,
            "eps_growth_year": -6.8,
            "eps_4q": 3.61,
            "eps_4q_growth_year": null,
            "roe": 8.31,
            "roe_4q": 22.72,
            "gross_profit": 38521,
            "gross_margin": 17.37,
            "gross_margin_4q_avg": 17.28,
            "net_income": 42817,
            "net_income_4q": null,
            "revenue": 221783,
            "revenue_4q": null,
            "common_shares": 313500,
            "book_valuer_per_share": 17.13,
            "book_valuer_per_share_4q_avg": 17.7,
            "equity": 536989,
            "current_ratio": 160.83,
            "debt_ratio": 33.8,
            "inventory_turnover_ratio": 4.4,
            "account_receivable_turnover_ratio": null,
            "reinvestment_rate": null,
            "research_to_sale_ratio": null,
            "price_fair": 137.9,
            "eps_avg_yearly": 3.94,
            "eps_latest_yearly": 5.48,
            "eps_growth_yearly": 118.87
        },
        "20074": {
            "year_quarter": 20074,
            "year": 2007,
            "quarter": 4,
            "eps": 1.03,
            "eps_growth_year": 178.38,
            "eps_4q": 4.29,
            "eps_4q_growth_year": null,
            "roe": 5.15,
            "roe_4q": 25.689999999999998,
            "gross_profit": 39895,
            "gross_margin": 15.68,
            "gross_margin_4q_avg": 16.9,
            "net_income": 32422,
            "net_income_4q": null,
            "revenue": 254436,
            "revenue_4q": null,
            "common_shares": 351700,
            "book_valuer_per_share": 19.83,
            "book_valuer_per_share_4q_avg": 18.34,
            "equity": 721126,
            "current_ratio": 198.56,
            "debt_ratio": 43.51,
            "inventory_turnover_ratio": 1.48,
            "account_receivable_turnover_ratio": null,
            "reinvestment_rate": null,
            "research_to_sale_ratio": null,
            "price_fair": 139.16,
            "eps_avg_yearly": 3.98,
            "eps_latest_yearly": 4.12,
            "eps_growth_yearly": 75.24
        },
        "20081": {
            "year_quarter": 20081,
            "year": 2008,
            "quarter": 1,
            "eps": 0.41,
            "eps_growth_year": -42.25,
            "eps_4q": 3.69,
            "eps_4q_growth_year": null,
            "roe": 1.99,
            "roe_4q": 23.67,
            "gross_profit": 99931,
            "gross_margin": 32.63,
            "gross_margin_4q_avg": 20.81,
            "net_income": 14440,
            "net_income_4q": null,
            "revenue": 306218,
            "revenue_4q": null,
            "common_shares": 351700,
            "book_valuer_per_share": 20.02,
            "book_valuer_per_share_4q_avg": 18.79,
            "equity": 728863,
            "current_ratio": 199.9,
            "debt_ratio": 40.43,
            "inventory_turnover_ratio": 0.79,
            "account_receivable_turnover_ratio": null,
            "reinvestment_rate": null,
            "research_to_sale_ratio": null,
            "price_fair": 116.82,
            "eps_avg_yearly": 3.59,
            "eps_latest_yearly": 1.64,
            "eps_growth_yearly": 22.57
        },
        "20082": {
            "year_quarter": 20082,
            "year": 2008,
            "quarter": 2,
            "eps": 0.63,
            "eps_growth_year": -57.72,
            "eps_4q": 2.98,
            "eps_4q_growth_year": -26.27,
            "roe": 3.49,
            "roe_4q": 18.94,
            "gross_profit": 154482,
            "gross_margin": 35.52,
            "gross_margin_4q_avg": 25.3,
            "net_income": 23642,
            "net_income_4q": null,
            "revenue": 434962,
            "revenue_4q": null,
            "common_shares": 351700,
            "book_valuer_per_share": 17.04,
            "book_valuer_per_share_4q_avg": 18.51,
            "equity": 624455,
            "current_ratio": 150.91,
            "debt_ratio": 47.82,
            "inventory_turnover_ratio": 1.01,
            "account_receivable_turnover_ratio": null,
            "reinvestment_rate": null,
            "research_to_sale_ratio": null,
            "price_fair": 120.2,
            "eps_avg_yearly": 3.43,
            "eps_latest_yearly": 2.52,
            "eps_growth_yearly": 50.01
        },
        "20083": {
            "year_quarter": 20083,
            "year": 2008,
            "quarter": 3,
            "eps": 1.42,
            "eps_growth_year": 3.65,
            "eps_4q": 3.46,
            "eps_4q_growth_year": -4.16,
            "roe": 7.39,
            "roe_4q": 18.02,
            "gross_profit": 150002,
            "gross_margin": 31.85,
            "gross_margin_4q_avg": 28.92,
            "net_income": 48733,
            "net_income_4q": null,
            "revenue": 470939,
            "revenue_4q": null,
            "common_shares": 351700,
            "book_valuer_per_share": 19.07,
            "book_valuer_per_share_4q_avg": 18.99,
            "equity": 694489,
            "current_ratio": 158.24,
            "debt_ratio": 48.75,
            "inventory_turnover_ratio": 1.08,
            "account_receivable_turnover_ratio": null,
            "reinvestment_rate": null,
            "research_to_sale_ratio": null,
            "price_fair": 130.03,
            "eps_avg_yearly": 3.72,
            "eps_latest_yearly": 5.68,
            "eps_growth_yearly": 106.46
        },
        "20084": {
            "year_quarter": 20084,
            "year": 2008,
            "quarter": 4,
            "eps": 1.45,
            "eps_growth_year": 40.78,
            "eps_4q": 3.84,
            "eps_4q_growth_year": -10.66,
            "roe": 7.17,
            "roe_4q": 20.039999999999996,
            "gross_profit": 207524,
            "gross_margin": 42.07,
            "gross_margin_4q_avg": 35.52,
            "net_income": 51962,
            "net_income_4q": null,
            "revenue": 493317,
            "revenue_4q": null,
            "common_shares": 351700,
            "book_valuer_per_share": 20.77,
            "book_valuer_per_share_4q_avg": 19.23,
            "equity": 754575,
            "current_ratio": 166.43,
            "debt_ratio": 47.32,
            "inventory_turnover_ratio": 0.94,
            "account_receivable_turnover_ratio": 2.16,
            "reinvestment_rate": null,
            "research_to_sale_ratio": null,
            "price_fair": 138.13,
            "eps_avg_yearly": 3.95,
            "eps_latest_yearly": 5.8,
            "eps_growth_yearly": 95.57
        },
        "20091": {
            "year_quarter": 20091,
            "year": 2009,
            "quarter": 1,
            "eps": 0.95,
            "eps_growth_year": 131.71,
            "eps_4q": 4.44,
            "eps_4q_growth_year": 20.3,
            "roe": 4.32,
            "roe_4q": 22.369999999999997,
            "gross_profit": 129250,
            "gross_margin": 36.77,
            "gross_margin_4q_avg": 36.55,
            "net_income": 33450,
            "net_income_4q": null,
            "revenue": 351547,
            "revenue_4q": null,
            "common_shares": 351700,
            "book_valuer_per_share": 22.08,
            "book_valuer_per_share_4q_avg": 19.74,
            "equity": 792852,
            "current_ratio": 184.04,
            "debt_ratio": 43.56,
            "inventory_turnover_ratio": 0.74,
            "account_receivable_turnover_ratio": 0.87,
            "reinvestment_rate": null,
            "research_to_sale_ratio": null,
            "price_fair": 137.62,
            "eps_avg_yearly": 3.93,
            "eps_latest_yearly": 3.8,
            "eps_growth_yearly": 72.22
        },
        "20092": {
            "year_quarter": 20092,
            "year": 2009,
            "quarter": 2,
            "eps": 1.41,
            "eps_growth_year": 123.81,
            "eps_4q": 5.02,
            "eps_4q_growth_year": 68.86,
            "roe": 6.81,
            "roe_4q": 25.689999999999998,
            "gross_profit": 170128,
            "gross_margin": 38.92,
            "gross_margin_4q_avg": 37.4,
            "net_income": 52253,
            "net_income_4q": null,
            "revenue": 437132,
            "revenue_4q": null,
            "common_shares": 351700,
            "book_valuer_per_share": 20.6,
            "book_valuer_per_share_4q_avg": 20.63,
            "equity": 742603,
            "current_ratio": 180.58,
            "debt_ratio": 45.55,
            "inventory_turnover_ratio": 0.9,
            "account_receivable_turnover_ratio": 1.3,
            "reinvestment_rate": null,
            "research_to_sale_ratio": null,
            "price_fair": 143.05,
            "eps_avg_yearly": 4.09,
            "eps_latest_yearly": 5.64,
            "eps_growth_yearly": 83.26
        },
        "20093": {
            "year_quarter": 20093,
            "year": 2009,
            "quarter": 3,
            "eps": 1.75,
            "eps_growth_year": 23.24,
            "eps_4q": 5.27,
            "eps_4q_growth_year": 52.27,
            "roe": 8.67,
            "roe_4q": 26.97,
            "gross_profit": 229351,
            "gross_margin": 41.89,
            "gross_margin_4q_avg": 39.91,
            "net_income": 66710,
            "net_income_4q": null,
            "revenue": 547544,
            "revenue_4q": null,
            "common_shares": 369285,
            "book_valuer_per_share": 21.09,
            "book_valuer_per_share_4q_avg": 21.14,
            "equity": 796259,
            "current_ratio": 213.75,
            "debt_ratio": 40.88,
            "inventory_turnover_ratio": 1.06,
            "account_receivable_turnover_ratio": 1.58,
            "reinvestment_rate": null,
            "research_to_sale_ratio": null,
            "price_fair": 151.55,
            "eps_avg_yearly": 4.33,
            "eps_latest_yearly": 7,
            "eps_growth_yearly": 84.36
        },
        "20094": {
            "year_quarter": 20094,
            "year": 2009,
            "quarter": 4,
            "eps": 2.56,
            "eps_growth_year": 76.55,
            "eps_4q": 6.62,
            "eps_4q_growth_year": 72.58,
            "roe": 11.48,
            "roe_4q": 31.279999999999998,
            "gross_profit": 263901,
            "gross_margin": 46.58,
            "gross_margin_4q_avg": 41.04,
            "net_income": 96968,
            "net_income_4q": null,
            "revenue": 566602,
            "revenue_4q": null,
            "common_shares": 369285,
            "book_valuer_per_share": 23.64,
            "book_valuer_per_share_4q_avg": 21.85,
            "equity": 892538,
            "current_ratio": 215.13,
            "debt_ratio": 39.4,
            "inventory_turnover_ratio": 0.93,
            "account_receivable_turnover_ratio": 2.77,
            "reinvestment_rate": null,
            "research_to_sale_ratio": null,
            "price_fair": 167.46,
            "eps_avg_yearly": 4.78,
            "eps_latest_yearly": 10.24,
            "eps_growth_yearly": 92.11
        },
        "20101": {
            "year_quarter": 20101,
            "year": 2010,
            "quarter": 1,
            "eps": 1.46,
            "eps_growth_year": 53.68,
            "eps_4q": 7.18,
            "eps_4q_growth_year": 61.61,
            "roe": 6.11,
            "roe_4q": 33.07,
            "gross_profit": 194293,
            "gross_margin": 41.91,
            "gross_margin_4q_avg": 42.33,
            "net_income": 56169,
            "net_income_4q": null,
            "revenue": 463601,
            "revenue_4q": null,
            "common_shares": 369285,
            "book_valuer_per_share": 25.05,
            "book_valuer_per_share_4q_avg": 22.6,
            "equity": 946851,
            "current_ratio": 228.85,
            "debt_ratio": 38.05,
            "inventory_turnover_ratio": 0.73,
            "account_receivable_turnover_ratio": 1.18,
            "reinvestment_rate": null,
            "research_to_sale_ratio": 2.01,
            "price_fair": 170.1,
            "eps_avg_yearly": 4.86,
            "eps_latest_yearly": 5.84,
            "eps_growth_yearly": 73.26
        },
        "20102": {
            "year_quarter": 20102,
            "year": 2010,
            "quarter": 2,
            "eps": 3.29,
            "eps_growth_year": 133.38,
            "eps_4q": 8.79,
            "eps_4q_growth_year": 74.89,
            "roe": 14.16,
            "roe_4q": 40.42,
            "gross_profit": 260977,
            "gross_margin": 40.55,
            "gross_margin_4q_avg": 42.73,
            "net_income": 129985,
            "net_income_4q": null,
            "revenue": 643612,
            "revenue_4q": null,
            "common_shares": 369285,
            "book_valuer_per_share": 23.4,
            "book_valuer_per_share_4q_avg": 23.3,
            "equity": 888489,
            "current_ratio": 185.58,
            "debt_ratio": 44.85,
            "inventory_turnover_ratio": 0.96,
            "account_receivable_turnover_ratio": 1.63,
            "reinvestment_rate": 195.49,
            "research_to_sale_ratio": 2.85,
            "price_fair": 189.47,
            "eps_avg_yearly": 5.41,
            "eps_latest_yearly": 13.16,
            "eps_growth_yearly": 101.8
        },
        "20103": {
            "year_quarter": 20103,
            "year": 2010,
            "quarter": 3,
            "eps": 2.68,
            "eps_growth_year": 53.41,
            "eps_4q": 9.81,
            "eps_4q_growth_year": 86.14,
            "roe": 11.38,
            "roe_4q": 43.129999999999995,
            "gross_profit": 289852,
            "gross_margin": 40.87,
            "gross_margin_4q_avg": 42.48,
            "net_income": 106464,
            "net_income_4q": null,
            "revenue": 709153,
            "revenue_4q": null,
            "common_shares": 387749,
            "book_valuer_per_share": 24.76,
            "book_valuer_per_share_4q_avg": 24.21,
            "equity": 982092,
            "current_ratio": 187.88,
            "debt_ratio": 42.78,
            "inventory_turnover_ratio": 1,
            "account_receivable_turnover_ratio": 1.57,
            "reinvestment_rate": 142.59,
            "research_to_sale_ratio": 2.48,
            "price_fair": 201.08,
            "eps_avg_yearly": 5.75,
            "eps_latest_yearly": 10.72,
            "eps_growth_yearly": 90.8
        },
        "20104": {
            "year_quarter": 20104,
            "year": 2010,
            "quarter": 4,
            "eps": 2.18,
            "eps_growth_year": -14.88,
            "eps_4q": 9.54,
            "eps_4q_growth_year": 44.21,
            "roe": 8.66,
            "roe_4q": 40.31,
            "gross_profit": 328248,
            "gross_margin": 42.25,
            "gross_margin_4q_avg": 41.4,
            "net_income": 86991,
            "net_income_4q": null,
            "revenue": 776833,
            "revenue_4q": null,
            "common_shares": 387749,
            "book_valuer_per_share": 25.9,
            "book_valuer_per_share_4q_avg": 24.78,
            "equity": 1027190,
            "current_ratio": 183.25,
            "debt_ratio": 44.42,
            "inventory_turnover_ratio": 1.01,
            "account_receivable_turnover_ratio": 1.53,
            "reinvestment_rate": 119.08,
            "research_to_sale_ratio": 2.72,
            "price_fair": 216.91,
            "eps_avg_yearly": 6.2,
            "eps_latest_yearly": 8.72,
            "eps_growth_yearly": 104.84
        },
        "20111": {
            "year_quarter": 20111,
            "year": 2011,
            "quarter": 1,
            "eps": 1.41,
            "eps_growth_year": -3.42,
            "eps_4q": 9.57,
            "eps_4q_growth_year": 33.29,
            "roe": 5.36,
            "roe_4q": 39.56,
            "gross_profit": 223632,
            "gross_margin": 41.37,
            "gross_margin_4q_avg": 41.26,
            "net_income": 56932,
            "net_income_4q": null,
            "revenue": 540505,
            "revenue_4q": null,
            "common_shares": 387749,
            "book_valuer_per_share": 27.6,
            "book_valuer_per_share_4q_avg": 25.42,
            "equity": 1095524,
            "current_ratio": 197.47,
            "debt_ratio": 41.97,
            "inventory_turnover_ratio": 0.64,
            "account_receivable_turnover_ratio": 1.03,
            "reinvestment_rate": 140.62,
            "research_to_sale_ratio": 3.32,
            "price_fair": 223.04,
            "eps_avg_yearly": 6.37,
            "eps_latest_yearly": 5.64,
            "eps_growth_yearly": 73.04
        },
        "20112": {
            "year_quarter": 20112,
            "year": 2011,
            "quarter": 2,
            "eps": 2.31,
            "eps_growth_year": -29.93,
            "eps_4q": 8.28,
            "eps_4q_growth_year": -5.73,
            "roe": 9.69,
            "roe_4q": 35.09,
            "gross_profit": 288563,
            "gross_margin": 39.87,
            "gross_margin_4q_avg": 41.09,
            "net_income": 97279,
            "net_income_4q": null,
            "revenue": 723707,
            "revenue_4q": null,
            "common_shares": 387749,
            "book_valuer_per_share": 22.79,
            "book_valuer_per_share_4q_avg": 25.26,
            "equity": 911962,
            "current_ratio": 150.58,
            "debt_ratio": 53.94,
            "inventory_turnover_ratio": 0.81,
            "account_receivable_turnover_ratio": 1.34,
            "reinvestment_rate": 140.95,
            "research_to_sale_ratio": 2.94,
            "price_fair": 230.21,
            "eps_avg_yearly": 6.58,
            "eps_latest_yearly": 9.24,
            "eps_growth_yearly": 61.53
        },
        "20113": {
            "year_quarter": 20113,
            "year": 2011,
            "quarter": 3,
            "eps": 3.32,
            "eps_growth_year": 23.62,
            "eps_4q": 9.05,
            "eps_4q_growth_year": -7.76,
            "roe": 13.78,
            "roe_4q": 37.489999999999995,
            "gross_profit": 328717,
            "gross_margin": 39.2,
            "gross_margin_4q_avg": 40.67,
            "net_income": 139113,
            "net_income_4q": null,
            "revenue": 838589,
            "revenue_4q": null,
            "common_shares": 407137,
            "book_valuer_per_share": 26.35,
            "book_valuer_per_share_4q_avg": 25.66,
            "equity": 1107478,
            "current_ratio": 174.32,
            "debt_ratio": 46.87,
            "inventory_turnover_ratio": 0.94,
            "account_receivable_turnover_ratio": 1.3,
            "reinvestment_rate": 129.97,
            "research_to_sale_ratio": 2.65,
            "price_fair": 247.28,
            "eps_avg_yearly": 7.07,
            "eps_latest_yearly": 13.28,
            "eps_growth_yearly": 74.48
        },
        "20114": {
            "year_quarter": 20114,
            "year": 2011,
            "quarter": 4,
            "eps": 2.92,
            "eps_growth_year": 33.79,
            "eps_4q": 9.89,
            "eps_4q_growth_year": 3.58,
            "roe": 10.38,
            "roe_4q": 39.21,
            "gross_profit": 360272,
            "gross_margin": 39.72,
            "gross_margin_4q_avg": 40.04,
            "net_income": 121299,
            "net_income_4q": null,
            "revenue": 907006,
            "revenue_4q": null,
            "common_shares": 407137,
            "book_valuer_per_share": 29.36,
            "book_valuer_per_share_4q_avg": 26.53,
            "equity": 1230160,
            "current_ratio": 180.46,
            "debt_ratio": 46.49,
            "inventory_turnover_ratio": 0.99,
            "account_receivable_turnover_ratio": 1.22,
            "reinvestment_rate": 111.26,
            "research_to_sale_ratio": 2.1,
            "price_fair": 263.81,
            "eps_avg_yearly": 7.54,
            "eps_latest_yearly": 11.68,
            "eps_growth_yearly": 77.67
        },
        "20121": {
            "year_quarter": 20121,
            "year": 2012,
            "quarter": 1,
            "eps": 1.64,
            "eps_growth_year": 16.31,
            "eps_4q": 10.18,
            "eps_4q_growth_year": 6.37,
            "roe": 5.5,
            "roe_4q": 39.35,
            "gross_profit": 265617,
            "gross_margin": 41.25,
            "gross_margin_4q_avg": 40.01,
            "net_income": 68972,
            "net_income_4q": null,
            "revenue": 643943,
            "revenue_4q": null,
            "common_shares": 407137,
            "book_valuer_per_share": 30.49,
            "book_valuer_per_share_4q_avg": 27.25,
            "equity": 1277349,
            "current_ratio": 206.79,
            "debt_ratio": 40.82,
            "inventory_turnover_ratio": 0.66,
            "account_receivable_turnover_ratio": 0.96,
            "reinvestment_rate": 111.04,
            "research_to_sale_ratio": 2.69,
            "price_fair": 274.58,
            "eps_avg_yearly": 7.85,
            "eps_latest_yearly": 6.56,
            "eps_growth_yearly": 81.76
        },
        "20122": {
            "year_quarter": 20122,
            "year": 2012,
            "quarter": 2,
            "eps": 2.37,
            "eps_growth_year": 2.64,
            "eps_4q": 9.86,
            "eps_4q_growth_year": 19.07,
            "roe": 8.78,
            "roe_4q": 38.44,
            "gross_profit": 355927,
            "gross_margin": 39.04,
            "gross_margin_4q_avg": 39.8,
            "net_income": 104452,
            "net_income_4q": null,
            "revenue": 911697,
            "revenue_4q": null,
            "common_shares": 407137,
            "book_valuer_per_share": 26.08,
            "book_valuer_per_share_4q_avg": 28.07,
            "equity": 1101620,
            "current_ratio": 153.2,
            "debt_ratio": 53.99,
            "inventory_turnover_ratio": 0.94,
            "account_receivable_turnover_ratio": 1.52,
            "reinvestment_rate": 112.45,
            "research_to_sale_ratio": 2.66,
            "price_fair": 289.8,
            "eps_avg_yearly": 8.28,
            "eps_latest_yearly": 9.48,
            "eps_growth_yearly": 79.47
        },
        "20123": {
            "year_quarter": 20123,
            "year": 2012,
            "quarter": 3,
            "eps": 2.46,
            "eps_growth_year": -25.75,
            "eps_4q": 9.17,
            "eps_4q_growth_year": 1.34,
            "roe": 9.48,
            "roe_4q": 34.14,
            "gross_profit": 392799,
            "gross_margin": 40.12,
            "gross_margin_4q_avg": 40.03,
            "net_income": 108779,
            "net_income_4q": null,
            "revenue": 979086,
            "revenue_4q": null,
            "common_shares": 427494,
            "book_valuer_per_share": 26.9,
            "book_valuer_per_share_4q_avg": 28.21,
            "equity": 1192401,
            "current_ratio": 162.95,
            "debt_ratio": 49.7,
            "inventory_turnover_ratio": 0.98,
            "account_receivable_turnover_ratio": 1.43,
            "reinvestment_rate": 95.82,
            "research_to_sale_ratio": 2.95,
            "price_fair": 298.9,
            "eps_avg_yearly": 8.54,
            "eps_latest_yearly": 9.84,
            "eps_growth_yearly": 49.07
        },
        "20124": {
            "year_quarter": 20124,
            "year": 2012,
            "quarter": 4,
            "eps": 2.96,
            "eps_growth_year": 1.61,
            "eps_4q": 9.35,
            "eps_4q_growth_year": -5.39,
            "roe": 10.31,
            "roe_4q": 34.07,
            "gross_profit": 369817,
            "gross_margin": 39.85,
            "gross_margin_4q_avg": 40.07,
            "net_income": 129138,
            "net_income_4q": null,
            "revenue": 928089,
            "revenue_4q": null,
            "common_shares": 427494,
            "book_valuer_per_share": 29.81,
            "book_valuer_per_share_4q_avg": 28.32,
            "equity": 1313374,
            "current_ratio": 176.62,
            "debt_ratio": 46.98,
            "inventory_turnover_ratio": 0.95,
            "account_receivable_turnover_ratio": 1.24,
            "reinvestment_rate": 98.95,
            "research_to_sale_ratio": 3.57,
            "price_fair": 312.11,
            "eps_avg_yearly": 8.92,
            "eps_latest_yearly": 11.84,
            "eps_growth_yearly": 53.62
        },
        "20131": {
            "year_quarter": 20131,
            "year": 2013,
            "quarter": 1,
            "eps": 1.4,
            "eps_growth_year": -14.63,
            "eps_4q": 9.19,
            "eps_4q_growth_year": -9.7,
            "roe": 4.57,
            "roe_4q": 33.14,
            "gross_profit": 253001,
            "gross_margin": 38.88,
            "gross_margin_4q_avg": 39.47,
            "net_income": 61965,
            "net_income_4q": null,
            "revenue": 650760,
            "revenue_4q": null,
            "common_shares": 427494,
            "book_valuer_per_share": 31.67,
            "book_valuer_per_share_4q_avg": 28.62,
            "equity": 1396467,
            "current_ratio": 198.47,
            "debt_ratio": 43.1,
            "inventory_turnover_ratio": 0.63,
            "account_receivable_turnover_ratio": 0.95,
            "reinvestment_rate": 4.41,
            "research_to_sale_ratio": 3.46,
            "price_fair": 316.05,
            "eps_avg_yearly": 9.03,
            "eps_latest_yearly": 5.6,
            "eps_growth_yearly": 49.07
        },
        "20132": {
            "year_quarter": 20132,
            "year": 2013,
            "quarter": 2,
            "eps": 2.58,
            "eps_growth_year": 9.02,
            "eps_4q": 8.96,
            "eps_4q_growth_year": -9.18,
            "roe": 8.69,
            "roe_4q": 33.05,
            "gross_profit": 368120,
            "gross_margin": 37.99,
            "gross_margin_4q_avg": 39.21,
            "net_income": 114086,
            "net_income_4q": null,
            "revenue": 968975,
            "revenue_4q": null,
            "common_shares": 427494,
            "book_valuer_per_share": 27.67,
            "book_valuer_per_share_4q_avg": 29.01,
            "equity": 1229522,
            "current_ratio": 156.98,
            "debt_ratio": 54.28,
            "inventory_turnover_ratio": 0.9,
            "account_receivable_turnover_ratio": 1.48,
            "reinvestment_rate": 9.28,
            "research_to_sale_ratio": 2.8,
            "price_fair": 326.29,
            "eps_avg_yearly": 9.32,
            "eps_latest_yearly": 10.32,
            "eps_growth_yearly": 58.04
        },
        "20133": {
            "year_quarter": 20133,
            "year": 2013,
            "quarter": 3,
            "eps": 3.67,
            "eps_growth_year": 48.95,
            "eps_4q": 10.28,
            "eps_4q_growth_year": 12.11,
            "roe": 13,
            "roe_4q": 36.57,
            "gross_profit": 431205,
            "gross_margin": 39.06,
            "gross_margin_4q_avg": 38.95,
            "net_income": 170025,
            "net_income_4q": null,
            "revenue": 1103944,
            "revenue_4q": null,
            "common_shares": 448868,
            "book_valuer_per_share": 29.71,
            "book_valuer_per_share_4q_avg": 29.72,
            "equity": 1385390,
            "current_ratio": 180.67,
            "debt_ratio": 45.89,
            "inventory_turnover_ratio": 1.04,
            "account_receivable_turnover_ratio": 1.48,
            "reinvestment_rate": 8.3,
            "research_to_sale_ratio": 3.55,
            "price_fair": 343.09,
            "eps_avg_yearly": 9.8,
            "eps_latest_yearly": 14.68,
            "eps_growth_yearly": 62.57
        },
        "20134": {
            "year_quarter": 20134,
            "year": 2013,
            "quarter": 4,
            "eps": 3.59,
            "eps_growth_year": 21.22,
            "eps_4q": 11.05,
            "eps_4q_growth_year": 18.11,
            "roe": 11.2,
            "roe_4q": 37.46,
            "gross_profit": 486307,
            "gross_margin": 39.65,
            "gross_margin_4q_avg": 38.9,
            "net_income": 165208,
            "net_income_4q": null,
            "revenue": 1226649,
            "revenue_4q": null,
            "common_shares": 448868,
            "book_valuer_per_share": 33.7,
            "book_valuer_per_share_4q_avg": 30.69,
            "equity": 1565703,
            "current_ratio": 188.24,
            "debt_ratio": 46.04,
            "inventory_turnover_ratio": 1.21,
            "account_receivable_turnover_ratio": 1.4,
            "reinvestment_rate": -43,
            "research_to_sale_ratio": 3.44,
            "price_fair": 352.1,
            "eps_avg_yearly": 10.06,
            "eps_latest_yearly": 14.36,
            "eps_growth_yearly": 50.45
        },
        "20141": {
            "year_quarter": 20141,
            "year": 2014,
            "quarter": 1,
            "eps": 1.25,
            "eps_growth_year": -10.71,
            "eps_4q": 10.96,
            "eps_4q_growth_year": 19.3,
            "roe": 3.69,
            "roe_4q": 36.58,
            "gross_profit": 293618,
            "gross_margin": 38.85,
            "gross_margin_4q_avg": 38.89,
            "net_income": 58824,
            "net_income_4q": null,
            "revenue": 755690,
            "revenue_4q": null,
            "common_shares": 448868,
            "book_valuer_per_share": 35.11,
            "book_valuer_per_share_4q_avg": 31.55,
            "equity": 1625755,
            "current_ratio": 203.71,
            "debt_ratio": 42.66,
            "inventory_turnover_ratio": 0.72,
            "account_receivable_turnover_ratio": 0.88,
            "reinvestment_rate": -45.09,
            "research_to_sale_ratio": 3.87,
            "price_fair": 350.26,
            "eps_avg_yearly": 10.01,
            "eps_latest_yearly": 5,
            "eps_growth_yearly": 44.9
        },
        "20142": {
            "year_quarter": 20142,
            "year": 2014,
            "quarter": 2,
            "eps": 3.15,
            "eps_growth_year": 22.09,
            "eps_4q": 11,
            "eps_4q_growth_year": 22.74,
            "roe": 9.57,
            "roe_4q": 37.46,
            "gross_profit": 411601,
            "gross_margin": 39.42,
            "gross_margin_4q_avg": 39.25,
            "net_income": 145251,
            "net_income_4q": null,
            "revenue": 1044174,
            "revenue_4q": null,
            "common_shares": 448868,
            "book_valuer_per_share": 30.21,
            "book_valuer_per_share_4q_avg": 32.18,
            "equity": 1408646,
            "current_ratio": 166.76,
            "debt_ratio": 51.89,
            "inventory_turnover_ratio": 0.9,
            "account_receivable_turnover_ratio": 1.44,
            "reinvestment_rate": -55.39,
            "research_to_sale_ratio": 3.04,
            "price_fair": 349.04,
            "eps_avg_yearly": 9.97,
            "eps_latest_yearly": 12.6,
            "eps_growth_yearly": 51.56
        },
        "20143": {
            "year_quarter": 20143,
            "year": 2014,
            "quarter": 3,
            "eps": 3.27,
            "eps_growth_year": -10.9,
            "eps_4q": 10.81,
            "eps_4q_growth_year": 5.2,
            "roe": 10.69,
            "roe_4q": 35.15,
            "gross_profit": 477822,
            "gross_margin": 39.07,
            "gross_margin_4q_avg": 39.25,
            "net_income": 160465,
            "net_income_4q": null,
            "revenue": 1223116,
            "revenue_4q": null,
            "common_shares": 475800,
            "book_valuer_per_share": 32.34,
            "book_valuer_per_share_4q_avg": 32.84,
            "equity": 1592947,
            "current_ratio": 185.25,
            "debt_ratio": 45.22,
            "inventory_turnover_ratio": 1.03,
            "account_receivable_turnover_ratio": 1.62,
            "reinvestment_rate": -41.1,
            "research_to_sale_ratio": 3.71,
            "price_fair": 354.2,
            "eps_avg_yearly": 10.12,
            "eps_latest_yearly": 13.08,
            "eps_growth_yearly": 57.15
        },
        "20144": {
            "year_quarter": 20144,
            "year": 2014,
            "quarter": 4,
            "eps": 3.71,
            "eps_growth_year": 3.31,
            "eps_4q": 11.13,
            "eps_4q_growth_year": 0.78,
            "roe": 10.6,
            "roe_4q": 34.55,
            "gross_profit": 532191,
            "gross_margin": 41.51,
            "gross_margin_4q_avg": 39.71,
            "net_income": 180371,
            "net_income_4q": null,
            "revenue": 1282029,
            "revenue_4q": null,
            "common_shares": 475800,
            "book_valuer_per_share": 36.87,
            "book_valuer_per_share_4q_avg": 33.63,
            "equity": 1809067,
            "current_ratio": 187.23,
            "debt_ratio": 45.65,
            "inventory_turnover_ratio": 1.06,
            "account_receivable_turnover_ratio": 1.45,
            "reinvestment_rate": -40.96,
            "research_to_sale_ratio": 4.52,
            "price_fair": 367.59,
            "eps_avg_yearly": 10.5,
            "eps_latest_yearly": 14.84,
            "eps_growth_yearly": 65.18
        },
        "20151": {
            "year_quarter": 20151,
            "year": 2015,
            "quarter": 1,
            "eps": 1.64,
            "eps_growth_year": 31.2,
            "eps_4q": 11.6,
            "eps_4q_growth_year": 5.77,
            "roe": 4.42,
            "roe_4q": 35.28,
            "gross_profit": 348977,
            "gross_margin": 41.46,
            "gross_margin_4q_avg": 40.37,
            "net_income": 81245,
            "net_income_4q": null,
            "revenue": 841821,
            "revenue_4q": null,
            "common_shares": 475800,
            "book_valuer_per_share": 38.15,
            "book_valuer_per_share_4q_avg": 34.39,
            "equity": 1869765,
            "current_ratio": 217.71,
            "debt_ratio": 39.73,
            "inventory_turnover_ratio": 0.69,
            "account_receivable_turnover_ratio": 0.99,
            "reinvestment_rate": -42.12,
            "research_to_sale_ratio": 4.51,
            "price_fair": 369.6,
            "eps_avg_yearly": 10.56,
            "eps_latest_yearly": 6.56,
            "eps_growth_yearly": 60.06
        },
        "20152": {
            "year_quarter": 20152,
            "year": 2015,
            "quarter": 2,
            "eps": 2.03,
            "eps_growth_year": -35.56,
            "eps_4q": 10.44,
            "eps_4q_growth_year": -5.02,
            "roe": 5.86,
            "roe_4q": 31.57,
            "gross_profit": 394307,
            "gross_margin": 38.68,
            "gross_margin_4q_avg": 40.18,
            "net_income": 99986,
            "net_income_4q": null,
            "revenue": 1019393,
            "revenue_4q": null,
            "common_shares": 475800,
            "book_valuer_per_share": 31.18,
            "book_valuer_per_share_4q_avg": 34.64,
            "equity": 1541080,
            "current_ratio": 164.52,
            "debt_ratio": 51.59,
            "inventory_turnover_ratio": 0.87,
            "account_receivable_turnover_ratio": 1.45,
            "reinvestment_rate": -46.33,
            "research_to_sale_ratio": 3.66,
            "price_fair": 367.15,
            "eps_avg_yearly": 10.49,
            "eps_latest_yearly": 8.12,
            "eps_growth_yearly": 50.05
        },
        "20153": {
            "year_quarter": 20153,
            "year": 2015,
            "quarter": 3,
            "eps": 2.78,
            "eps_growth_year": -14.98,
            "eps_4q": 10.02,
            "eps_4q_growth_year": -7.34,
            "roe": 8.46,
            "roe_4q": 29.340000000000003,
            "gross_profit": 412769,
            "gross_margin": 39.2,
            "gross_margin_4q_avg": 40.21,
            "net_income": 139042,
            "net_income_4q": null,
            "revenue": 1053105,
            "revenue_4q": null,
            "common_shares": 485316,
            "book_valuer_per_share": 34.63,
            "book_valuer_per_share_4q_avg": 35.21,
            "equity": 1745383,
            "current_ratio": 185.59,
            "debt_ratio": 43.02,
            "inventory_turnover_ratio": 0.91,
            "account_receivable_turnover_ratio": 1.52,
            "reinvestment_rate": -37.99,
            "research_to_sale_ratio": 4.61,
            "price_fair": 362.43,
            "eps_avg_yearly": 10.36,
            "eps_latest_yearly": 11.12,
            "eps_growth_yearly": 48.35
        },
        "20154": {
            "year_quarter": 20154,
            "year": 2015,
            "quarter": 4,
            "eps": 3.34,
            "eps_growth_year": -9.95,
            "eps_4q": 9.72,
            "eps_4q_growth_year": -12.68,
            "roe": 9.25,
            "roe_4q": 27.990000000000002,
            "gross_profit": 488429,
            "gross_margin": 40.89,
            "gross_margin_4q_avg": 40.06,
            "net_income": 166667,
            "net_income_4q": null,
            "revenue": 1194613,
            "revenue_4q": null,
            "common_shares": 485316,
            "book_valuer_per_share": 36.97,
            "book_valuer_per_share_4q_avg": 35.23,
            "equity": 1858272,
            "current_ratio": 232.11,
            "debt_ratio": 36.55,
            "inventory_turnover_ratio": 1.02,
            "account_receivable_turnover_ratio": 1.5,
            "reinvestment_rate": -44.72,
            "research_to_sale_ratio": 3.46,
            "price_fair": 366.1,
            "eps_avg_yearly": 10.46,
            "eps_latest_yearly": 13.36,
            "eps_growth_yearly": 56.4
        },
        "20161": {
            "year_quarter": 20161,
            "year": 2016,
            "quarter": 1,
            "eps": 1.13,
            "eps_growth_year": -31.1,
            "eps_4q": 9.24,
            "eps_4q_growth_year": -20.33,
            "roe": 3.12,
            "roe_4q": 26.69,
            "gross_profit": 342502,
            "gross_margin": 40.65,
            "gross_margin_4q_avg": 39.86,
            "net_income": 58728,
            "net_income_4q": null,
            "revenue": 842560,
            "revenue_4q": null,
            "common_shares": 485316,
            "book_valuer_per_share": 37.98,
            "book_valuer_per_share_4q_avg": 35.19,
            "equity": 1910397,
            "current_ratio": 269.63,
            "debt_ratio": 32.02,
            "inventory_turnover_ratio": 0.71,
            "account_receivable_turnover_ratio": 1.06,
            "reinvestment_rate": -49.1,
            "research_to_sale_ratio": 3.62,
            "price_fair": 361.64,
            "eps_avg_yearly": 10.33,
            "eps_latest_yearly": 4.52,
            "eps_growth_yearly": 50.82
        },
        "20162": {
            "year_quarter": 20162,
            "year": 2016,
            "quarter": 2,
            "eps": 3.11,
            "eps_growth_year": 53.2,
            "eps_4q": 10.36,
            "eps_4q_growth_year": -0.78,
            "roe": 8.62,
            "roe_4q": 29.45,
            "gross_profit": 465089,
            "gross_margin": 42.79,
            "gross_margin_4q_avg": 40.88,
            "net_income": 154087,
            "net_income_4q": null,
            "revenue": 1086999,
            "revenue_4q": null,
            "common_shares": 485316,
            "book_valuer_per_share": 33.29,
            "book_valuer_per_share_4q_avg": 35.72,
            "equity": 1663764,
            "current_ratio": 188.72,
            "debt_ratio": 43.86,
            "inventory_turnover_ratio": 0.86,
            "account_receivable_turnover_ratio": 1.52,
            "reinvestment_rate": -54.68,
            "research_to_sale_ratio": 3.66,
            "price_fair": 368.11,
            "eps_avg_yearly": 10.52,
            "eps_latest_yearly": 12.44,
            "eps_growth_yearly": 83.5
        },
        "20163": {
            "year_quarter": 20163,
            "year": 2016,
            "quarter": 3,
            "eps": 3.57,
            "eps_growth_year": 28.42,
            "eps_4q": 11.15,
            "eps_4q_growth_year": 11.33,
            "roe": 10.23,
            "roe_4q": 31.220000000000002,
            "gross_profit": 503835,
            "gross_margin": 42.52,
            "gross_margin_4q_avg": 41.71,
            "net_income": 176807,
            "net_income_4q": null,
            "revenue": 1185023,
            "revenue_4q": null,
            "common_shares": 485316,
            "book_valuer_per_share": 35.88,
            "book_valuer_per_share_4q_avg": 36.03,
            "equity": 1791568,
            "current_ratio": 221.51,
            "debt_ratio": 36.99,
            "inventory_turnover_ratio": 1,
            "account_receivable_turnover_ratio": 1.67,
            "reinvestment_rate": -47.03,
            "research_to_sale_ratio": 3.81,
            "price_fair": 377.83,
            "eps_avg_yearly": 10.8,
            "eps_latest_yearly": 14.28,
            "eps_growth_yearly": 86.25
        },
        "20164": {
            "year_quarter": 20164,
            "year": 2016,
            "quarter": 4,
            "eps": 3.46,
            "eps_growth_year": 3.43,
            "eps_4q": 11.27,
            "eps_4q_growth_year": 15.9,
            "roe": 9.15,
            "roe_4q": 31.12,
            "gross_profit": 499287,
            "gross_margin": 42.21,
            "gross_margin_4q_avg": 42.04,
            "net_income": 170601,
            "net_income_4q": null,
            "revenue": 1182963,
            "revenue_4q": null,
            "common_shares": 485316,
            "book_valuer_per_share": 38.78,
            "book_valuer_per_share_4q_avg": 36.48,
            "equity": 1935983,
            "current_ratio": 221.33,
            "debt_ratio": 37.9,
            "inventory_turnover_ratio": 1.06,
            "account_receivable_turnover_ratio": 1.61,
            "reinvestment_rate": -53.39,
            "research_to_sale_ratio": 3.24,
            "price_fair": 382.2,
            "eps_avg_yearly": 10.92,
            "eps_latest_yearly": 13.84,
            "eps_growth_yearly": 80.39
        },
        "20171": {
            "year_quarter": 20171,
            "year": 2017,
            "quarter": 1,
            "eps": 1.44,
            "eps_growth_year": 27.43,
            "eps_4q": 11.58,
            "eps_4q_growth_year": 25.33,
            "roe": 3.72,
            "roe_4q": 31.72,
            "gross_profit": 348791,
            "gross_margin": 41.82,
            "gross_margin_4q_avg": 42.34,
            "net_income": 72001,
            "net_income_4q": null,
            "revenue": 834122,
            "revenue_4q": null,
            "common_shares": 485316,
            "book_valuer_per_share": 38.68,
            "book_valuer_per_share_4q_avg": 36.66,
            "equity": 1929857,
            "current_ratio": 268.26,
            "debt_ratio": 33.28,
            "inventory_turnover_ratio": 0.74,
            "account_receivable_turnover_ratio": 1.27,
            "reinvestment_rate": 9.71,
            "research_to_sale_ratio": 3.64,
            "price_fair": 382.55,
            "eps_avg_yearly": 10.93,
            "eps_latest_yearly": 5.76,
            "eps_growth_yearly": 78.97
        },
        "20172": {
            "year_quarter": 20172,
            "year": 2017,
            "quarter": 2,
            "eps": 2.79,
            "eps_growth_year": -10.29,
            "eps_4q": 11.26,
            "eps_4q_growth_year": 8.61,
            "roe": 7.73,
            "roe_4q": 30.830000000000002,
            "gross_profit": 483092,
            "gross_margin": 40.23,
            "gross_margin_4q_avg": 41.7,
            "net_income": 139329,
            "net_income_4q": null,
            "revenue": 1200797,
            "revenue_4q": null,
            "common_shares": 485316,
            "book_valuer_per_share": 33.43,
            "book_valuer_per_share_4q_avg": 36.69,
            "equity": 1673195,
            "current_ratio": 181.04,
            "debt_ratio": 45.66,
            "inventory_turnover_ratio": 1.06,
            "account_receivable_turnover_ratio": 2,
            "reinvestment_rate": 7.34,
            "research_to_sale_ratio": 3.57,
            "price_fair": 384.39,
            "eps_avg_yearly": 10.98,
            "eps_latest_yearly": 11.16,
            "eps_growth_yearly": 81.34
        },
        "20173": {
            "year_quarter": 20173,
            "year": 2017,
            "quarter": 3,
            "eps": 3.69,
            "eps_growth_year": 3.36,
            "eps_4q": 11.37,
            "eps_4q_growth_year": 1.98,
            "roe": 10.29,
            "roe_4q": 30.89,
            "gross_profit": 528166,
            "gross_margin": 41.29,
            "gross_margin_4q_avg": 41.39,
            "net_income": 182356,
            "net_income_4q": null,
            "revenue": 1279199,
            "revenue_4q": null,
            "common_shares": 485316,
            "book_valuer_per_share": 37.45,
            "book_valuer_per_share_4q_avg": 37.09,
            "equity": 1871331,
            "current_ratio": 208.33,
            "debt_ratio": 39.98,
            "inventory_turnover_ratio": 1.08,
            "account_receivable_turnover_ratio": 1.9,
            "reinvestment_rate": 8.33,
            "research_to_sale_ratio": 3.87,
            "price_fair": 384.56,
            "eps_avg_yearly": 10.99,
            "eps_latest_yearly": 14.76,
            "eps_growth_yearly": 78.84
        },
        "20174": {
            "year_quarter": 20174,
            "year": 2017,
            "quarter": 4,
            "eps": 3.09,
            "eps_growth_year": -10.65,
            "eps_4q": 11.01,
            "eps_4q_growth_year": -2.32,
            "roe": 7.84,
            "roe_4q": 29.58,
            "gross_profit": 537696,
            "gross_margin": 41.36,
            "gross_margin_4q_avg": 41.18,
            "net_income": 153437,
            "net_income_4q": null,
            "revenue": 1300115,
            "revenue_4q": null,
            "common_shares": 485316,
            "book_valuer_per_share": 40.96,
            "book_valuer_per_share_4q_avg": 37.63,
            "equity": 2044652,
            "current_ratio": 229.88,
            "debt_ratio": 38.13,
            "inventory_turnover_ratio": 1.07,
            "account_receivable_turnover_ratio": 1.76,
            "reinvestment_rate": 9.25,
            "research_to_sale_ratio": 3.2,
            "price_fair": 380.19,
            "eps_avg_yearly": 10.86,
            "eps_latest_yearly": 12.36,
            "eps_growth_yearly": 75.32
        },
        "20181": {
            "year_quarter": 20181,
            "year": 2018,
            "quarter": 1,
            "eps": 0.98,
            "eps_growth_year": -31.94,
            "eps_4q": 10.55,
            "eps_4q_growth_year": -8.9,
            "roe": 2.4,
            "roe_4q": 28.26,
            "gross_profit": 345430,
            "gross_margin": 40.45,
            "gross_margin_4q_avg": 40.83,
            "net_income": 50052,
            "net_income_4q": null,
            "revenue": 854051,
            "revenue_4q": null,
            "common_shares": 485316,
            "book_valuer_per_share": 42.45,
            "book_valuer_per_share_4q_avg": 38.57,
            "equity": 2118681,
            "current_ratio": 276.39,
            "debt_ratio": 32.44,
            "inventory_turnover_ratio": 0.69,
            "account_receivable_turnover_ratio": 1.26,
            "reinvestment_rate": 8.92,
            "research_to_sale_ratio": 3.9,
            "price_fair": 377.83,
            "eps_avg_yearly": 10.8,
            "eps_latest_yearly": 3.92,
            "eps_growth_yearly": 74.55
        },
        "20182": {
            "year_quarter": 20182,
            "year": 2018,
            "quarter": 2,
            "eps": 2.73,
            "eps_growth_year": -2.15,
            "eps_4q": 10.23,
            "eps_4q_growth_year": -9.07,
            "roe": 7.1,
            "roe_4q": 27.63,
            "gross_profit": 450423,
            "gross_margin": 38.88,
            "gross_margin_4q_avg": 40.5,
            "net_income": 141219,
            "net_income_4q": null,
            "revenue": 1158642,
            "revenue_4q": null,
            "common_shares": 485316,
            "book_valuer_per_share": 37.13,
            "book_valuer_per_share_4q_avg": 39.5,
            "equity": 1858859,
            "current_ratio": 189.26,
            "debt_ratio": 42.59,
            "inventory_turnover_ratio": 0.95,
            "account_receivable_turnover_ratio": 1.96,
            "reinvestment_rate": 10.2,
            "research_to_sale_ratio": 3.51,
            "price_fair": 374.15,
            "eps_avg_yearly": 10.69,
            "eps_latest_yearly": 10.92,
            "eps_growth_yearly": 81.19
        },
        "20183": {
            "year_quarter": 20183,
            "year": 2018,
            "quarter": 3,
            "eps": 2.56,
            "eps_growth_year": -30.62,
            "eps_4q": 9.23,
            "eps_4q_growth_year": -18.85,
            "roe": 6.95,
            "roe_4q": 24.29,
            "gross_profit": 461482,
            "gross_margin": 39.98,
            "gross_margin_4q_avg": 40.17,
            "net_income": 132333,
            "net_income_4q": null,
            "revenue": 1154347,
            "revenue_4q": null,
            "common_shares": 502302,
            "book_valuer_per_share": 37.56,
            "book_valuer_per_share_4q_avg": 39.53,
            "equity": 1946757,
            "current_ratio": 225.27,
            "debt_ratio": 35.54,
            "inventory_turnover_ratio": 0.96,
            "account_receivable_turnover_ratio": 1.89,
            "reinvestment_rate": 12.09,
            "research_to_sale_ratio": 4.2,
            "price_fair": 367.94,
            "eps_avg_yearly": 10.51,
            "eps_latest_yearly": 10.24,
            "eps_growth_yearly": 78.68
        },
        "20184": {
            "year_quarter": 20184,
            "year": 2018,
            "quarter": 4,
            "eps": 3.18,
            "eps_growth_year": 3.06,
            "eps_4q": 9.43,
            "eps_4q_growth_year": -14.33,
            "roe": 7.95,
            "roe_4q": 24.4,
            "gross_profit": 460971,
            "gross_margin": 40.26,
            "gross_margin_4q_avg": 39.89,
            "net_income": 161628,
            "net_income_4q": null,
            "revenue": 1144975,
            "revenue_4q": null,
            "common_shares": 502302,
            "book_valuer_per_share": 41.06,
            "book_valuer_per_share_4q_avg": 39.55,
            "equity": 2118475,
            "current_ratio": 236.68,
            "debt_ratio": 34.45,
            "inventory_turnover_ratio": 1,
            "account_receivable_turnover_ratio": 1.78,
            "reinvestment_rate": 12.23,
            "research_to_sale_ratio": 3.58,
            "price_fair": 363.3,
            "eps_avg_yearly": 10.38,
            "eps_latest_yearly": 12.72,
            "eps_growth_yearly": 81.37
        },
        "20191": {
            "year_quarter": 20191,
            "year": 2019,
            "quarter": 1,
            "eps": 1.48,
            "eps_growth_year": 51.02,
            "eps_4q": 9.96,
            "eps_4q_growth_year": -5.63,
            "roe": 3.48,
            "roe_4q": 25.479999999999997,
            "gross_profit": 343871,
            "gross_margin": 41.75,
            "gross_margin_4q_avg": 40.22,
            "net_income": 75659,
            "net_income_4q": null,
            "revenue": 823691,
            "revenue_4q": null,
            "common_shares": 502302,
            "book_valuer_per_share": 43.27,
            "book_valuer_per_share_4q_avg": 39.76,
            "equity": 2231173,
            "current_ratio": 275.87,
            "debt_ratio": 30.12,
            "inventory_turnover_ratio": 0.69,
            "account_receivable_turnover_ratio": 1.45,
            "reinvestment_rate": 14.35,
            "research_to_sale_ratio": 3.67,
            "price_fair": 361.9,
            "eps_avg_yearly": 10.34,
            "eps_latest_yearly": 5.92,
            "eps_growth_yearly": 81.95
        },
        "20192": {
            "year_quarter": 20192,
            "year": 2019,
            "quarter": 2,
            "eps": 2.41,
            "eps_growth_year": -11.72,
            "eps_4q": 9.63,
            "eps_4q_growth_year": -5.9,
            "roe": 5.88,
            "roe_4q": 24.259999999999998,
            "gross_profit": 427086,
            "gross_margin": 40.04,
            "gross_margin_4q_avg": 40.51,
            "net_income": 124558,
            "net_income_4q": null,
            "revenue": 1066684,
            "revenue_4q": null,
            "common_shares": 502302,
            "book_valuer_per_share": 38.83,
            "book_valuer_per_share_4q_avg": 40.18,
            "equity": 2003905,
            "current_ratio": 187.33,
            "debt_ratio": 39.9,
            "inventory_turnover_ratio": 0.9,
            "account_receivable_turnover_ratio": 2.3,
            "reinvestment_rate": 14.82,
            "research_to_sale_ratio": 4.06,
            "price_fair": 365.23,
            "eps_avg_yearly": 10.44,
            "eps_latest_yearly": 9.64,
            "eps_growth_yearly": 91.72
        },
        "20193": {
            "year_quarter": 20193,
            "year": 2019,
            "quarter": 3,
            "eps": 3.16,
            "eps_growth_year": 23.44,
            "eps_4q": 10.23,
            "eps_4q_growth_year": 10.79,
            "roe": 7.93,
            "roe_4q": 25.24,
            "gross_profit": 474227,
            "gross_margin": 41.36,
            "gross_margin_4q_avg": 40.85,
            "net_income": 163285,
            "net_income_4q": null,
            "revenue": 1146531,
            "revenue_4q": null,
            "common_shares": 502302,
            "book_valuer_per_share": 40.9,
            "book_valuer_per_share_4q_avg": 41.02,
            "equity": 2112276,
            "current_ratio": 245.11,
            "debt_ratio": 31.08,
            "inventory_turnover_ratio": 0.99,
            "account_receivable_turnover_ratio": 2.33,
            "reinvestment_rate": 7.47,
            "research_to_sale_ratio": 4.13,
            "price_fair": 368.55,
            "eps_avg_yearly": 10.53,
            "eps_latest_yearly": 12.64,
            "eps_growth_yearly": 90.26
        },
        "20194": {
            "year_quarter": 20194,
            "year": 2019,
            "quarter": 4,
            "eps": 2.98,
            "eps_growth_year": -6.44,
            "eps_4q": 10.02,
            "eps_4q_growth_year": 6.28,
            "roe": 6.99,
            "roe_4q": 24.28,
            "gross_profit": 460341,
            "gross_margin": 40.82,
            "gross_margin_4q_avg": 40.99,
            "net_income": 152000,
            "net_income_4q": null,
            "revenue": 1127722,
            "revenue_4q": null,
            "common_shares": 502302,
            "book_valuer_per_share": 43.34,
            "book_valuer_per_share_4q_avg": 41.59,
            "equity": 2235378,
            "current_ratio": 231.92,
            "debt_ratio": 32.29,
            "inventory_turnover_ratio": 1.03,
            "account_receivable_turnover_ratio": 2.19,
            "reinvestment_rate": 13.75,
            "research_to_sale_ratio": 3.56,
            "price_fair": 365.4,
            "eps_avg_yearly": 10.44,
            "eps_latest_yearly": 11.92,
            "eps_growth_yearly": 83.8
        },
        "20201": {
            "year_quarter": 20201,
            "year": 2020,
            "quarter": 1,
            "eps": 0.61,
            "eps_growth_year": -58.78,
            "eps_4q": 9.15,
            "eps_4q_growth_year": -8.07,
            "roe": 1.4,
            "roe_4q": 22.2,
            "gross_profit": 201414,
            "gross_margin": 41.22,
            "gross_margin_4q_avg": 40.86,
            "net_income": 31420,
            "net_income_4q": null,
            "revenue": 488656,
            "revenue_4q": null,
            "common_shares": 502302,
            "book_valuer_per_share": 43.51,
            "book_valuer_per_share_4q_avg": 41.65,
            "equity": 2244947,
            "current_ratio": 291.05,
            "debt_ratio": 26.41,
            "inventory_turnover_ratio": 0.43,
            "account_receivable_turnover_ratio": 1.16,
            "reinvestment_rate": 13.49,
            "research_to_sale_ratio": 4.65,
            "price_fair": 360.85,
            "eps_avg_yearly": 10.31,
            "eps_latest_yearly": 2.44,
            "eps_growth_yearly": 80.46
        },
        "20202": {
            "year_quarter": 20202,
            "year": 2020,
            "quarter": 2,
            "eps": 1.25,
            "eps_growth_year": -48.13,
            "eps_4q": 7.99,
            "eps_4q_growth_year": -17.02,
            "roe": 3.07,
            "roe_4q": 19.39,
            "gross_profit": 300686,
            "gross_margin": 38.06,
            "gross_margin_4q_avg": 40.37,
            "net_income": 65513,
            "net_income_4q": null,
            "revenue": 790136,
            "revenue_4q": null,
            "common_shares": 502302,
            "book_valuer_per_share": 39.22,
            "book_valuer_per_share_4q_avg": 41.74,
            "equity": 2025436,
            "current_ratio": 186.26,
            "debt_ratio": 35.53,
            "inventory_turnover_ratio": 0.74,
            "account_receivable_turnover_ratio": 2.23,
            "reinvestment_rate": 13.46,
            "research_to_sale_ratio": 3.63,
            "price_fair": 344.58,
            "eps_avg_yearly": 9.85,
            "eps_latest_yearly": 5,
            "eps_growth_yearly": 62.89
        },
        "20203": {
            "year_quarter": 20203,
            "year": 2020,
            "quarter": 3,
            "eps": 2.36,
            "eps_growth_year": -25.32,
            "eps_4q": 7.2,
            "eps_4q_growth_year": -29.61,
            "roe": 5.89,
            "roe_4q": 17.35,
            "gross_profit": 424164,
            "gross_margin": 42.44,
            "gross_margin_4q_avg": 40.64,
            "net_income": 123483,
            "net_income_4q": null,
            "revenue": 999465,
            "revenue_4q": null,
            "common_shares": 502302,
            "book_valuer_per_share": 41.91,
            "book_valuer_per_share_4q_avg": 42,
            "equity": 2164715,
            "current_ratio": 183.24,
            "debt_ratio": 30.83,
            "inventory_turnover_ratio": 0.93,
            "account_receivable_turnover_ratio": 2.6,
            "reinvestment_rate": 14.85,
            "research_to_sale_ratio": 4.69,
            "price_fair": 333.99,
            "eps_avg_yearly": 9.54,
            "eps_latest_yearly": 9.44,
            "eps_growth_yearly": 81.39
        },
        "20204": {
            "year_quarter": 20204,
            "year": 2020,
            "quarter": 4,
            "eps": 2.57,
            "eps_growth_year": -13.78,
            "eps_4q": 6.79,
            "eps_4q_growth_year": -32.27,
            "roe": 5.92,
            "roe_4q": 16.279999999999998,
            "gross_profit": 413475,
            "gross_margin": 40.45,
            "gross_margin_4q_avg": 40.54,
            "net_income": 133130,
            "net_income_4q": null,
            "revenue": 1022232,
            "revenue_4q": null,
            "common_shares": 502302,
            "book_valuer_per_share": 45.17,
            "book_valuer_per_share_4q_avg": 42.45,
            "equity": 2332025,
            "current_ratio": 191.08,
            "debt_ratio": 32.34,
            "inventory_turnover_ratio": 0.99,
            "account_receivable_turnover_ratio": 2.29,
            "reinvestment_rate": 16.08,
            "research_to_sale_ratio": 3.76,
            "price_fair": 326.2,
            "eps_avg_yearly": 9.32,
            "eps_latest_yearly": 10.28,
            "eps_growth_yearly": 84.38
        },
        "20211": {
            "year_quarter": 20211,
            "year": 2021,
            "quarter": 1,
            "eps": 1.47,
            "eps_growth_year": 140.98,
            "eps_4q": 7.65,
            "eps_4q_growth_year": -16.42,
            "roe": 3.27,
            "roe_4q": 18.15,
            "gross_profit": 304849,
            "gross_margin": 38.4,
            "gross_margin_4q_avg": 39.84,
            "net_income": 77161,
            "net_income_4q": null,
            "revenue": 793936,
            "revenue_4q": null,
            "common_shares": 502302,
            "book_valuer_per_share": 46.31,
            "book_valuer_per_share_4q_avg": 43.15,
            "equity": 2392471,
            "current_ratio": 204.86,
            "debt_ratio": 28.94,
            "inventory_turnover_ratio": 0.73,
            "account_receivable_turnover_ratio": 1.79,
            "reinvestment_rate": 18.21,
            "research_to_sale_ratio": 3.39,
            "price_fair": 326.46,
            "eps_avg_yearly": 9.33,
            "eps_latest_yearly": 5.88,
            "eps_growth_yearly": 88.28
        },
        "20212": {
            "year_quarter": 20212,
            "year": 2021,
            "quarter": 2,
            "eps": 2.39,
            "eps_growth_year": 91.2,
            "eps_4q": 8.79,
            "eps_4q_growth_year": 10.01,
            "roe": 5.1,
            "roe_4q": 20.18,
            "gross_profit": 414815,
            "gross_margin": 38.32,
            "gross_margin_4q_avg": 39.9,
            "net_income": 123442,
            "net_income_4q": null,
            "revenue": 1082453,
            "revenue_4q": null,
            "common_shares": 502302,
            "book_valuer_per_share": 48.33,
            "book_valuer_per_share_4q_avg": 45.43,
            "equity": 2447194,
            "current_ratio": 190.43,
            "debt_ratio": 28.54,
            "inventory_turnover_ratio": 0.86,
            "account_receivable_turnover_ratio": 2.48,
            "reinvestment_rate": 16.4,
            "research_to_sale_ratio": 3.76,
            "price_fair": 322.96,
            "eps_avg_yearly": 9.23,
            "eps_latest_yearly": 9.56,
            "eps_growth_yearly": 80.49
        },
        "20213": {
            "year_quarter": 20213,
            "year": 2021,
            "quarter": 3,
            "eps": 2.55,
            "eps_growth_year": 8.05,
            "eps_4q": 8.98,
            "eps_4q_growth_year": 24.71,
            "roe": 5.57,
            "roe_4q": 19.86,
            "gross_profit": 439237,
            "gross_margin": 35.7,
            "gross_margin_4q_avg": 38.22,
            "net_income": 130216,
            "net_income_4q": null,
            "revenue": 1230433,
            "revenue_4q": null,
            "common_shares": 502302,
            "book_valuer_per_share": 43.97,
            "book_valuer_per_share_4q_avg": 45.95,
            "equity": 2229920,
            "current_ratio": 157.11,
            "debt_ratio": 35.72,
            "inventory_turnover_ratio": 0.96,
            "account_receivable_turnover_ratio": 2.38,
            "reinvestment_rate": 19.35,
            "research_to_sale_ratio": 2.88,
            "price_fair": 312.99,
            "eps_avg_yearly": 8.94,
            "eps_latest_yearly": 10.2,
            "eps_growth_yearly": 74.1
        },
        "20214": {
            "year_quarter": 20214,
            "year": 2021,
            "quarter": 4,
            "eps": 3.75,
            "eps_growth_year": 46,
            "eps_4q": 10.16,
            "eps_4q_growth_year": 49.64,
            "roe": 8.11,
            "roe_4q": 22.05,
            "gross_profit": 424370,
            "gross_margin": 35.73,
            "gross_margin_4q_avg": 37.04,
            "net_income": 188639,
            "net_income_4q": null,
            "revenue": 1187681,
            "revenue_4q": null,
            "common_shares": 502302,
            "book_valuer_per_share": 47.84,
            "book_valuer_per_share_4q_avg": 46.61,
            "equity": 2424902,
            "current_ratio": 175.12,
            "debt_ratio": 34.78,
            "inventory_turnover_ratio": 0.92,
            "account_receivable_turnover_ratio": 2.14,
            "reinvestment_rate": 18.23,
            "research_to_sale_ratio": 2.76,
            "price_fair": 318.76,
            "eps_avg_yearly": 9.11,
            "eps_latest_yearly": 15,
            "eps_growth_yearly": 89.93
        },
        "20221": {
            "year_quarter": 20221,
            "year": 2022,
            "quarter": 1,
            "eps": 1.15,
            "eps_growth_year": -21.77,
            "eps_4q": 9.83,
            "eps_4q_growth_year": 28.54,
            "roe": 2.38,
            "roe_4q": 21.159999999999997,
            "gross_profit": 281074,
            "gross_margin": 35.3,
            "gross_margin_4q_avg": 36.26,
            "net_income": 59371,
            "net_income_4q": null,
            "revenue": 796290,
            "revenue_4q": null,
            "common_shares": 502302,
            "book_valuer_per_share": 50.45,
            "book_valuer_per_share_4q_avg": 47.65,
            "equity": 2558995,
            "current_ratio": 191.75,
            "debt_ratio": 32.17,
            "inventory_turnover_ratio": 0.56,
            "account_receivable_turnover_ratio": 1.61,
            "reinvestment_rate": 20.63,
            "research_to_sale_ratio": 3.57,
            "price_fair": 320.25,
            "eps_avg_yearly": 9.15,
            "eps_latest_yearly": 4.6,
            "eps_growth_yearly": 89.66
        },
        "20222": {
            "year_quarter": 20222,
            "year": 2022,
            "quarter": 2,
            "eps": 2.41,
            "eps_growth_year": 0.84,
            "eps_4q": 9.85,
            "eps_4q_growth_year": 12.06,
            "roe": 4.86,
            "roe_4q": 20.92,
            "gross_profit": 359111,
            "gross_margin": 34.38,
            "gross_margin_4q_avg": 35.28,
            "net_income": 123537,
            "net_income_4q": null,
            "revenue": 1044639,
            "revenue_4q": null,
            "common_shares": 502302,
            "book_valuer_per_share": 48.01,
            "book_valuer_per_share_4q_avg": 47.57,
            "equity": 2519625,
            "current_ratio": 167.81,
            "debt_ratio": 38.97,
            "inventory_turnover_ratio": 0.69,
            "account_receivable_turnover_ratio": 2.29,
            "reinvestment_rate": 19.88,
            "research_to_sale_ratio": 3.39,
            "price_fair": 317.45,
            "eps_avg_yearly": 9.07,
            "eps_latest_yearly": 9.64,
            "eps_growth_yearly": 72.41
        },
        "20223": {
            "year_quarter": 20223,
            "year": 2022,
            "quarter": 3,
            "eps": 1.92,
            "eps_growth_year": -24.71,
            "eps_4q": 9.22,
            "eps_4q_growth_year": 2.75,
            "roe": 3.91,
            "roe_4q": 19.259999999999998,
            "gross_profit": 406466,
            "gross_margin": 38.26,
            "gross_margin_4q_avg": 35.92,
            "net_income": 101042,
            "net_income_4q": null,
            "revenue": 1062317,
            "revenue_4q": null,
            "common_shares": 502302,
            "book_valuer_per_share": 50.54,
            "book_valuer_per_share_4q_avg": 49.21,
            "equity": 2653661,
            "current_ratio": 225.25,
            "debt_ratio": 28.61,
            "inventory_turnover_ratio": 0.69,
            "account_receivable_turnover_ratio": 2.19,
            "reinvestment_rate": 19.03,
            "research_to_sale_ratio": 3.97,
            "price_fair": 311.85,
            "eps_avg_yearly": 8.91,
            "eps_latest_yearly": 7.68,
            "eps_growth_yearly": 68.89
        },
        "20224": {
            "year_quarter": 20224,
            "year": 2022,
            "quarter": 4,
            "eps": 1.22,
            "eps_growth_year": -67.32,
            "eps_4q": 6.7,
            "eps_4q_growth_year": -34.03,
            "roe": 2.64,
            "roe_4q": 13.79,
            "gross_profit": 420454,
            "gross_margin": 40.69,
            "gross_margin_4q_avg": 37.16,
            "net_income": 70736,
            "net_income_4q": null,
            "revenue": 1033273,
            "revenue_4q": null,
            "common_shares": 502302,
            "book_valuer_per_share": 51.55,
            "book_valuer_per_share_4q_avg": 50.14,
            "equity": 2706346,
            "current_ratio": 249.01,
            "debt_ratio": 27.24,
            "inventory_turnover_ratio": 0.69,
            "account_receivable_turnover_ratio": 2.18,
            "reinvestment_rate": 17.36,
            "research_to_sale_ratio": 3.67,
            "price_fair": 294.7,
            "eps_avg_yearly": 8.42,
            "eps_latest_yearly": 4.88,
            "eps_growth_yearly": 53.72
        },
        "20231": {
            "year_quarter": 20231,
            "year": 2023,
            "quarter": 1,
            "eps": 2.31,
            "eps_growth_year": 100.87,
            "eps_4q": 7.86,
            "eps_4q_growth_year": -20.06,
            "roe": 4.69,
            "roe_4q": 16.1,
            "gross_profit": 378965,
            "gross_margin": 42.94,
            "gross_margin_4q_avg": 39.07,
            "net_income": 122508,
            "net_income_4q": null,
            "revenue": 882612,
            "revenue_4q": null,
            "common_shares": 502302,
            "book_valuer_per_share": 47.95,
            "book_valuer_per_share_4q_avg": 49.51,
            "equity": 2515265,
            "current_ratio": 201.81,
            "debt_ratio": 31.63,
            "inventory_turnover_ratio": 0.59,
            "account_receivable_turnover_ratio": 2.02,
            "reinvestment_rate": 14.91,
            "research_to_sale_ratio": 3.15,
            "price_fair": 301.96,
            "eps_avg_yearly": 8.63,
            "eps_latest_yearly": 9.24,
            "eps_growth_yearly": 89.42
        },
        "20232": {
            "year_quarter": 20232,
            "year": 2023,
            "quarter": 2,
            "eps": 3.04,
            "eps_growth_year": 26.14,
            "eps_4q": 8.49,
            "eps_4q_growth_year": -13.83,
            "roe": 6.18,
            "roe_4q": 17.42,
            "gross_profit": 443518,
            "gross_margin": 38.16,
            "gross_margin_4q_avg": 40.01,
            "net_income": 158937,
            "net_income_4q": null,
            "revenue": 1162165,
            "revenue_4q": null,
            "common_shares": 502302,
            "book_valuer_per_share": 50.04,
            "book_valuer_per_share_4q_avg": 50.02,
            "equity": 2624242,
            "current_ratio": 222.93,
            "debt_ratio": 31.51,
            "inventory_turnover_ratio": 0.87,
            "account_receivable_turnover_ratio": 2.53,
            "reinvestment_rate": 11.47,
            "research_to_sale_ratio": 3.73,
            "price_fair": 307.48,
            "eps_avg_yearly": 8.79,
            "eps_latest_yearly": 12.16,
            "eps_growth_yearly": 81.61
        }
    },
    "months": {
        "2006-11": {
            "month": "2006-11",
            "price": "32.16",
            "revenue": 66760
        },
        "2006-12": {
            "month": "2006-12",
            "price": "32.23",
            "revenue": 72443
        },
        "2007-01": {
            "month": "2007-01",
            "price": "31.85",
            "revenue": 71878
        },
        "2007-02": {
            "month": "2007-02",
            "price": "31.62",
            "revenue": 50003
        },
        "2007-03": {
            "month": "2007-03",
            "price": "32.12",
            "revenue": 58418
        },
        "2007-04": {
            "month": "2007-04",
            "price": "35.90",
            "revenue": 80601
        },
        "2007-05": {
            "month": "2007-05",
            "price": "38.55",
            "revenue": 77765
        },
        "2007-06": {
            "month": "2007-06",
            "price": "46.61",
            "revenue": 92526
        },
        "2007-07": {
            "month": "2007-07",
            "price": "47.96",
            "revenue": 90266
        },
        "2007-08": {
            "month": "2007-08",
            "price": "58.46",
            "revenue": 76418
        },
        "2007-09": {
            "month": "2007-09",
            "price": "54.94",
            "revenue": 49568
        },
        "2007-10": {
            "month": "2007-10",
            "price": "52.60",
            "revenue": 102116
        },
        "2007-11": {
            "month": "2007-11",
            "price": "46.08",
            "revenue": 71155
        },
        "2007-12": {
            "month": "2007-12",
            "price": "35.66",
            "revenue": 98076
        },
        "2008-01": {
            "month": "2008-01",
            "price": "34.25",
            "revenue": 58776
        },
        "2008-02": {
            "month": "2008-02",
            "price": "33.70",
            "revenue": 58521
        },
        "2008-03": {
            "month": "2008-03",
            "price": "32.95",
            "revenue": 89571
        },
        "2008-04": {
            "month": "2008-04",
            "price": "35.67",
            "revenue": 65895
        },
        "2008-05": {
            "month": "2008-05",
            "price": "36.83",
            "revenue": 82268
        },
        "2008-06": {
            "month": "2008-06",
            "price": "35.33",
            "revenue": 85636
        },
        "2008-07": {
            "month": "2008-07",
            "price": "30.86",
            "revenue": 90601
        },
        "2008-08": {
            "month": "2008-08",
            "price": "27.34",
            "revenue": 77696
        },
        "2008-09": {
            "month": "2008-09",
            "price": "24.74",
            "revenue": 80364
        },
        "2008-10": {
            "month": "2008-10",
            "price": "24.58",
            "revenue": 84934
        },
        "2008-11": {
            "month": "2008-11",
            "price": "23.37",
            "revenue": 69874
        },
        "2008-12": {
            "month": "2008-12",
            "price": "22.96",
            "revenue": 70451
        },
        "2009-01": {
            "month": "2009-01",
            "price": "23.06",
            "revenue": 77102
        },
        "2009-02": {
            "month": "2009-02",
            "price": "23.72",
            "revenue": 53470
        },
        "2009-03": {
            "month": "2009-03",
            "price": "26.01",
            "revenue": 79389
        },
        "2009-04": {
            "month": "2009-04",
            "price": "30.50",
            "revenue": 60240
        },
        "2009-05": {
            "month": "2009-05",
            "price": "33.61",
            "revenue": 60029
        },
        "2009-06": {
            "month": "2009-06",
            "price": "33.67",
            "revenue": 75509
        },
        "2009-07": {
            "month": "2009-07",
            "price": "35.63",
            "revenue": 82586
        },
        "2009-08": {
            "month": "2009-08",
            "price": "47.52",
            "revenue": 99655
        },
        "2009-09": {
            "month": "2009-09",
            "price": "60.46",
            "revenue": 91295
        },
        "2009-10": {
            "month": "2009-10",
            "price": "67.59",
            "revenue": 164760
        },
        "2009-11": {
            "month": "2009-11",
            "price": "64.49",
            "revenue": 185463
        },
        "2009-12": {
            "month": "2009-12",
            "price": "65.91",
            "revenue": 214499
        },
        "2010-01": {
            "month": "2010-01",
            "price": "63.86",
            "revenue": 189990
        },
        "2010-02": {
            "month": "2010-02",
            "price": "60.71",
            "revenue": 108674
        },
        "2010-03": {
            "month": "2010-03",
            "price": "66.99",
            "revenue": 165603
        },
        "2010-04": {
            "month": "2010-04",
            "price": "111.50",
            "revenue": 207990
        },
        "2010-05": {
            "month": "2010-05",
            "price": "120.88",
            "revenue": 219880
        },
        "2010-06": {
            "month": "2010-06",
            "price": "131.14",
            "revenue": 208726
        },
        "2010-07": {
            "month": "2010-07",
            "price": "133.75",
            "revenue": 223388
        },
        "2010-08": {
            "month": "2010-08",
            "price": "139.05",
            "revenue": 226642
        },
        "2010-09": {
            "month": "2010-09",
            "price": "118.19",
            "revenue": 254056
        },
        "2010-10": {
            "month": "2010-10",
            "price": "123.40",
            "revenue": 225336
        },
        "2010-11": {
            "month": "2010-11",
            "price": "122.59",
            "revenue": 287572
        },
        "2010-12": {
            "month": "2010-12",
            "price": "127.65",
            "revenue": 277377
        },
        "2011-01": {
            "month": "2011-01",
            "price": "117.32",
            "revenue": 191314
        },
        "2011-02": {
            "month": "2011-02",
            "price": "105.64",
            "revenue": 131579
        },
        "2011-03": {
            "month": "2011-03",
            "price": "108.77",
            "revenue": 214254
        },
        "2011-04": {
            "month": "2011-04",
            "price": "120.03",
            "revenue": 239669
        },
        "2011-05": {
            "month": "2011-05",
            "price": "111.10",
            "revenue": 244920
        },
        "2011-06": {
            "month": "2011-06",
            "price": "103.90",
            "revenue": 240119
        },
        "2011-07": {
            "month": "2011-07",
            "price": "105.07",
            "revenue": 257741
        },
        "2011-08": {
            "month": "2011-08",
            "price": "85.47",
            "revenue": 282487
        },
        "2011-09": {
            "month": "2011-09",
            "price": "86.08",
            "revenue": 288320
        },
        "2011-10": {
            "month": "2011-10",
            "price": "87.00",
            "revenue": 243759
        },
        "2011-11": {
            "month": "2011-11",
            "price": "95.67",
            "revenue": 322570
        },
        "2011-12": {
            "month": "2011-12",
            "price": "89.08",
            "revenue": 306081
        },
        "2012-01": {
            "month": "2012-01",
            "price": "90.99",
            "revenue": 170753
        },
        "2012-02": {
            "month": "2012-02",
            "price": "103.82",
            "revenue": 170049
        },
        "2012-03": {
            "month": "2012-03",
            "price": "111.59",
            "revenue": 292371
        },
        "2012-04": {
            "month": "2012-04",
            "price": "102.96",
            "revenue": 297978
        },
        "2012-05": {
            "month": "2012-05",
            "price": "113.07",
            "revenue": 308907
        },
        "2012-06": {
            "month": "2012-06",
            "price": "115.55",
            "revenue": 304498
        },
        "2012-07": {
            "month": "2012-07",
            "price": "124.84",
            "revenue": 294909
        },
        "2012-08": {
            "month": "2012-08",
            "price": "126.52",
            "revenue": 377712
        },
        "2012-09": {
            "month": "2012-09",
            "price": "121.90",
            "revenue": 307040
        },
        "2012-10": {
            "month": "2012-10",
            "price": "126.86",
            "revenue": 255303
        },
        "2012-11": {
            "month": "2012-11",
            "price": "116.48",
            "revenue": 358996
        },
        "2012-12": {
            "month": "2012-12",
            "price": "120.02",
            "revenue": 324986
        },
        "2013-01": {
            "month": "2013-01",
            "price": "125.09",
            "revenue": 296841
        },
        "2013-02": {
            "month": "2013-02",
            "price": "130.73",
            "revenue": 114155
        },
        "2013-03": {
            "month": "2013-03",
            "price": "134.60",
            "revenue": 235689
        },
        "2013-04": {
            "month": "2013-04",
            "price": "125.75",
            "revenue": 304727
        },
        "2013-05": {
            "month": "2013-05",
            "price": "117.89",
            "revenue": 346497
        },
        "2013-06": {
            "month": "2013-06",
            "price": "112.13",
            "revenue": 306847
        },
        "2013-07": {
            "month": "2013-07",
            "price": "122.67",
            "revenue": 336416
        },
        "2013-08": {
            "month": "2013-08",
            "price": "119.74",
            "revenue": 408489
        },
        "2013-09": {
            "month": "2013-09",
            "price": "123.60",
            "revenue": 350477
        },
        "2013-10": {
            "month": "2013-10",
            "price": "132.39",
            "revenue": 342496
        },
        "2013-11": {
            "month": "2013-11",
            "price": "141.36",
            "revenue": 430458
        },
        "2013-12": {
            "month": "2013-12",
            "price": "156.16",
            "revenue": 449901
        },
        "2014-01": {
            "month": "2014-01",
            "price": "155.92",
            "revenue": 251362
        },
        "2014-02": {
            "month": "2014-02",
            "price": "165.09",
            "revenue": 176604
        },
        "2014-03": {
            "month": "2014-03",
            "price": "177.60",
            "revenue": 328658
        },
        "2014-04": {
            "month": "2014-04",
            "price": "174.55",
            "revenue": 372750
        },
        "2014-05": {
            "month": "2014-05",
            "price": "172.60",
            "revenue": 338092
        },
        "2014-06": {
            "month": "2014-06",
            "price": "167.00",
            "revenue": 345709
        },
        "2014-07": {
            "month": "2014-07",
            "price": "170.11",
            "revenue": 387935
        },
        "2014-08": {
            "month": "2014-08",
            "price": "182.76",
            "revenue": 424996
        },
        "2014-09": {
            "month": "2014-09",
            "price": "180.24",
            "revenue": 421616
        },
        "2014-10": {
            "month": "2014-10",
            "price": "181.95",
            "revenue": 362213
        },
        "2014-11": {
            "month": "2014-11",
            "price": "186.78",
            "revenue": 433177
        },
        "2014-12": {
            "month": "2014-12",
            "price": "193.12",
            "revenue": 465186
        },
        "2015-01": {
            "month": "2015-01",
            "price": "188.88",
            "revenue": 384225
        },
        "2015-02": {
            "month": "2015-02",
            "price": "182.96",
            "revenue": 140713
        },
        "2015-03": {
            "month": "2015-03",
            "price": "182.09",
            "revenue": 319286
        },
        "2015-04": {
            "month": "2015-04",
            "price": "188.25",
            "revenue": 345048
        },
        "2015-05": {
            "month": "2015-05",
            "price": "181.68",
            "revenue": 316334
        },
        "2015-06": {
            "month": "2015-06",
            "price": "171.12",
            "revenue": 368523
        },
        "2015-07": {
            "month": "2015-07",
            "price": "172.23",
            "revenue": 319433
        },
        "2015-08": {
            "month": "2015-08",
            "price": "129.57",
            "revenue": 357389
        },
        "2015-09": {
            "month": "2015-09",
            "price": "113.12",
            "revenue": 366978
        },
        "2015-10": {
            "month": "2015-10",
            "price": "116.64",
            "revenue": 320784
        },
        "2015-11": {
            "month": "2015-11",
            "price": "113.19",
            "revenue": 441830
        },
        "2015-12": {
            "month": "2015-12",
            "price": "108.17",
            "revenue": 424010
        },
        "2016-01": {
            "month": "2016-01",
            "price": "93.42",
            "revenue": 338688
        },
        "2016-02": {
            "month": "2016-02",
            "price": "91.52",
            "revenue": 165557
        },
        "2016-03": {
            "month": "2016-03",
            "price": "116.61",
            "revenue": 339209
        },
        "2016-04": {
            "month": "2016-04",
            "price": "113.24",
            "revenue": 361040
        },
        "2016-05": {
            "month": "2016-05",
            "price": "101.74",
            "revenue": 345616
        },
        "2016-06": {
            "month": "2016-06",
            "price": "103.03",
            "revenue": 392324
        },
        "2016-07": {
            "month": "2016-07",
            "price": "112.50",
            "revenue": 392980
        },
        "2016-08": {
            "month": "2016-08",
            "price": "135.50",
            "revenue": 431663
        },
        "2016-09": {
            "month": "2016-09",
            "price": "142.47",
            "revenue": 395336
        },
        "2016-10": {
            "month": "2016-10",
            "price": "147.25",
            "revenue": 334591
        },
        "2016-11": {
            "month": "2016-11",
            "price": "145.32",
            "revenue": 425749
        },
        "2016-12": {
            "month": "2016-12",
            "price": "146.00",
            "revenue": 467039
        },
        "2017-01": {
            "month": "2017-01",
            "price": "143.38",
            "revenue": 260900
        },
        "2017-02": {
            "month": "2017-02",
            "price": "136.67",
            "revenue": 202519
        },
        "2017-03": {
            "month": "2017-03",
            "price": "135.26",
            "revenue": 377679
        },
        "2017-04": {
            "month": "2017-04",
            "price": "138.11",
            "revenue": 416406
        },
        "2017-05": {
            "month": "2017-05",
            "price": "156.75",
            "revenue": 398225
        },
        "2017-06": {
            "month": "2017-06",
            "price": "172.46",
            "revenue": 399971
        },
        "2017-07": {
            "month": "2017-07",
            "price": "176.07",
            "revenue": 372564
        },
        "2017-08": {
            "month": "2017-08",
            "price": "163.33",
            "revenue": 435008
        },
        "2017-09": {
            "month": "2017-09",
            "price": "157.48",
            "revenue": 452852
        },
        "2017-10": {
            "month": "2017-10",
            "price": "153.74",
            "revenue": 377523
        },
        "2017-11": {
            "month": "2017-11",
            "price": "158.09",
            "revenue": 466671
        },
        "2017-12": {
            "month": "2017-12",
            "price": "168.86",
            "revenue": 448211
        },
        "2018-01": {
            "month": "2018-01",
            "price": "169.52",
            "revenue": 423563
        },
        "2018-02": {
            "month": "2018-02",
            "price": "163.04",
            "revenue": 135174
        },
        "2018-03": {
            "month": "2018-03",
            "price": "164.85",
            "revenue": 292243
        },
        "2018-04": {
            "month": "2018-04",
            "price": "159.11",
            "revenue": 399794
        },
        "2018-05": {
            "month": "2018-05",
            "price": "153.64",
            "revenue": 385384
        },
        "2018-06": {
            "month": "2018-06",
            "price": "153.35",
            "revenue": 366229
        },
        "2018-07": {
            "month": "2018-07",
            "price": "141.50",
            "revenue": 370040
        },
        "2018-08": {
            "month": "2018-08",
            "price": "141.63",
            "revenue": 410346
        },
        "2018-09": {
            "month": "2018-09",
            "price": "136.87",
            "revenue": 390329
        },
        "2018-10": {
            "month": "2018-10",
            "price": "133.43",
            "revenue": 341916
        },
        "2018-11": {
            "month": "2018-11",
            "price": "122.34",
            "revenue": 407685
        },
        "2018-12": {
            "month": "2018-12",
            "price": "115.17",
            "revenue": 415174
        },
        "2019-01": {
            "month": "2019-01",
            "price": "117.69",
            "revenue": 366606
        },
        "2019-02": {
            "month": "2019-02",
            "price": "122.96",
            "revenue": 146629
        },
        "2019-03": {
            "month": "2019-03",
            "price": "121.48",
            "revenue": 307897
        },
        "2019-04": {
            "month": "2019-04",
            "price": "122.88",
            "revenue": 370424
        },
        "2019-05": {
            "month": "2019-05",
            "price": "119.57",
            "revenue": 366149
        },
        "2019-06": {
            "month": "2019-06",
            "price": "115.45",
            "revenue": 330937
        },
        "2019-07": {
            "month": "2019-07",
            "price": "106.46",
            "revenue": 359482
        },
        "2019-08": {
            "month": "2019-08",
            "price": "102.12",
            "revenue": 421276
        },
        "2019-09": {
            "month": "2019-09",
            "price": "107.05",
            "revenue": 378813
        },
        "2019-10": {
            "month": "2019-10",
            "price": "104.00",
            "revenue": 332610
        },
        "2019-11": {
            "month": "2019-11",
            "price": "106.57",
            "revenue": 404875
        },
        "2019-12": {
            "month": "2019-12",
            "price": "113.61",
            "revenue": 433808
        },
        "2020-01": {
            "month": "2020-01",
            "price": "115.30",
            "revenue": 219028
        },
        "2020-02": {
            "month": "2020-02",
            "price": "104.58",
            "revenue": 82089
        },
        "2020-03": {
            "month": "2020-03",
            "price": "89.17",
            "revenue": 183018
        },
        "2020-04": {
            "month": "2020-04",
            "price": "90.44",
            "revenue": 242032
        },
        "2020-05": {
            "month": "2020-05",
            "price": "90.23",
            "revenue": 268179
        },
        "2020-06": {
            "month": "2020-06",
            "price": "88.35",
            "revenue": 287570
        },
        "2020-07": {
            "month": "2020-07",
            "price": "82.26",
            "revenue": 324786
        },
        "2020-08": {
            "month": "2020-08",
            "price": "79.65",
            "revenue": 337091
        },
        "2020-09": {
            "month": "2020-09",
            "price": "77.14",
            "revenue": 339402
        },
        "2020-10": {
            "month": "2020-10",
            "price": "77.08",
            "revenue": 278777
        },
        "2020-11": {
            "month": "2020-11",
            "price": "84.05",
            "revenue": 327093
        },
        "2020-12": {
            "month": "2020-12",
            "price": "86.56",
            "revenue": 411765
        },
        "2021-01": {
            "month": "2021-01",
            "price": "86.54",
            "revenue": 317656
        },
        "2021-02": {
            "month": "2021-02",
            "price": "92.62",
            "revenue": 157149
        },
        "2021-03": {
            "month": "2021-03",
            "price": "105.05",
            "revenue": 317231
        },
        "2021-04": {
            "month": "2021-04",
            "price": "110.89",
            "revenue": 387548
        },
        "2021-05": {
            "month": "2021-05",
            "price": "105.03",
            "revenue": 331926
        },
        "2021-06": {
            "month": "2021-06",
            "price": "105.74",
            "revenue": 369923
        },
        "2021-07": {
            "month": "2021-07",
            "price": "108.93",
            "revenue": 382475
        },
        "2021-08": {
            "month": "2021-08",
            "price": "108.61",
            "revenue": 395621
        },
        "2021-09": {
            "month": "2021-09",
            "price": "101.60",
            "revenue": 462541
        },
        "2021-10": {
            "month": "2021-10",
            "price": "104.96",
            "revenue": 341612
        },
        "2021-11": {
            "month": "2021-11",
            "price": "105.27",
            "revenue": 439077
        },
        "2021-12": {
            "month": "2021-12",
            "price": "105.59",
            "revenue": 408148
        },
        "2022-01": {
            "month": "2022-01",
            "price": "106.42",
            "revenue": 260832
        },
        "2022-02": {
            "month": "2022-02",
            "price": "105.07",
            "revenue": 216168
        },
        "2022-03": {
            "month": "2022-03",
            "price": "105.11",
            "revenue": 314443
        },
        "2022-04": {
            "month": "2022-04",
            "price": "103.92",
            "revenue": 295592
        },
        "2022-05": {
            "month": "2022-05",
            "price": "98.80",
            "revenue": 371223
        },
        "2022-06": {
            "month": "2022-06",
            "price": "97.95",
            "revenue": 368382
        },
        "2022-07": {
            "month": "2022-07",
            "price": "90.77",
            "revenue": 356589
        },
        "2022-08": {
            "month": "2022-08",
            "price": "94.36",
            "revenue": 363931
        },
        "2022-09": {
            "month": "2022-09",
            "price": "93.94",
            "revenue": 334670
        },
        "2022-10": {
            "month": "2022-10",
            "price": "86.48",
            "revenue": 320649
        },
        "2022-11": {
            "month": "2022-11",
            "price": "85.22",
            "revenue": 347002
        },
        "2022-12": {
            "month": "2022-12",
            "price": "87.87",
            "revenue": 362804
        },
        "2023-01": {
            "month": "2023-01",
            "price": "90.03",
            "revenue": 241589
        },
        "2023-02": {
            "month": "2023-02",
            "price": "94.77",
            "revenue": 261662
        },
        "2023-03": {
            "month": "2023-03",
            "price": "100.64",
            "revenue": 381182
        },
        "2023-04": {
            "month": "2023-04",
            "price": "104.29",
            "revenue": 400791
        },
        "2023-05": {
            "month": "2023-05",
            "price": "121.82",
            "revenue": 372654
        },
        "2023-06": {
            "month": "2023-06",
            "price": "128.85",
            "revenue": 395391
        },
        "2023-07": {
            "month": "2023-07",
            "price": "129.29",
            "revenue": 372377
        },
        "2023-08": {
            "month": "2023-08",
            "price": "126.59",
            "revenue": 436714
        },
        "2023-09": {
            "month": "2023-09",
            "price": "126.90",
            "revenue": 449843
        }
    }
}
