{
    "summary": {
        "stock_name": "信錦",
        "stock_id": "1582",
        "category": "電子零組件",
        "main_business": "樞紐HINGE之製造及買賣<br>各種模具之加工製造及買賣",
        "website_url": "http://www.syncmold.com.tw",
        "ceo": "陳秋郎",
        "pe_ratio": 20,
        "report_year_from": 2005,
        "report_year_to": 2023,
        "age": 18,
        "eps_negative_percentage": 0,
        "eps_growth_avg": {
            "last_all": 4.02,
            "last_2y": -7.73,
            "last_4y": 2.87,
            "last_8y": 4.46,
            "last_12y": 2.32,
            "last_16y": 4.02,
            "last_20y": null,
            "at_2006_last_3y": null,
            "at_2007_last_3y": null,
            "at_2008_last_3y": null,
            "at_2009_last_3y": 9.54,
            "at_2010_last_3y": -23.55,
            "at_2011_last_3y": -20.6,
            "at_2012_last_3y": -1.8,
            "at_2013_last_3y": -2.48,
            "at_2014_last_3y": 12.9,
            "at_2015_last_3y": 11.99,
            "at_2016_last_3y": 4.93,
            "at_2017_last_3y": 6.44,
            "at_2018_last_3y": 1.77,
            "at_2019_last_3y": 10.41,
            "at_2020_last_3y": 7.49,
            "at_2021_last_3y": -8.48,
            "at_2022_last_3y": 0.96,
            "at_2023_last_3y": 0.96,
            "at_2006_last_all": null,
            "at_2007_last_all": 42.15,
            "at_2008_last_all": 17.18,
            "at_2009_last_all": 9.54,
            "at_2010_last_all": 1.16,
            "at_2011_last_all": 0.32,
            "at_2012_last_all": 6.34,
            "at_2013_last_all": 3.53,
            "at_2014_last_all": 6.38,
            "at_2015_last_all": 4.99,
            "at_2016_last_all": 5.83,
            "at_2017_last_all": 4.5,
            "at_2018_last_all": 4.96,
            "at_2019_last_all": 6.54,
            "at_2020_last_all": 6.27,
            "at_2021_last_all": 1.25,
            "at_2022_last_all": 4.02,
            "at_2023_last_all": 4.02
        },
        "latest_eps": 3.05,
        "latest_price": 60,
        "latest_roe": 6.17,
        "latest_gross_margin": 16.98,
        "latest_equity": 5933656,
        "latest_revenue": 1830264,
        "latest_gross_profit": 310739,
        "latest_net_income": 26601,
        "latest_debt_ratio": 47.22,
        "latest_current_ratio": 215.98,
        "latest_account_receivable_turnover_ratio": 0.88,
        "latest_inventory_turnover_ratio": 1.77,
        "latest_reinvestment_rate": 67.96,
        "latest_research_to_sale_ratio": 2.45
    },
    "eps_dividends": {
        "2001": {
            "cash": 0,
            "stock": 0,
            "eps": 0
        },
        "2002": {
            "cash": 0,
            "stock": 0,
            "eps": 0
        },
        "2003": {
            "cash": 0,
            "stock": 0,
            "eps": 0
        },
        "2004": {
            "cash": 0,
            "stock": 0,
            "eps": 0
        },
        "2005": {
            "cash": 0,
            "stock": 0,
            "eps": 0.59
        },
        "2006": {
            "cash": 1,
            "stock": 2,
            "eps": 11.59
        },
        "2007": {
            "cash": 6,
            "stock": 1.5,
            "eps": 9.77
        },
        "2008": {
            "cash": 5.93,
            "stock": 0.49,
            "eps": 6.57
        },
        "2009": {
            "cash": 3,
            "stock": 0,
            "eps": 5.69
        },
        "2010": {
            "cash": 4.5,
            "stock": 0,
            "eps": 3.85
        },
        "2011": {
            "cash": 6.48,
            "stock": 0,
            "eps": 3.7
        },
        "2012": {
            "cash": 0,
            "stock": 0,
            "eps": 5.27
        },
        "2013": {
            "cash": 4,
            "stock": 0,
            "eps": 4.42
        },
        "2014": {
            "cash": 3.5,
            "stock": 0,
            "eps": 5.71
        },
        "2015": {
            "cash": 4.5,
            "stock": 0,
            "eps": 5.28
        },
        "2016": {
            "cash": 4.5,
            "stock": 0,
            "eps": 6.03
        },
        "2017": {
            "cash": 5.64,
            "stock": 0,
            "eps": 5.42
        },
        "2018": {
            "cash": 5,
            "stock": 0,
            "eps": 5.99
        },
        "2019": {
            "cash": 6.5,
            "stock": 0,
            "eps": 7.61
        },
        "2020": {
            "cash": 4.5,
            "stock": 0,
            "eps": 7.8
        },
        "2021": {
            "cash": 5,
            "stock": 0,
            "eps": 2.03
        },
        "2022": {
            "cash": 5.3,
            "stock": 0,
            "eps": 3.01
        },
        "2023": {
            "cash": 3,
            "stock": 0,
            "eps": 0.3
        }
    },
    "dividends": {
        "2006-06-23": {
            "cash": 1,
            "stock": 2
        },
        "2007-04-23": {
            "cash": 6,
            "stock": 1.5
        },
        "2008-04-09": {
            "cash": 5.93,
            "stock": 0.49
        },
        "2009-03-31": {
            "cash": 3,
            "stock": 0
        },
        "2010-03-31": {
            "cash": 4.5,
            "stock": 0
        },
        "2011-01-01": {
            "cash": 3,
            "stock": 0
        },
        "2011-03-30": {
            "cash": 3.48,
            "stock": 0
        },
        "2013-03-21": {
            "cash": 4,
            "stock": 0
        },
        "2014-06-19": {
            "cash": 3.5,
            "stock": 0
        },
        "2015-08-21": {
            "cash": 4.5,
            "stock": 0
        },
        "2016-08-19": {
            "cash": 4.5,
            "stock": 0
        },
        "2017-08-16": {
            "cash": 5.64,
            "stock": 0
        },
        "2018-08-15": {
            "cash": 5,
            "stock": 0
        },
        "2019-08-02": {
            "cash": 6.5,
            "stock": 0
        },
        "2020-08-13": {
            "cash": 4.5,
            "stock": 0
        },
        "2021-09-15": {
            "cash": 5,
            "stock": 0
        },
        "2022-08-05": {
            "cash": 5.3,
            "stock": 0
        },
        "2023-03-15": {
            "cash": 3,
            "stock": 0
        }
    },
    "prices": {
        "200101": "無",
        "200102": "無",
        "200103": "無",
        "200104": "無",
        "200105": "無",
        "200106": "無",
        "200107": "無",
        "200108": "無",
        "200109": "無",
        "200110": "無",
        "200111": "無",
        "200112": "無",
        "200201": "無",
        "200202": "無",
        "200203": "無",
        "200204": "無",
        "200205": "無",
        "200206": "無",
        "200207": "無",
        "200208": "無",
        "200209": "無",
        "200210": "無",
        "200211": "無",
        "200212": "無",
        "200301": "無",
        "200302": "無",
        "200303": "無",
        "200304": "無",
        "200305": "無",
        "200306": "無",
        "200307": "無",
        "200308": "無",
        "200309": "無",
        "200310": "無",
        "200311": "無",
        "200312": "無",
        "200401": "無",
        "200402": "無",
        "200403": "無",
        "200404": "無",
        "200405": "無",
        "200406": "無",
        "200407": "無",
        "200408": "無",
        "200409": "無",
        "200410": "無",
        "200411": "無",
        "200412": "無",
        "200501": "無",
        "200502": "無",
        "200503": "無",
        "200504": "無",
        "200505": "無",
        "200506": "無",
        "200507": "無",
        "200508": "無",
        "200509": "無",
        "200510": "無",
        "200511": "無",
        "200512": "60.17",
        "200601": "80.10",
        "200602": "96.31",
        "200603": "115.02",
        "200604": "147.30",
        "200605": "175.00",
        "200606": "165.30",
        "200607": "163.00",
        "200608": "156.54",
        "200609": "188.03",
        "200610": "194.70",
        "200611": "175.24",
        "200612": "177.24",
        "200701": "180.07",
        "200702": "170.67",
        "200703": "161.96",
        "200704": "170.12",
        "200705": "165.09",
        "200706": "165.75",
        "200707": "203.20",
        "200708": "153.87",
        "200709": "150.56",
        "200710": "146.20",
        "200711": "124.05",
        "200712": "116.58",
        "200801": "100.27",
        "200802": "105.70",
        "200803": "118.26",
        "200804": "128.12",
        "200805": "136.69",
        "200806": "111.52",
        "200807": "100.75",
        "200808": "94.22",
        "200809": "66.24",
        "200810": "52.69",
        "200811": "48.72",
        "200812": "51.36",
        "200901": "40.54",
        "200902": "40.36",
        "200903": "47.73",
        "200904": "55.82",
        "200905": "59.01",
        "200906": "50.98",
        "200907": "55.70",
        "200908": "58.94",
        "200909": "67.00",
        "200910": "65.02",
        "200911": "66.46",
        "200912": "81.43",
        "201001": "75.42",
        "201002": "68.07",
        "201003": "75.70",
        "201004": "77.32",
        "201005": "69.50",
        "201006": "66.47",
        "201007": "68.53",
        "201008": "66.15",
        "201009": "61.60",
        "201010": "58.32",
        "201011": "49.81",
        "201012": "51.62",
        "201101": "48.02",
        "201102": "50.14",
        "201103": "52.44",
        "201104": "51.67",
        "201105": "49.40",
        "201106": "48.71",
        "201107": "47.20",
        "201108": "34.73",
        "201109": "33.32",
        "201110": "35.00",
        "201111": "36.33",
        "201112": "33.25",
        "201201": "33.17",
        "201202": "39.70",
        "201203": "41.25",
        "201204": "39.95",
        "201205": "44.03",
        "201206": "43.76",
        "201207": "46.22",
        "201208": "48.50",
        "201209": "50.62",
        "201210": "53.15",
        "201211": "49.25",
        "201212": "49.58",
        "201301": "49.96",
        "201302": "53.07",
        "201303": "53.99",
        "201304": "55.68",
        "201305": "54.00",
        "201306": "51.87",
        "201307": "52.39",
        "201308": "50.92",
        "201309": "50.08",
        "201310": "50.07",
        "201311": "49.06",
        "201312": "49.29",
        "201401": "52.54",
        "201402": "52.98",
        "201403": "52.49",
        "201404": "53.57",
        "201405": "55.06",
        "201406": "63.62",
        "201407": "69.85",
        "201408": "69.56",
        "201409": "68.30",
        "201410": "61.37",
        "201411": "58.55",
        "201412": "61.62",
        "201501": "65.60",
        "201502": "66.68",
        "201503": "69.50",
        "201504": "68.31",
        "201505": "62.64",
        "201506": "58.11",
        "201507": "51.84",
        "201508": "42.91",
        "201509": "45.94",
        "201510": "49.83",
        "201511": "51.62",
        "201512": "49.43",
        "201601": "45.18",
        "201602": "47.72",
        "201603": "52.62",
        "201604": "53.75",
        "201605": "52.14",
        "201606": "52.84",
        "201607": "54.11",
        "201608": "52.90",
        "201609": "53.61",
        "201610": "52.86",
        "201611": "54.34",
        "201612": "62.64",
        "201701": "62.76",
        "201702": "62.82",
        "201703": "64.48",
        "201704": "65.87",
        "201705": "67.94",
        "201706": "70.18",
        "201707": "68.63",
        "201708": "67.17",
        "201709": "70.22",
        "201710": "70.86",
        "201711": "68.38",
        "201712": "63.61",
        "201801": "63.37",
        "201802": "63.17",
        "201803": "65.27",
        "201804": "65.85",
        "201805": "63.46",
        "201806": "63.40",
        "201807": "59.87",
        "201808": "57.24",
        "201809": "57.96",
        "201810": "55.55",
        "201811": "66.70",
        "201812": "66.36",
        "201901": "67.13",
        "201902": "73.69",
        "201903": "80.61",
        "201904": "86.66",
        "201905": "81.37",
        "201906": "81.70",
        "201907": "79.70",
        "201908": "77.98",
        "201909": "77.63",
        "201910": "77.83",
        "201911": "82.42",
        "201912": "89.05",
        "202001": "90.96",
        "202002": "87.24",
        "202003": "73.14",
        "202004": "74.00",
        "202005": "81.14",
        "202006": "81.68",
        "202007": "80.18",
        "202008": "82.94",
        "202009": "85.24",
        "202010": "85.11",
        "202011": "86.92",
        "202012": "85.58",
        "202101": "84.94",
        "202102": "82.21",
        "202103": "85.55",
        "202104": "92.77",
        "202105": "83.07",
        "202106": "83.55",
        "202107": "83.09",
        "202108": "73.68",
        "202109": "69.44",
        "202110": "69.79",
        "202111": "69.94",
        "202112": "69.22",
        "202201": "69.25",
        "202202": "69.42",
        "202203": "70.25",
        "202204": "70.72",
        "202205": "68.34",
        "202206": "67.84",
        "202207": "62.06",
        "202208": "66.50",
        "202209": "66.10",
        "202210": "60.40",
        "202211": "59.12",
        "202212": "58.84",
        "202301": "59.21",
        "202302": "61.15",
        "202303": "60.87",
        "202304": "60.09",
        "202305": "59.49",
        "202306": "59.75"
    },
    "quarters": {
        "20011": {
            "year_quarter": 20011,
            "year": 2001,
            "quarter": 1,
            "eps": null,
            "eps_growth_year": null,
            "eps_4q": null,
            "eps_4q_growth_year": null,
            "roe": null,
            "roe_4q": 0,
            "gross_profit": null,
            "gross_margin": null,
            "gross_margin_4q_avg": 0,
            "net_income": null,
            "revenue": null,
            "common_shares": null,
            "book_valuer_per_share": null,
            "book_valuer_per_share_4q_avg": 0,
            "equity": null,
            "current_ratio": null,
            "debt_ratio": null,
            "inventory_turnover_ratio": null,
            "account_receivable_turnover_ratio": null,
            "reinvestment_rate": null,
            "research_to_sale_ratio": null,
            "price_fair": 0,
            "eps_avg_yearly": 0,
            "eps_latest_yearly": 0,
            "eps_growth_yearly": 0
        },
        "20012": {
            "year_quarter": 20012,
            "year": 2001,
            "quarter": 2,
            "eps": null,
            "eps_growth_year": null,
            "eps_4q": null,
            "eps_4q_growth_year": null,
            "roe": null,
            "roe_4q": 0,
            "gross_profit": null,
            "gross_margin": null,
            "gross_margin_4q_avg": 0,
            "net_income": null,
            "revenue": null,
            "common_shares": null,
            "book_valuer_per_share": null,
            "book_valuer_per_share_4q_avg": 0,
            "equity": null,
            "current_ratio": null,
            "debt_ratio": null,
            "inventory_turnover_ratio": null,
            "account_receivable_turnover_ratio": null,
            "reinvestment_rate": null,
            "research_to_sale_ratio": null,
            "price_fair": 0,
            "eps_avg_yearly": 0,
            "eps_latest_yearly": 0,
            "eps_growth_yearly": 0
        },
        "20013": {
            "year_quarter": 20013,
            "year": 2001,
            "quarter": 3,
            "eps": null,
            "eps_growth_year": null,
            "eps_4q": null,
            "eps_4q_growth_year": null,
            "roe": null,
            "roe_4q": 0,
            "gross_profit": null,
            "gross_margin": null,
            "gross_margin_4q_avg": 0,
            "net_income": null,
            "revenue": null,
            "common_shares": null,
            "book_valuer_per_share": null,
            "book_valuer_per_share_4q_avg": 0,
            "equity": null,
            "current_ratio": null,
            "debt_ratio": null,
            "inventory_turnover_ratio": null,
            "account_receivable_turnover_ratio": null,
            "reinvestment_rate": null,
            "research_to_sale_ratio": null,
            "price_fair": 0,
            "eps_avg_yearly": 0,
            "eps_latest_yearly": 0,
            "eps_growth_yearly": 0
        },
        "20014": {
            "year_quarter": 20014,
            "year": 2001,
            "quarter": 4,
            "eps": null,
            "eps_growth_year": null,
            "eps_4q": null,
            "eps_4q_growth_year": null,
            "roe": null,
            "roe_4q": 0,
            "gross_profit": null,
            "gross_margin": null,
            "gross_margin_4q_avg": 0,
            "net_income": null,
            "revenue": null,
            "common_shares": 25000,
            "book_valuer_per_share": 12.96,
            "book_valuer_per_share_4q_avg": 3.24,
            "equity": 32404,
            "current_ratio": 131.45,
            "debt_ratio": 82.32,
            "inventory_turnover_ratio": null,
            "account_receivable_turnover_ratio": null,
            "reinvestment_rate": null,
            "research_to_sale_ratio": null,
            "price_fair": 0,
            "eps_avg_yearly": 0,
            "eps_latest_yearly": 0,
            "eps_growth_yearly": 0
        },
        "20021": {
            "year_quarter": 20021,
            "year": 2002,
            "quarter": 1,
            "eps": null,
            "eps_growth_year": null,
            "eps_4q": null,
            "eps_4q_growth_year": null,
            "roe": null,
            "roe_4q": 0,
            "gross_profit": null,
            "gross_margin": null,
            "gross_margin_4q_avg": 0,
            "net_income": null,
            "revenue": null,
            "common_shares": null,
            "book_valuer_per_share": null,
            "book_valuer_per_share_4q_avg": 3.24,
            "equity": null,
            "current_ratio": null,
            "debt_ratio": null,
            "inventory_turnover_ratio": null,
            "account_receivable_turnover_ratio": null,
            "reinvestment_rate": null,
            "research_to_sale_ratio": null,
            "price_fair": 0,
            "eps_avg_yearly": 0,
            "eps_latest_yearly": 0,
            "eps_growth_yearly": 0
        },
        "20022": {
            "year_quarter": 20022,
            "year": 2002,
            "quarter": 2,
            "eps": null,
            "eps_growth_year": null,
            "eps_4q": null,
            "eps_4q_growth_year": null,
            "roe": null,
            "roe_4q": 0,
            "gross_profit": null,
            "gross_margin": null,
            "gross_margin_4q_avg": 0,
            "net_income": null,
            "revenue": null,
            "common_shares": null,
            "book_valuer_per_share": null,
            "book_valuer_per_share_4q_avg": 3.24,
            "equity": null,
            "current_ratio": null,
            "debt_ratio": null,
            "inventory_turnover_ratio": null,
            "account_receivable_turnover_ratio": null,
            "reinvestment_rate": null,
            "research_to_sale_ratio": null,
            "price_fair": 0,
            "eps_avg_yearly": 0,
            "eps_latest_yearly": 0,
            "eps_growth_yearly": 0
        },
        "20023": {
            "year_quarter": 20023,
            "year": 2002,
            "quarter": 3,
            "eps": null,
            "eps_growth_year": null,
            "eps_4q": null,
            "eps_4q_growth_year": null,
            "roe": null,
            "roe_4q": 0,
            "gross_profit": null,
            "gross_margin": null,
            "gross_margin_4q_avg": 0,
            "net_income": null,
            "revenue": null,
            "common_shares": null,
            "book_valuer_per_share": null,
            "book_valuer_per_share_4q_avg": 3.24,
            "equity": null,
            "current_ratio": null,
            "debt_ratio": null,
            "inventory_turnover_ratio": null,
            "account_receivable_turnover_ratio": null,
            "reinvestment_rate": null,
            "research_to_sale_ratio": null,
            "price_fair": 0,
            "eps_avg_yearly": 0,
            "eps_latest_yearly": 0,
            "eps_growth_yearly": 0
        },
        "20024": {
            "year_quarter": 20024,
            "year": 2002,
            "quarter": 4,
            "eps": null,
            "eps_growth_year": null,
            "eps_4q": null,
            "eps_4q_growth_year": null,
            "roe": null,
            "roe_4q": 0,
            "gross_profit": null,
            "gross_margin": null,
            "gross_margin_4q_avg": 0,
            "net_income": null,
            "revenue": null,
            "common_shares": 25000,
            "book_valuer_per_share": 13,
            "book_valuer_per_share_4q_avg": 3.25,
            "equity": 32503,
            "current_ratio": 127.99,
            "debt_ratio": 77.24,
            "inventory_turnover_ratio": null,
            "account_receivable_turnover_ratio": null,
            "reinvestment_rate": null,
            "research_to_sale_ratio": null,
            "price_fair": 0,
            "eps_avg_yearly": 0,
            "eps_latest_yearly": 0,
            "eps_growth_yearly": 0
        },
        "20031": {
            "year_quarter": 20031,
            "year": 2003,
            "quarter": 1,
            "eps": null,
            "eps_growth_year": null,
            "eps_4q": null,
            "eps_4q_growth_year": null,
            "roe": null,
            "roe_4q": 0,
            "gross_profit": null,
            "gross_margin": null,
            "gross_margin_4q_avg": 0,
            "net_income": null,
            "revenue": null,
            "common_shares": null,
            "book_valuer_per_share": null,
            "book_valuer_per_share_4q_avg": 3.25,
            "equity": null,
            "current_ratio": null,
            "debt_ratio": null,
            "inventory_turnover_ratio": null,
            "account_receivable_turnover_ratio": null,
            "reinvestment_rate": null,
            "research_to_sale_ratio": null,
            "price_fair": 0,
            "eps_avg_yearly": 0,
            "eps_latest_yearly": 0,
            "eps_growth_yearly": 0
        },
        "20032": {
            "year_quarter": 20032,
            "year": 2003,
            "quarter": 2,
            "eps": null,
            "eps_growth_year": null,
            "eps_4q": null,
            "eps_4q_growth_year": null,
            "roe": null,
            "roe_4q": 0,
            "gross_profit": null,
            "gross_margin": null,
            "gross_margin_4q_avg": 0,
            "net_income": null,
            "revenue": null,
            "common_shares": null,
            "book_valuer_per_share": null,
            "book_valuer_per_share_4q_avg": 3.25,
            "equity": null,
            "current_ratio": null,
            "debt_ratio": null,
            "inventory_turnover_ratio": null,
            "account_receivable_turnover_ratio": null,
            "reinvestment_rate": null,
            "research_to_sale_ratio": null,
            "price_fair": 0,
            "eps_avg_yearly": 0,
            "eps_latest_yearly": 0,
            "eps_growth_yearly": 0
        },
        "20033": {
            "year_quarter": 20033,
            "year": 2003,
            "quarter": 3,
            "eps": null,
            "eps_growth_year": null,
            "eps_4q": null,
            "eps_4q_growth_year": null,
            "roe": null,
            "roe_4q": 0,
            "gross_profit": null,
            "gross_margin": null,
            "gross_margin_4q_avg": 0,
            "net_income": null,
            "revenue": null,
            "common_shares": null,
            "book_valuer_per_share": null,
            "book_valuer_per_share_4q_avg": 3.25,
            "equity": null,
            "current_ratio": null,
            "debt_ratio": null,
            "inventory_turnover_ratio": null,
            "account_receivable_turnover_ratio": null,
            "reinvestment_rate": null,
            "research_to_sale_ratio": null,
            "price_fair": 0,
            "eps_avg_yearly": 0,
            "eps_latest_yearly": 0,
            "eps_growth_yearly": 0
        },
        "20034": {
            "year_quarter": 20034,
            "year": 2003,
            "quarter": 4,
            "eps": null,
            "eps_growth_year": null,
            "eps_4q": null,
            "eps_4q_growth_year": null,
            "roe": null,
            "roe_4q": 0,
            "gross_profit": null,
            "gross_margin": null,
            "gross_margin_4q_avg": 0,
            "net_income": null,
            "revenue": null,
            "common_shares": 25000,
            "book_valuer_per_share": 14.82,
            "book_valuer_per_share_4q_avg": 3.71,
            "equity": 37039,
            "current_ratio": 112.78,
            "debt_ratio": 79.1,
            "inventory_turnover_ratio": null,
            "account_receivable_turnover_ratio": null,
            "reinvestment_rate": null,
            "research_to_sale_ratio": null,
            "price_fair": 0,
            "eps_avg_yearly": 0,
            "eps_latest_yearly": 0,
            "eps_growth_yearly": 0
        },
        "20041": {
            "year_quarter": 20041,
            "year": 2004,
            "quarter": 1,
            "eps": null,
            "eps_growth_year": null,
            "eps_4q": null,
            "eps_4q_growth_year": null,
            "roe": null,
            "roe_4q": 0,
            "gross_profit": null,
            "gross_margin": null,
            "gross_margin_4q_avg": 0,
            "net_income": null,
            "revenue": null,
            "common_shares": null,
            "book_valuer_per_share": null,
            "book_valuer_per_share_4q_avg": 3.71,
            "equity": null,
            "current_ratio": null,
            "debt_ratio": null,
            "inventory_turnover_ratio": null,
            "account_receivable_turnover_ratio": null,
            "reinvestment_rate": null,
            "research_to_sale_ratio": null,
            "price_fair": 0,
            "eps_avg_yearly": 0,
            "eps_latest_yearly": 0,
            "eps_growth_yearly": 0
        },
        "20042": {
            "year_quarter": 20042,
            "year": 2004,
            "quarter": 2,
            "eps": null,
            "eps_growth_year": null,
            "eps_4q": null,
            "eps_4q_growth_year": null,
            "roe": null,
            "roe_4q": 0,
            "gross_profit": null,
            "gross_margin": null,
            "gross_margin_4q_avg": 0,
            "net_income": null,
            "revenue": null,
            "common_shares": null,
            "book_valuer_per_share": null,
            "book_valuer_per_share_4q_avg": 3.71,
            "equity": null,
            "current_ratio": null,
            "debt_ratio": null,
            "inventory_turnover_ratio": null,
            "account_receivable_turnover_ratio": null,
            "reinvestment_rate": null,
            "research_to_sale_ratio": null,
            "price_fair": 0,
            "eps_avg_yearly": 0,
            "eps_latest_yearly": 0,
            "eps_growth_yearly": 0
        },
        "20043": {
            "year_quarter": 20043,
            "year": 2004,
            "quarter": 3,
            "eps": null,
            "eps_growth_year": null,
            "eps_4q": null,
            "eps_4q_growth_year": null,
            "roe": null,
            "roe_4q": 0,
            "gross_profit": null,
            "gross_margin": null,
            "gross_margin_4q_avg": 0,
            "net_income": null,
            "revenue": null,
            "common_shares": null,
            "book_valuer_per_share": null,
            "book_valuer_per_share_4q_avg": 3.71,
            "equity": null,
            "current_ratio": null,
            "debt_ratio": null,
            "inventory_turnover_ratio": null,
            "account_receivable_turnover_ratio": null,
            "reinvestment_rate": null,
            "research_to_sale_ratio": null,
            "price_fair": 0,
            "eps_avg_yearly": 0,
            "eps_latest_yearly": 0,
            "eps_growth_yearly": 0
        },
        "20044": {
            "year_quarter": 20044,
            "year": 2004,
            "quarter": 4,
            "eps": null,
            "eps_growth_year": null,
            "eps_4q": null,
            "eps_4q_growth_year": null,
            "roe": null,
            "roe_4q": 0,
            "gross_profit": null,
            "gross_margin": null,
            "gross_margin_4q_avg": 0,
            "net_income": null,
            "revenue": null,
            "common_shares": 150000,
            "book_valuer_per_share": 12.3,
            "book_valuer_per_share_4q_avg": 3.08,
            "equity": 184493,
            "current_ratio": 247.81,
            "debt_ratio": 41.96,
            "inventory_turnover_ratio": null,
            "account_receivable_turnover_ratio": null,
            "reinvestment_rate": null,
            "research_to_sale_ratio": null,
            "price_fair": 0,
            "eps_avg_yearly": 0,
            "eps_latest_yearly": 0,
            "eps_growth_yearly": 0
        },
        "20051": {
            "year_quarter": 20051,
            "year": 2005,
            "quarter": 1,
            "eps": -0.32,
            "eps_growth_year": null,
            "eps_4q": null,
            "eps_4q_growth_year": null,
            "roe": -2.61,
            "roe_4q": -2.61,
            "gross_profit": 12505,
            "gross_margin": 20.52,
            "gross_margin_4q_avg": 5.13,
            "net_income": -4756,
            "revenue": 60943,
            "common_shares": 150000,
            "book_valuer_per_share": 11.98,
            "book_valuer_per_share_4q_avg": 6.07,
            "equity": 179737,
            "current_ratio": 235.82,
            "debt_ratio": 44.02,
            "inventory_turnover_ratio": 1.77,
            "account_receivable_turnover_ratio": null,
            "reinvestment_rate": null,
            "research_to_sale_ratio": null,
            "price_fair": 0,
            "eps_avg_yearly": 0,
            "eps_latest_yearly": 0,
            "eps_growth_yearly": 0
        },
        "20052": {
            "year_quarter": 20052,
            "year": 2005,
            "quarter": 2,
            "eps": 0.91,
            "eps_growth_year": null,
            "eps_4q": null,
            "eps_4q_growth_year": null,
            "roe": 7.53,
            "roe_4q": 4.92,
            "gross_profit": 25532,
            "gross_margin": 18.04,
            "gross_margin_4q_avg": 9.64,
            "net_income": 16926,
            "revenue": 141567,
            "common_shares": 250000,
            "book_valuer_per_share": 10.79,
            "book_valuer_per_share_4q_avg": 8.77,
            "equity": 269847,
            "current_ratio": 189.2,
            "debt_ratio": 44.37,
            "inventory_turnover_ratio": 2.87,
            "account_receivable_turnover_ratio": null,
            "reinvestment_rate": null,
            "research_to_sale_ratio": null,
            "price_fair": 0,
            "eps_avg_yearly": 0,
            "eps_latest_yearly": 0,
            "eps_growth_yearly": 0
        },
        "20053": {
            "year_quarter": 20053,
            "year": 2005,
            "quarter": 3,
            "eps": null,
            "eps_growth_year": null,
            "eps_4q": null,
            "eps_4q_growth_year": null,
            "roe": null,
            "roe_4q": 4.92,
            "gross_profit": null,
            "gross_margin": null,
            "gross_margin_4q_avg": 9.64,
            "net_income": null,
            "revenue": null,
            "common_shares": null,
            "book_valuer_per_share": null,
            "book_valuer_per_share_4q_avg": 8.77,
            "equity": null,
            "current_ratio": null,
            "debt_ratio": null,
            "inventory_turnover_ratio": null,
            "account_receivable_turnover_ratio": null,
            "reinvestment_rate": null,
            "research_to_sale_ratio": null,
            "price_fair": 0,
            "eps_avg_yearly": 0,
            "eps_latest_yearly": 0,
            "eps_growth_yearly": 0
        },
        "20054": {
            "year_quarter": 20054,
            "year": 2005,
            "quarter": 4,
            "eps": null,
            "eps_growth_year": null,
            "eps_4q": null,
            "eps_4q_growth_year": null,
            "roe": null,
            "roe_4q": 4.92,
            "gross_profit": null,
            "gross_margin": null,
            "gross_margin_4q_avg": 9.64,
            "net_income": null,
            "revenue": null,
            "common_shares": 250000,
            "book_valuer_per_share": 14.87,
            "book_valuer_per_share_4q_avg": 9.41,
            "equity": 421017,
            "current_ratio": 137.21,
            "debt_ratio": 60.2,
            "inventory_turnover_ratio": null,
            "account_receivable_turnover_ratio": null,
            "reinvestment_rate": null,
            "research_to_sale_ratio": null,
            "price_fair": 0,
            "eps_avg_yearly": 0,
            "eps_latest_yearly": 0,
            "eps_growth_yearly": 0
        },
        "20061": {
            "year_quarter": 20061,
            "year": 2006,
            "quarter": 1,
            "eps": 3.28,
            "eps_growth_year": null,
            "eps_4q": null,
            "eps_4q_growth_year": null,
            "roe": 18.77,
            "roe_4q": 26.3,
            "gross_profit": 61478,
            "gross_margin": 25.13,
            "gross_margin_4q_avg": 10.79,
            "net_income": 82067,
            "revenue": 244597,
            "common_shares": 250000,
            "book_valuer_per_share": 18.13,
            "book_valuer_per_share_4q_avg": 10.95,
            "equity": 453279,
            "current_ratio": 196.73,
            "debt_ratio": 34.27,
            "inventory_turnover_ratio": 2.73,
            "account_receivable_turnover_ratio": null,
            "reinvestment_rate": null,
            "research_to_sale_ratio": null,
            "price_fair": 0,
            "eps_avg_yearly": 0,
            "eps_latest_yearly": 0,
            "eps_growth_yearly": 0
        },
        "20062": {
            "year_quarter": 20062,
            "year": 2006,
            "quarter": 2,
            "eps": 3.3,
            "eps_growth_year": 262.64,
            "eps_4q": null,
            "eps_4q_growth_year": null,
            "roe": 17.19,
            "roe_4q": 35.96,
            "gross_profit": 35359,
            "gross_margin": 19.86,
            "gross_margin_4q_avg": 11.25,
            "net_income": 82455,
            "revenue": 178078,
            "common_shares": 250000,
            "book_valuer_per_share": 20.24,
            "book_valuer_per_share_4q_avg": 13.31,
            "equity": 505993,
            "current_ratio": 150.18,
            "debt_ratio": 40.4,
            "inventory_turnover_ratio": 4.76,
            "account_receivable_turnover_ratio": null,
            "reinvestment_rate": null,
            "research_to_sale_ratio": null,
            "price_fair": 164.2,
            "eps_avg_yearly": 13.2,
            "eps_latest_yearly": 13.2,
            "eps_growth_yearly": 2.44
        },
        "20063": {
            "year_quarter": 20063,
            "year": 2006,
            "quarter": 3,
            "eps": 1.93,
            "eps_growth_year": null,
            "eps_4q": null,
            "eps_4q_growth_year": null,
            "roe": 12.86,
            "roe_4q": 48.82,
            "gross_profit": 42326,
            "gross_margin": 19.51,
            "gross_margin_4q_avg": 16.13,
            "net_income": 70529,
            "revenue": 216952,
            "common_shares": 250000,
            "book_valuer_per_share": 23.65,
            "book_valuer_per_share_4q_avg": 19.22,
            "equity": 591285,
            "current_ratio": 134.98,
            "debt_ratio": 45.89,
            "inventory_turnover_ratio": 4.83,
            "account_receivable_turnover_ratio": null,
            "reinvestment_rate": null,
            "research_to_sale_ratio": null,
            "price_fair": 31.38,
            "eps_avg_yearly": 10.46,
            "eps_latest_yearly": 7.72,
            "eps_growth_yearly": -81.81
        },
        "20064": {
            "year_quarter": 20064,
            "year": 2006,
            "quarter": 4,
            "eps": 3.08,
            "eps_growth_year": null,
            "eps_4q": 10.71,
            "eps_4q_growth_year": null,
            "roe": 14.78,
            "roe_4q": 63.599999999999994,
            "gross_profit": 66361,
            "gross_margin": 28.88,
            "gross_margin_4q_avg": 23.35,
            "net_income": 94859,
            "revenue": 229793,
            "common_shares": 308100,
            "book_valuer_per_share": 22.21,
            "book_valuer_per_share_4q_avg": 21.06,
            "equity": 692079,
            "current_ratio": 160.29,
            "debt_ratio": 55.12,
            "inventory_turnover_ratio": 1.91,
            "account_receivable_turnover_ratio": null,
            "reinvestment_rate": null,
            "research_to_sale_ratio": null,
            "price_fair": 386.77,
            "eps_avg_yearly": 11.08,
            "eps_latest_yearly": 12.32,
            "eps_growth_yearly": 24.91
        },
        "20071": {
            "year_quarter": 20071,
            "year": 2007,
            "quarter": 1,
            "eps": 2.11,
            "eps_growth_year": -35.67,
            "eps_4q": 9.29,
            "eps_4q_growth_year": null,
            "roe": 7.32,
            "roe_4q": 52.150000000000006,
            "gross_profit": 58809,
            "gross_margin": 27.12,
            "gross_margin_4q_avg": 23.84,
            "net_income": 72836,
            "revenue": 216823,
            "common_shares": 350000,
            "book_valuer_per_share": 37.12,
            "book_valuer_per_share_4q_avg": 25.81,
            "equity": 1299174,
            "current_ratio": 504.66,
            "debt_ratio": 17.78,
            "inventory_turnover_ratio": 2.13,
            "account_receivable_turnover_ratio": null,
            "reinvestment_rate": null,
            "research_to_sale_ratio": null,
            "price_fair": 31.26,
            "eps_avg_yearly": 10.42,
            "eps_latest_yearly": 8.44,
            "eps_growth_yearly": -12.81
        },
        "20072": {
            "year_quarter": 20072,
            "year": 2007,
            "quarter": 2,
            "eps": 1.97,
            "eps_growth_year": -40.3,
            "eps_4q": 8.83,
            "eps_4q_growth_year": null,
            "roe": 5.6,
            "roe_4q": 40.56,
            "gross_profit": 33574,
            "gross_margin": 27.43,
            "gross_margin_4q_avg": 25.74,
            "net_income": 68442,
            "revenue": 122411,
            "common_shares": 350000,
            "book_valuer_per_share": 32.78,
            "book_valuer_per_share_4q_avg": 28.94,
            "equity": 1147331,
            "current_ratio": 235.63,
            "debt_ratio": 28.9,
            "inventory_turnover_ratio": 5.14,
            "account_receivable_turnover_ratio": null,
            "reinvestment_rate": null,
            "research_to_sale_ratio": null,
            "price_fair": 29.74,
            "eps_avg_yearly": 9.91,
            "eps_latest_yearly": 7.88,
            "eps_growth_yearly": -15.56
        },
        "20073": {
            "year_quarter": 20073,
            "year": 2007,
            "quarter": 3,
            "eps": 2.54,
            "eps_growth_year": 31.61,
            "eps_4q": 8.25,
            "eps_4q_growth_year": null,
            "roe": 8.74,
            "roe_4q": 36.44,
            "gross_profit": 32127,
            "gross_margin": 23.26,
            "gross_margin_4q_avg": 26.67,
            "net_income": 104958,
            "revenue": 138143,
            "common_shares": 415000,
            "book_valuer_per_share": 30.25,
            "book_valuer_per_share_4q_avg": 30.59,
            "equity": 1255541,
            "current_ratio": 403.26,
            "debt_ratio": 19.08,
            "inventory_turnover_ratio": 5.8,
            "account_receivable_turnover_ratio": null,
            "reinvestment_rate": null,
            "research_to_sale_ratio": null,
            "price_fair": 162.48,
            "eps_avg_yearly": 9.95,
            "eps_latest_yearly": 10.16,
            "eps_growth_yearly": 6.32
        },
        "20074": {
            "year_quarter": 20074,
            "year": 2007,
            "quarter": 4,
            "eps": 3.15,
            "eps_growth_year": 2.27,
            "eps_4q": 9.09,
            "eps_4q_growth_year": -15.12,
            "roe": 9.8,
            "roe_4q": 31.46,
            "gross_profit": 36700,
            "gross_margin": 22.12,
            "gross_margin_4q_avg": 24.98,
            "net_income": 130525,
            "revenue": 165892,
            "common_shares": 415000,
            "book_valuer_per_share": 33.83,
            "book_valuer_per_share_4q_avg": 33.5,
            "equity": 1409143,
            "current_ratio": 194.42,
            "debt_ratio": 49.17,
            "inventory_turnover_ratio": 1.18,
            "account_receivable_turnover_ratio": null,
            "reinvestment_rate": null,
            "research_to_sale_ratio": null,
            "price_fair": 301.09,
            "eps_avg_yearly": 10.33,
            "eps_latest_yearly": 12.6,
            "eps_growth_yearly": 19.14
        },
        "20081": {
            "year_quarter": 20081,
            "year": 2008,
            "quarter": 1,
            "eps": 1.86,
            "eps_growth_year": -11.85,
            "eps_4q": 9.15,
            "eps_4q_growth_year": -1.49,
            "roe": 5.41,
            "roe_4q": 29.550000000000004,
            "gross_profit": 211213,
            "gross_margin": 20.66,
            "gross_margin_4q_avg": 23.37,
            "net_income": 77474,
            "revenue": 1022421,
            "common_shares": 415000,
            "book_valuer_per_share": 34.91,
            "book_valuer_per_share_4q_avg": 32.94,
            "equity": 1454081,
            "current_ratio": 198.93,
            "debt_ratio": 49,
            "inventory_turnover_ratio": 4.4,
            "account_receivable_turnover_ratio": null,
            "reinvestment_rate": null,
            "research_to_sale_ratio": null,
            "price_fair": 29.91,
            "eps_avg_yearly": 9.97,
            "eps_latest_yearly": 7.44,
            "eps_growth_yearly": -3.73
        },
        "20082": {
            "year_quarter": 20082,
            "year": 2008,
            "quarter": 2,
            "eps": 1.72,
            "eps_growth_year": -12.69,
            "eps_4q": 9.13,
            "eps_4q_growth_year": 3.41,
            "roe": 5.3,
            "roe_4q": 29.25,
            "gross_profit": 211083,
            "gross_margin": 22.58,
            "gross_margin_4q_avg": 22.16,
            "net_income": 72417,
            "revenue": 935007,
            "common_shares": 415000,
            "book_valuer_per_share": 30.69,
            "book_valuer_per_share_4q_avg": 32.42,
            "equity": 1279997,
            "current_ratio": 161.77,
            "debt_ratio": 57.6,
            "inventory_turnover_ratio": 3.93,
            "account_receivable_turnover_ratio": null,
            "reinvestment_rate": null,
            "research_to_sale_ratio": null,
            "price_fair": 28.88,
            "eps_avg_yearly": 9.63,
            "eps_latest_yearly": 6.88,
            "eps_growth_yearly": -6.66
        },
        "20083": {
            "year_quarter": 20083,
            "year": 2008,
            "quarter": 3,
            "eps": 1.8,
            "eps_growth_year": -29.13,
            "eps_4q": 8.1,
            "eps_4q_growth_year": -1.89,
            "roe": 5.84,
            "roe_4q": 26.35,
            "gross_profit": 206892,
            "gross_margin": 25.18,
            "gross_margin_4q_avg": 22.64,
            "net_income": 79942,
            "revenue": 821628,
            "common_shares": 450565,
            "book_valuer_per_share": 32.2,
            "book_valuer_per_share_4q_avg": 32.91,
            "equity": 1456541,
            "current_ratio": 197.93,
            "debt_ratio": 48.22,
            "inventory_turnover_ratio": 2.72,
            "account_receivable_turnover_ratio": null,
            "reinvestment_rate": null,
            "research_to_sale_ratio": null,
            "price_fair": 28.15,
            "eps_avg_yearly": 9.38,
            "eps_latest_yearly": 7.2,
            "eps_growth_yearly": -4.13
        },
        "20084": {
            "year_quarter": 20084,
            "year": 2008,
            "quarter": 4,
            "eps": 1.19,
            "eps_growth_year": -62.22,
            "eps_4q": 3.67,
            "eps_4q_growth_year": -59.61,
            "roe": 4.37,
            "roe_4q": 20.92,
            "gross_profit": 228235,
            "gross_margin": 18.18,
            "gross_margin_4q_avg": 21.65,
            "net_income": 109785,
            "revenue": 1255163,
            "common_shares": 1351685,
            "book_valuer_per_share": 26.3,
            "book_valuer_per_share_4q_avg": 31.03,
            "equity": 3563060,
            "current_ratio": 266.68,
            "debt_ratio": 37.62,
            "inventory_turnover_ratio": 3.35,
            "account_receivable_turnover_ratio": 1.03,
            "reinvestment_rate": null,
            "research_to_sale_ratio": null,
            "price_fair": 26.89,
            "eps_avg_yearly": 8.96,
            "eps_latest_yearly": 4.76,
            "eps_growth_yearly": -16.08
        },
        "20091": {
            "year_quarter": 20091,
            "year": 2009,
            "quarter": 1,
            "eps": 1.21,
            "eps_growth_year": -34.95,
            "eps_4q": 3.1,
            "eps_4q_growth_year": -66.18,
            "roe": 4.5,
            "roe_4q": 20.01,
            "gross_profit": 393701,
            "gross_margin": 27.34,
            "gross_margin_4q_avg": 23.32,
            "net_income": 166401,
            "revenue": 1439793,
            "common_shares": 1351685,
            "book_valuer_per_share": 28.31,
            "book_valuer_per_share_4q_avg": 29.38,
            "equity": 3838133,
            "current_ratio": 304.12,
            "debt_ratio": 34.47,
            "inventory_turnover_ratio": 2.98,
            "account_receivable_turnover_ratio": 0.64,
            "reinvestment_rate": null,
            "research_to_sale_ratio": null,
            "price_fair": 25.86,
            "eps_avg_yearly": 8.62,
            "eps_latest_yearly": 4.84,
            "eps_growth_yearly": -14.18
        },
        "20092": {
            "year_quarter": 20092,
            "year": 2009,
            "quarter": 2,
            "eps": 1.46,
            "eps_growth_year": -15.12,
            "eps_4q": 4.03,
            "eps_4q_growth_year": -55.8,
            "roe": 5.43,
            "roe_4q": 20.14,
            "gross_profit": 413070,
            "gross_margin": 29.13,
            "gross_margin_4q_avg": 24.96,
            "net_income": 199486,
            "revenue": 1418126,
            "common_shares": 1351685,
            "book_valuer_per_share": 25.9,
            "book_valuer_per_share_4q_avg": 28.18,
            "equity": 3513732,
            "current_ratio": 234.29,
            "debt_ratio": 41.36,
            "inventory_turnover_ratio": 3.19,
            "account_receivable_turnover_ratio": 0.69,
            "reinvestment_rate": null,
            "research_to_sale_ratio": null,
            "price_fair": 25.22,
            "eps_avg_yearly": 8.41,
            "eps_latest_yearly": 5.84,
            "eps_growth_yearly": -6.73
        },
        "20093": {
            "year_quarter": 20093,
            "year": 2009,
            "quarter": 3,
            "eps": 1.76,
            "eps_growth_year": -2.22,
            "eps_4q": 5.22,
            "eps_4q_growth_year": -35.59,
            "roe": 6.65,
            "roe_4q": 20.95,
            "gross_profit": 507207,
            "gross_margin": 31.52,
            "gross_margin_4q_avg": 26.54,
            "net_income": 239239,
            "revenue": 1609078,
            "common_shares": 1353755,
            "book_valuer_per_share": 27.09,
            "book_valuer_per_share_4q_avg": 26.9,
            "equity": 3681989,
            "current_ratio": 261.87,
            "debt_ratio": 38.43,
            "inventory_turnover_ratio": 3.51,
            "account_receivable_turnover_ratio": 0.75,
            "reinvestment_rate": null,
            "research_to_sale_ratio": null,
            "price_fair": 24.93,
            "eps_avg_yearly": 8.31,
            "eps_latest_yearly": 7.04,
            "eps_growth_yearly": -0.38
        },
        "20094": {
            "year_quarter": 20094,
            "year": 2009,
            "quarter": 4,
            "eps": 1.26,
            "eps_growth_year": 5.88,
            "eps_4q": 5.68,
            "eps_4q_growth_year": 54.79,
            "roe": 4.58,
            "roe_4q": 21.16,
            "gross_profit": 413229,
            "gross_margin": 28.06,
            "gross_margin_4q_avg": 29.01,
            "net_income": 172153,
            "revenue": 1472921,
            "common_shares": 1353755,
            "book_valuer_per_share": 28.18,
            "book_valuer_per_share_4q_avg": 27.37,
            "equity": 3831738,
            "current_ratio": 282.2,
            "debt_ratio": 36.88,
            "inventory_turnover_ratio": 3.34,
            "account_receivable_turnover_ratio": 1.29,
            "reinvestment_rate": 241,
            "research_to_sale_ratio": null,
            "price_fair": 24.27,
            "eps_avg_yearly": 8.09,
            "eps_latest_yearly": 5.04,
            "eps_growth_yearly": -7.93
        },
        "20101": {
            "year_quarter": 20101,
            "year": 2010,
            "quarter": 1,
            "eps": 1.22,
            "eps_growth_year": 0.83,
            "eps_4q": 5.67,
            "eps_4q_growth_year": 83.19,
            "roe": 4.29,
            "roe_4q": 20.950000000000003,
            "gross_profit": 405447,
            "gross_margin": 29.22,
            "gross_margin_4q_avg": 29.48,
            "net_income": 168415,
            "revenue": 1387740,
            "common_shares": 1358455,
            "book_valuer_per_share": 29.34,
            "book_valuer_per_share_4q_avg": 27.63,
            "equity": 4024245,
            "current_ratio": 290.74,
            "debt_ratio": 35.75,
            "inventory_turnover_ratio": 2.86,
            "account_receivable_turnover_ratio": 0.61,
            "reinvestment_rate": 242.09,
            "research_to_sale_ratio": 1.34,
            "price_fair": 23.67,
            "eps_avg_yearly": 7.89,
            "eps_latest_yearly": 4.88,
            "eps_growth_yearly": -8.23
        },
        "20102": {
            "year_quarter": 20102,
            "year": 2010,
            "quarter": 2,
            "eps": 1.37,
            "eps_growth_year": -6.17,
            "eps_4q": 5.59,
            "eps_4q_growth_year": 38.49,
            "roe": 5.07,
            "roe_4q": 20.59,
            "gross_profit": 423877,
            "gross_margin": 24.49,
            "gross_margin_4q_avg": 28.32,
            "net_income": 192346,
            "revenue": 1730795,
            "common_shares": 1358455,
            "book_valuer_per_share": 25.91,
            "book_valuer_per_share_4q_avg": 27.63,
            "equity": 3565426,
            "current_ratio": 183.54,
            "debt_ratio": 51.22,
            "inventory_turnover_ratio": 2.87,
            "account_receivable_turnover_ratio": 0.69,
            "reinvestment_rate": 30.22,
            "research_to_sale_ratio": 1.42,
            "price_fair": 22.22,
            "eps_avg_yearly": 7.41,
            "eps_latest_yearly": 5.48,
            "eps_growth_yearly": -5.31
        },
        "20103": {
            "year_quarter": 20103,
            "year": 2010,
            "quarter": 3,
            "eps": 0.69,
            "eps_growth_year": -60.71,
            "eps_4q": 4.52,
            "eps_4q_growth_year": -13.34,
            "roe": 2.68,
            "roe_4q": 16.619999999999997,
            "gross_profit": 370655,
            "gross_margin": 20.48,
            "gross_margin_4q_avg": 25.56,
            "net_income": 97369,
            "revenue": 1810060,
            "common_shares": 1360408,
            "book_valuer_per_share": 26.92,
            "book_valuer_per_share_4q_avg": 27.59,
            "equity": 3706831,
            "current_ratio": 203.97,
            "debt_ratio": 45.2,
            "inventory_turnover_ratio": 2.86,
            "account_receivable_turnover_ratio": 0.65,
            "reinvestment_rate": 36.63,
            "research_to_sale_ratio": 1.12,
            "price_fair": 21.29,
            "eps_avg_yearly": 7.1,
            "eps_latest_yearly": 2.76,
            "eps_growth_yearly": -7.34
        },
        "20104": {
            "year_quarter": 20104,
            "year": 2010,
            "quarter": 4,
            "eps": 0.57,
            "eps_growth_year": -54.43,
            "eps_4q": 3.85,
            "eps_4q_growth_year": -32.35,
            "roe": 2.05,
            "roe_4q": 14.09,
            "gross_profit": 321759,
            "gross_margin": 18.61,
            "gross_margin_4q_avg": 23.2,
            "net_income": 74227,
            "revenue": 1728906,
            "common_shares": 1360408,
            "book_valuer_per_share": 25.71,
            "book_valuer_per_share_4q_avg": 26.97,
            "equity": 3538068,
            "current_ratio": 205.13,
            "debt_ratio": 44.95,
            "inventory_turnover_ratio": 2.96,
            "account_receivable_turnover_ratio": 0.64,
            "reinvestment_rate": 22.81,
            "research_to_sale_ratio": 1.14,
            "price_fair": 19.41,
            "eps_avg_yearly": 6.47,
            "eps_latest_yearly": 2.28,
            "eps_growth_yearly": -26.58
        },
        "20111": {
            "year_quarter": 20111,
            "year": 2011,
            "quarter": 1,
            "eps": 0.9,
            "eps_growth_year": -26.23,
            "eps_4q": 3.54,
            "eps_4q_growth_year": -37.64,
            "roe": 3.43,
            "roe_4q": 13.23,
            "gross_profit": 410257,
            "gross_margin": 21.07,
            "gross_margin_4q_avg": 21.16,
            "net_income": 125767,
            "revenue": 1946859,
            "common_shares": 1360408,
            "book_valuer_per_share": 27.56,
            "book_valuer_per_share_4q_avg": 26.53,
            "equity": 3793065,
            "current_ratio": 222.26,
            "debt_ratio": 49.67,
            "inventory_turnover_ratio": 2.94,
            "account_receivable_turnover_ratio": 0.67,
            "reinvestment_rate": 35.93,
            "research_to_sale_ratio": 1.11,
            "price_fair": 18.5,
            "eps_avg_yearly": 6.17,
            "eps_latest_yearly": 3.6,
            "eps_growth_yearly": -4.23
        },
        "20112": {
            "year_quarter": 20112,
            "year": 2011,
            "quarter": 2,
            "eps": 0.84,
            "eps_growth_year": -38.57,
            "eps_4q": 3,
            "eps_4q_growth_year": -46.32,
            "roe": 3.37,
            "roe_4q": 11.530000000000001,
            "gross_profit": 423176,
            "gross_margin": 20.48,
            "gross_margin_4q_avg": 20.16,
            "net_income": 121529,
            "revenue": 2065819,
            "common_shares": 1360408,
            "book_valuer_per_share": 24.7,
            "book_valuer_per_share_4q_avg": 26.22,
            "equity": 3410856,
            "current_ratio": 196.23,
            "debt_ratio": 54.57,
            "inventory_turnover_ratio": 2.93,
            "account_receivable_turnover_ratio": 0.62,
            "reinvestment_rate": 34.47,
            "research_to_sale_ratio": 0.96,
            "price_fair": 17.66,
            "eps_avg_yearly": 5.89,
            "eps_latest_yearly": 3.36,
            "eps_growth_yearly": -4.24
        },
        "20113": {
            "year_quarter": 20113,
            "year": 2011,
            "quarter": 3,
            "eps": 0.94,
            "eps_growth_year": 35.51,
            "eps_4q": 3.25,
            "eps_4q_growth_year": -28.15,
            "roe": 3.77,
            "roe_4q": 12.620000000000001,
            "gross_profit": 457396,
            "gross_margin": 20.45,
            "gross_margin_4q_avg": 20.15,
            "net_income": 136986,
            "revenue": 2236544,
            "common_shares": 1366384,
            "book_valuer_per_share": 27.83,
            "book_valuer_per_share_4q_avg": 26.45,
            "equity": 3853998,
            "current_ratio": 206.76,
            "debt_ratio": 51.75,
            "inventory_turnover_ratio": 3.06,
            "account_receivable_turnover_ratio": 0.63,
            "reinvestment_rate": 36.41,
            "research_to_sale_ratio": 0.95,
            "price_fair": 16.46,
            "eps_avg_yearly": 5.49,
            "eps_latest_yearly": 3.76,
            "eps_growth_yearly": -8.5
        },
        "20114": {
            "year_quarter": 20114,
            "year": 2011,
            "quarter": 4,
            "eps": 1.02,
            "eps_growth_year": 77.99,
            "eps_4q": 3.7,
            "eps_4q_growth_year": -3.81,
            "roe": 3.73,
            "roe_4q": 14.3,
            "gross_profit": 428511,
            "gross_margin": 19.49,
            "gross_margin_4q_avg": 20.37,
            "net_income": 146474,
            "revenue": 2198805,
            "common_shares": 1366384,
            "book_valuer_per_share": 28.87,
            "book_valuer_per_share_4q_avg": 27.24,
            "equity": 4002712,
            "current_ratio": 225.75,
            "debt_ratio": 48.54,
            "inventory_turnover_ratio": 2.86,
            "account_receivable_turnover_ratio": 0.6,
            "reinvestment_rate": 20.72,
            "research_to_sale_ratio": 0.97,
            "price_fair": 14.86,
            "eps_avg_yearly": 4.95,
            "eps_latest_yearly": 4.08,
            "eps_growth_yearly": -12.37
        },
        "20121": {
            "year_quarter": 20121,
            "year": 2012,
            "quarter": 1,
            "eps": 1.38,
            "eps_growth_year": 53.33,
            "eps_4q": 4.18,
            "eps_4q_growth_year": 18.19,
            "roe": 4.74,
            "roe_4q": 15.61,
            "gross_profit": 465371,
            "gross_margin": 22.18,
            "gross_margin_4q_avg": 20.65,
            "net_income": 191351,
            "revenue": 2098262,
            "common_shares": 1366384,
            "book_valuer_per_share": 29.39,
            "book_valuer_per_share_4q_avg": 27.7,
            "equity": 4076886,
            "current_ratio": 233.93,
            "debt_ratio": 47.52,
            "inventory_turnover_ratio": 2.57,
            "account_receivable_turnover_ratio": 0.62,
            "reinvestment_rate": 18.74,
            "research_to_sale_ratio": 1.01,
            "price_fair": 80.64,
            "eps_avg_yearly": 4.83,
            "eps_latest_yearly": 5.52,
            "eps_growth_yearly": 6.69
        },
        "20122": {
            "year_quarter": 20122,
            "year": 2012,
            "quarter": 2,
            "eps": 1.35,
            "eps_growth_year": 60.53,
            "eps_4q": 4.69,
            "eps_4q_growth_year": 56.28,
            "roe": 4.75,
            "roe_4q": 16.990000000000002,
            "gross_profit": 496102,
            "gross_margin": 23.08,
            "gross_margin_4q_avg": 21.3,
            "net_income": 187799,
            "revenue": 2149686,
            "common_shares": 1366384,
            "book_valuer_per_share": 28.03,
            "book_valuer_per_share_4q_avg": 28.53,
            "equity": 3830338,
            "current_ratio": 221.27,
            "debt_ratio": 49.33,
            "inventory_turnover_ratio": 2.81,
            "account_receivable_turnover_ratio": 0.66,
            "reinvestment_rate": 16.14,
            "research_to_sale_ratio": 1.25,
            "price_fair": 85.44,
            "eps_avg_yearly": 4.74,
            "eps_latest_yearly": 5.4,
            "eps_growth_yearly": 8.03
        },
        "20123": {
            "year_quarter": 20123,
            "year": 2012,
            "quarter": 3,
            "eps": 1.52,
            "eps_growth_year": 61.71,
            "eps_4q": 5.23,
            "eps_4q_growth_year": 61.14,
            "roe": 5.34,
            "roe_4q": 18.56,
            "gross_profit": 535351,
            "gross_margin": 24.29,
            "gross_margin_4q_avg": 22.26,
            "net_income": 208848,
            "revenue": 2204070,
            "common_shares": 1366384,
            "book_valuer_per_share": 29.16,
            "book_valuer_per_share_4q_avg": 28.86,
            "equity": 3984792,
            "current_ratio": 255.01,
            "debt_ratio": 44.09,
            "inventory_turnover_ratio": 3.11,
            "account_receivable_turnover_ratio": 0.66,
            "reinvestment_rate": 12.64,
            "research_to_sale_ratio": 1.29,
            "price_fair": 93.45,
            "eps_avg_yearly": 4.67,
            "eps_latest_yearly": 6.08,
            "eps_growth_yearly": 10.01
        },
        "20124": {
            "year_quarter": 20124,
            "year": 2012,
            "quarter": 4,
            "eps": 1.02,
            "eps_growth_year": 0,
            "eps_4q": 5.11,
            "eps_4q_growth_year": 38.2,
            "roe": 3.51,
            "roe_4q": 18.34,
            "gross_profit": 462363,
            "gross_margin": 23.47,
            "gross_margin_4q_avg": 23.26,
            "net_income": 145369,
            "revenue": 1970319,
            "common_shares": 1378158,
            "book_valuer_per_share": 31.15,
            "book_valuer_per_share_4q_avg": 29.43,
            "equity": 4293376,
            "current_ratio": 262.86,
            "debt_ratio": 40.93,
            "inventory_turnover_ratio": 2.77,
            "account_receivable_turnover_ratio": 0.58,
            "reinvestment_rate": 8.99,
            "research_to_sale_ratio": 1.29,
            "price_fair": 93.75,
            "eps_avg_yearly": 4.63,
            "eps_latest_yearly": 4.08,
            "eps_growth_yearly": 10.26
        },
        "20131": {
            "year_quarter": 20131,
            "year": 2013,
            "quarter": 1,
            "eps": 0.91,
            "eps_growth_year": -34.06,
            "eps_4q": 4.56,
            "eps_4q_growth_year": 9.06,
            "roe": 2.89,
            "roe_4q": 16.490000000000002,
            "gross_profit": 440995,
            "gross_margin": 22.55,
            "gross_margin_4q_avg": 23.35,
            "net_income": 130527,
            "revenue": 1955547,
            "common_shares": 1422512,
            "book_valuer_per_share": 33.37,
            "book_valuer_per_share_4q_avg": 30.43,
            "equity": 4746921,
            "current_ratio": 251.1,
            "debt_ratio": 38.1,
            "inventory_turnover_ratio": 2.62,
            "account_receivable_turnover_ratio": 0.58,
            "reinvestment_rate": 12.17,
            "research_to_sale_ratio": 1.25,
            "price_fair": 78.04,
            "eps_avg_yearly": 4.55,
            "eps_latest_yearly": 3.64,
            "eps_growth_yearly": 7.14
        },
        "20132": {
            "year_quarter": 20132,
            "year": 2013,
            "quarter": 2,
            "eps": 1.08,
            "eps_growth_year": -20.06,
            "eps_4q": 4.35,
            "eps_4q_growth_year": -7.13,
            "roe": 3.51,
            "roe_4q": 15.25,
            "gross_profit": 514258,
            "gross_margin": 21.29,
            "gross_margin_4q_avg": 22.9,
            "net_income": 162198,
            "revenue": 2415307,
            "common_shares": 1468732,
            "book_valuer_per_share": 30.53,
            "book_valuer_per_share_4q_avg": 31.05,
            "equity": 4483694,
            "current_ratio": 213.73,
            "debt_ratio": 44.09,
            "inventory_turnover_ratio": 3.09,
            "account_receivable_turnover_ratio": 0.72,
            "reinvestment_rate": 13.95,
            "research_to_sale_ratio": 1.05,
            "price_fair": 74.21,
            "eps_avg_yearly": 4.46,
            "eps_latest_yearly": 4.32,
            "eps_growth_yearly": 6.65
        },
        "20133": {
            "year_quarter": 20133,
            "year": 2013,
            "quarter": 3,
            "eps": 1.41,
            "eps_growth_year": -6.96,
            "eps_4q": 4.32,
            "eps_4q_growth_year": -17.41,
            "roe": 4.57,
            "roe_4q": 14.48,
            "gross_profit": 554740,
            "gross_margin": 21.96,
            "gross_margin_4q_avg": 22.32,
            "net_income": 209736,
            "revenue": 2526616,
            "common_shares": 1485921,
            "book_valuer_per_share": 31.58,
            "book_valuer_per_share_4q_avg": 31.66,
            "equity": 4692332,
            "current_ratio": 216.1,
            "debt_ratio": 43.13,
            "inventory_turnover_ratio": 3.32,
            "account_receivable_turnover_ratio": 0.71,
            "reinvestment_rate": 14.14,
            "research_to_sale_ratio": 1.07,
            "price_fair": 83.68,
            "eps_avg_yearly": 4.37,
            "eps_latest_yearly": 5.64,
            "eps_growth_yearly": 9.15
        },
        "20134": {
            "year_quarter": 20134,
            "year": 2013,
            "quarter": 4,
            "eps": 1.02,
            "eps_growth_year": -0.45,
            "eps_4q": 4.37,
            "eps_4q_growth_year": -14.5,
            "roe": 3.17,
            "roe_4q": 14.14,
            "gross_profit": 489530,
            "gross_margin": 22.52,
            "gross_margin_4q_avg": 22.08,
            "net_income": 152454,
            "revenue": 2174043,
            "common_shares": 1498564,
            "book_valuer_per_share": 32.84,
            "book_valuer_per_share_4q_avg": 32.08,
            "equity": 4921368,
            "current_ratio": 234.09,
            "debt_ratio": 40.16,
            "inventory_turnover_ratio": 2.92,
            "account_receivable_turnover_ratio": 0.57,
            "reinvestment_rate": -153.65,
            "research_to_sale_ratio": 1.09,
            "price_fair": 83.34,
            "eps_avg_yearly": 4.31,
            "eps_latest_yearly": 4.08,
            "eps_growth_yearly": 9.34
        },
        "20141": {
            "year_quarter": 20141,
            "year": 2014,
            "quarter": 1,
            "eps": 0.84,
            "eps_growth_year": -7.69,
            "eps_4q": 4.34,
            "eps_4q_growth_year": -4.77,
            "roe": 2.51,
            "roe_4q": 13.76,
            "gross_profit": 418180,
            "gross_margin": 21.12,
            "gross_margin_4q_avg": 21.72,
            "net_income": 125972,
            "revenue": 1980348,
            "common_shares": 1498564,
            "book_valuer_per_share": 34.19,
            "book_valuer_per_share_4q_avg": 32.29,
            "equity": 5122901,
            "current_ratio": 249.42,
            "debt_ratio": 38.09,
            "inventory_turnover_ratio": 2.7,
            "account_receivable_turnover_ratio": 0.53,
            "reinvestment_rate": -156.9,
            "research_to_sale_ratio": 1.08,
            "price_fair": 66.26,
            "eps_avg_yearly": 4.22,
            "eps_latest_yearly": 3.36,
            "eps_growth_yearly": 5.72
        },
        "20142": {
            "year_quarter": 20142,
            "year": 2014,
            "quarter": 2,
            "eps": 1.58,
            "eps_growth_year": 46.3,
            "eps_4q": 4.84,
            "eps_4q_growth_year": 11.22,
            "roe": 4.82,
            "roe_4q": 15.07,
            "gross_profit": 602453,
            "gross_margin": 22.65,
            "gross_margin_4q_avg": 22.06,
            "net_income": 237463,
            "revenue": 2659881,
            "common_shares": 1498564,
            "book_valuer_per_share": 31.55,
            "book_valuer_per_share_4q_avg": 32.54,
            "equity": 4727386,
            "current_ratio": 204.21,
            "debt_ratio": 46.23,
            "inventory_turnover_ratio": 3.63,
            "account_receivable_turnover_ratio": 0.7,
            "reinvestment_rate": 8.22,
            "research_to_sale_ratio": 0.94,
            "price_fair": 147.95,
            "eps_avg_yearly": 4.27,
            "eps_latest_yearly": 6.32,
            "eps_growth_yearly": 24.67
        },
        "20143": {
            "year_quarter": 20143,
            "year": 2014,
            "quarter": 3,
            "eps": 1.6,
            "eps_growth_year": 13.48,
            "eps_4q": 5.04,
            "eps_4q_growth_year": 16.66,
            "roe": 4.9,
            "roe_4q": 15.4,
            "gross_profit": 630890,
            "gross_margin": 22.82,
            "gross_margin_4q_avg": 22.28,
            "net_income": 239879,
            "revenue": 2764711,
            "common_shares": 1498564,
            "book_valuer_per_share": 33.78,
            "book_valuer_per_share_4q_avg": 33.09,
            "equity": 5062173,
            "current_ratio": 207.4,
            "debt_ratio": 45.22,
            "inventory_turnover_ratio": 3.64,
            "account_receivable_turnover_ratio": 0.67,
            "reinvestment_rate": 2.13,
            "research_to_sale_ratio": 1.05,
            "price_fair": 157.33,
            "eps_avg_yearly": 4.5,
            "eps_latest_yearly": 6.4,
            "eps_growth_yearly": 37.39
        },
        "20144": {
            "year_quarter": 20144,
            "year": 2014,
            "quarter": 4,
            "eps": 1.69,
            "eps_growth_year": 65.65,
            "eps_4q": 5.71,
            "eps_4q_growth_year": 30.68,
            "roe": 4.75,
            "roe_4q": 16.98,
            "gross_profit": 646525,
            "gross_margin": 24.33,
            "gross_margin_4q_avg": 22.73,
            "net_income": 252545,
            "revenue": 2657626,
            "common_shares": 1498564,
            "book_valuer_per_share": 37.13,
            "book_valuer_per_share_4q_avg": 34.16,
            "equity": 5563997,
            "current_ratio": 215.58,
            "debt_ratio": 43.64,
            "inventory_turnover_ratio": 3.23,
            "account_receivable_turnover_ratio": 0.61,
            "reinvestment_rate": 3.97,
            "research_to_sale_ratio": 1.17,
            "price_fair": 167.13,
            "eps_avg_yearly": 4.78,
            "eps_latest_yearly": 6.76,
            "eps_growth_yearly": 43.15
        },
        "20151": {
            "year_quarter": 20151,
            "year": 2015,
            "quarter": 1,
            "eps": 1.06,
            "eps_growth_year": 26.19,
            "eps_4q": 5.93,
            "eps_4q_growth_year": 36.67,
            "roe": 2.83,
            "roe_4q": 17.3,
            "gross_profit": 488382,
            "gross_margin": 22.6,
            "gross_margin_4q_avg": 23.1,
            "net_income": 158984,
            "revenue": 2161047,
            "common_shares": 1498564,
            "book_valuer_per_share": 37.78,
            "book_valuer_per_share_4q_avg": 35.06,
            "equity": 5661246,
            "current_ratio": 296.61,
            "debt_ratio": 40.9,
            "inventory_turnover_ratio": 2.49,
            "account_receivable_turnover_ratio": 0.52,
            "reinvestment_rate": 2.47,
            "research_to_sale_ratio": 1.32,
            "price_fair": 141.35,
            "eps_avg_yearly": 4.82,
            "eps_latest_yearly": 4.24,
            "eps_growth_yearly": 19.36
        },
        "20152": {
            "year_quarter": 20152,
            "year": 2015,
            "quarter": 2,
            "eps": 1.16,
            "eps_growth_year": -26.58,
            "eps_4q": 5.51,
            "eps_4q_growth_year": 13.69,
            "roe": 3.23,
            "roe_4q": 15.71,
            "gross_profit": 501852,
            "gross_margin": 21.34,
            "gross_margin_4q_avg": 22.77,
            "net_income": 173581,
            "revenue": 2351950,
            "common_shares": 1498564,
            "book_valuer_per_share": 34.04,
            "book_valuer_per_share_4q_avg": 35.68,
            "equity": 5101360,
            "current_ratio": 244.57,
            "debt_ratio": 47.17,
            "inventory_turnover_ratio": 2.76,
            "account_receivable_turnover_ratio": 0.62,
            "reinvestment_rate": 2.55,
            "research_to_sale_ratio": 1.17,
            "price_fair": 163.4,
            "eps_avg_yearly": 4.9,
            "eps_latest_yearly": 4.64,
            "eps_growth_yearly": 23.38
        },
        "20153": {
            "year_quarter": 20153,
            "year": 2015,
            "quarter": 3,
            "eps": 1.84,
            "eps_growth_year": 15,
            "eps_4q": 5.75,
            "eps_4q_growth_year": 13.94,
            "roe": 5.19,
            "roe_4q": 16,
            "gross_profit": 601134,
            "gross_margin": 22.83,
            "gross_margin_4q_avg": 22.78,
            "net_income": 276024,
            "revenue": 2632722,
            "common_shares": 1498564,
            "book_valuer_per_share": 36.94,
            "book_valuer_per_share_4q_avg": 36.47,
            "equity": 5536151,
            "current_ratio": 281.76,
            "debt_ratio": 42.07,
            "inventory_turnover_ratio": 3.18,
            "account_receivable_turnover_ratio": 0.65,
            "reinvestment_rate": 0.19,
            "research_to_sale_ratio": 1.21,
            "price_fair": 179.2,
            "eps_avg_yearly": 5.12,
            "eps_latest_yearly": 7.36,
            "eps_growth_yearly": 35.06
        },
        "20154": {
            "year_quarter": 20154,
            "year": 2015,
            "quarter": 4,
            "eps": 1.22,
            "eps_growth_year": -27.87,
            "eps_4q": 5.28,
            "eps_4q_growth_year": -7.61,
            "roe": 3.27,
            "roe_4q": 14.520000000000001,
            "gross_profit": 533975,
            "gross_margin": 23.01,
            "gross_margin_4q_avg": 22.45,
            "net_income": 182149,
            "revenue": 2320614,
            "common_shares": 1498564,
            "book_valuer_per_share": 37.41,
            "book_valuer_per_share_4q_avg": 36.54,
            "equity": 5605519,
            "current_ratio": 306.8,
            "debt_ratio": 40.03,
            "inventory_turnover_ratio": 2.93,
            "account_receivable_turnover_ratio": 0.55,
            "reinvestment_rate": -0.44,
            "research_to_sale_ratio": 1.45,
            "price_fair": 178.4,
            "eps_avg_yearly": 5.17,
            "eps_latest_yearly": 4.88,
            "eps_growth_yearly": 24.51
        },
        "20161": {
            "year_quarter": 20161,
            "year": 2016,
            "quarter": 1,
            "eps": 1.02,
            "eps_growth_year": -3.77,
            "eps_4q": 5.24,
            "eps_4q_growth_year": -11.74,
            "roe": 2.71,
            "roe_4q": 14.400000000000002,
            "gross_profit": 504398,
            "gross_margin": 24.64,
            "gross_margin_4q_avg": 22.96,
            "net_income": 152747,
            "revenue": 2047307,
            "common_shares": 1498564,
            "book_valuer_per_share": 37.86,
            "book_valuer_per_share_4q_avg": 36.56,
            "equity": 5672997,
            "current_ratio": 320.42,
            "debt_ratio": 38.82,
            "inventory_turnover_ratio": 2.74,
            "account_receivable_turnover_ratio": 0.55,
            "reinvestment_rate": -0.49,
            "research_to_sale_ratio": 1.37,
            "price_fair": 109.66,
            "eps_avg_yearly": 5.08,
            "eps_latest_yearly": 4.08,
            "eps_growth_yearly": 11.59
        },
        "20162": {
            "year_quarter": 20162,
            "year": 2016,
            "quarter": 2,
            "eps": 1.36,
            "eps_growth_year": 17.24,
            "eps_4q": 5.44,
            "eps_4q_growth_year": -1.18,
            "roe": 3.8,
            "roe_4q": 14.969999999999999,
            "gross_profit": 488129,
            "gross_margin": 21.11,
            "gross_margin_4q_avg": 22.9,
            "net_income": 204349,
            "revenue": 2312193,
            "common_shares": 1498564,
            "book_valuer_per_share": 33.97,
            "book_valuer_per_share_4q_avg": 36.55,
            "equity": 5090119,
            "current_ratio": 254.19,
            "debt_ratio": 45.73,
            "inventory_turnover_ratio": 3.26,
            "account_receivable_turnover_ratio": 0.67,
            "reinvestment_rate": -2.23,
            "research_to_sale_ratio": 1.27,
            "price_fair": 154.83,
            "eps_avg_yearly": 5.08,
            "eps_latest_yearly": 5.44,
            "eps_growth_yearly": 20.46
        },
        "20163": {
            "year_quarter": 20163,
            "year": 2016,
            "quarter": 3,
            "eps": 2,
            "eps_growth_year": 8.7,
            "eps_4q": 5.6,
            "eps_4q_growth_year": -2.57,
            "roe": 5.84,
            "roe_4q": 15.620000000000001,
            "gross_profit": 626000,
            "gross_margin": 24.37,
            "gross_margin_4q_avg": 23.28,
            "net_income": 299764,
            "revenue": 2568518,
            "common_shares": 1498564,
            "book_valuer_per_share": 34.53,
            "book_valuer_per_share_4q_avg": 35.94,
            "equity": 5174890,
            "current_ratio": 289.31,
            "debt_ratio": 42.41,
            "inventory_turnover_ratio": 3.45,
            "account_receivable_turnover_ratio": 0.72,
            "reinvestment_rate": -1.89,
            "research_to_sale_ratio": 1.26,
            "price_fair": 182.09,
            "eps_avg_yearly": 5.2,
            "eps_latest_yearly": 8,
            "eps_growth_yearly": 29.08
        },
        "20164": {
            "year_quarter": 20164,
            "year": 2016,
            "quarter": 4,
            "eps": 1.65,
            "eps_growth_year": 35.38,
            "eps_4q": 5.93,
            "eps_4q_growth_year": 12.35,
            "roe": 4.69,
            "roe_4q": 17.040000000000003,
            "gross_profit": 554253,
            "gross_margin": 25.07,
            "gross_margin_4q_avg": 23.8,
            "net_income": 252403,
            "revenue": 2210467,
            "common_shares": 1498564,
            "book_valuer_per_share": 37.24,
            "book_valuer_per_share_4q_avg": 35.9,
            "equity": 5580661,
            "current_ratio": 312.67,
            "debt_ratio": 38.39,
            "inventory_turnover_ratio": 2.95,
            "account_receivable_turnover_ratio": 0.62,
            "reinvestment_rate": -1.46,
            "research_to_sale_ratio": 1.58,
            "price_fair": 187.6,
            "eps_avg_yearly": 5.36,
            "eps_latest_yearly": 6.6,
            "eps_growth_yearly": 32.93
        },
        "20171": {
            "year_quarter": 20171,
            "year": 2017,
            "quarter": 1,
            "eps": 1.35,
            "eps_growth_year": 32.35,
            "eps_4q": 6.1,
            "eps_4q_growth_year": 16.51,
            "roe": 3.72,
            "roe_4q": 18.05,
            "gross_profit": 490441,
            "gross_margin": 23.88,
            "gross_margin_4q_avg": 23.61,
            "net_income": 210340,
            "revenue": 2053905,
            "common_shares": 1533814,
            "book_valuer_per_share": 36.14,
            "book_valuer_per_share_4q_avg": 35.47,
            "equity": 5728476,
            "current_ratio": 288.94,
            "debt_ratio": 34.4,
            "inventory_turnover_ratio": 2.82,
            "account_receivable_turnover_ratio": 0.63,
            "reinvestment_rate": -4.9,
            "research_to_sale_ratio": 1.58,
            "price_fair": 191.45,
            "eps_avg_yearly": 5.47,
            "eps_latest_yearly": 5.4,
            "eps_growth_yearly": 31.08
        },
        "20172": {
            "year_quarter": 20172,
            "year": 2017,
            "quarter": 2,
            "eps": 1.66,
            "eps_growth_year": 22.06,
            "eps_4q": 6.36,
            "eps_4q_growth_year": 16.95,
            "roe": 4.78,
            "roe_4q": 19.03,
            "gross_profit": 591850,
            "gross_margin": 25.38,
            "gross_margin_4q_avg": 24.68,
            "net_income": 265245,
            "revenue": 2331531,
            "common_shares": 1585242,
            "book_valuer_per_share": 33.22,
            "book_valuer_per_share_4q_avg": 35.28,
            "equity": 5366847,
            "current_ratio": 226.71,
            "debt_ratio": 41.89,
            "inventory_turnover_ratio": 3.21,
            "account_receivable_turnover_ratio": 0.71,
            "reinvestment_rate": -4.73,
            "research_to_sale_ratio": 1.54,
            "price_fair": 196.53,
            "eps_avg_yearly": 5.62,
            "eps_latest_yearly": 6.64,
            "eps_growth_yearly": 32.15
        },
        "20173": {
            "year_quarter": 20173,
            "year": 2017,
            "quarter": 3,
            "eps": 1.5,
            "eps_growth_year": -25,
            "eps_4q": 5.94,
            "eps_4q_growth_year": 6.02,
            "roe": 4.36,
            "roe_4q": 17.55,
            "gross_profit": 541990,
            "gross_margin": 22.2,
            "gross_margin_4q_avg": 24.13,
            "net_income": 242977,
            "revenue": 2441555,
            "common_shares": 1615371,
            "book_valuer_per_share": 35.31,
            "book_valuer_per_share_4q_avg": 35.48,
            "equity": 5775075,
            "current_ratio": 279.04,
            "debt_ratio": 34.04,
            "inventory_turnover_ratio": 3.56,
            "account_receivable_turnover_ratio": 0.69,
            "reinvestment_rate": -4.68,
            "research_to_sale_ratio": 1.57,
            "price_fair": 180.97,
            "eps_avg_yearly": 5.64,
            "eps_latest_yearly": 6,
            "eps_growth_yearly": 22.1
        },
        "20174": {
            "year_quarter": 20174,
            "year": 2017,
            "quarter": 4,
            "eps": 0.91,
            "eps_growth_year": -44.42,
            "eps_4q": 5.27,
            "eps_4q_growth_year": -11.09,
            "roe": 2.57,
            "roe_4q": 15.430000000000001,
            "gross_profit": 429265,
            "gross_margin": 21,
            "gross_margin_4q_avg": 23.12,
            "net_income": 150878,
            "revenue": 2043767,
            "common_shares": 1635733,
            "book_valuer_per_share": 36.19,
            "book_valuer_per_share_4q_avg": 35.22,
            "equity": 5970600,
            "current_ratio": 298.3,
            "debt_ratio": 30.45,
            "inventory_turnover_ratio": 3.14,
            "account_receivable_turnover_ratio": 0.62,
            "reinvestment_rate": -5.17,
            "research_to_sale_ratio": 1.57,
            "price_fair": 163.71,
            "eps_avg_yearly": 5.61,
            "eps_latest_yearly": 3.64,
            "eps_growth_yearly": 19.18
        },
        "20181": {
            "year_quarter": 20181,
            "year": 2018,
            "quarter": 1,
            "eps": 0.6,
            "eps_growth_year": -55.56,
            "eps_4q": 4.6,
            "eps_4q_growth_year": -24.63,
            "roe": 1.65,
            "roe_4q": 13.36,
            "gross_profit": 392398,
            "gross_margin": 20.75,
            "gross_margin_4q_avg": 22.33,
            "net_income": 99241,
            "revenue": 1891344,
            "common_shares": 1649656,
            "book_valuer_per_share": 36.87,
            "book_valuer_per_share_4q_avg": 35.4,
            "equity": 6082416,
            "current_ratio": 331.11,
            "debt_ratio": 27.95,
            "inventory_turnover_ratio": 2.82,
            "account_receivable_turnover_ratio": 0.67,
            "reinvestment_rate": -5.46,
            "research_to_sale_ratio": 1.55,
            "price_fair": 139.18,
            "eps_avg_yearly": 5.55,
            "eps_latest_yearly": 2.4,
            "eps_growth_yearly": 15.08
        },
        "20182": {
            "year_quarter": 20182,
            "year": 2018,
            "quarter": 2,
            "eps": 1.71,
            "eps_growth_year": 3.01,
            "eps_4q": 4.7,
            "eps_4q_growth_year": -26.06,
            "roe": 4.85,
            "roe_4q": 13.43,
            "gross_profit": 469719,
            "gross_margin": 20.64,
            "gross_margin_4q_avg": 21.15,
            "net_income": 282905,
            "revenue": 2275883,
            "common_shares": 1649656,
            "book_valuer_per_share": 33.81,
            "book_valuer_per_share_4q_avg": 35.55,
            "equity": 5577053,
            "current_ratio": 241.89,
            "debt_ratio": 38.09,
            "inventory_turnover_ratio": 3.21,
            "account_receivable_turnover_ratio": 0.78,
            "reinvestment_rate": -3.09,
            "research_to_sale_ratio": 1.62,
            "price_fair": 195.39,
            "eps_avg_yearly": 5.58,
            "eps_latest_yearly": 6.84,
            "eps_growth_yearly": 39.3
        },
        "20183": {
            "year_quarter": 20183,
            "year": 2018,
            "quarter": 3,
            "eps": 1.81,
            "eps_growth_year": 20.67,
            "eps_4q": 6.54,
            "eps_4q_growth_year": 10.16,
            "roe": 5.07,
            "roe_4q": 14.14,
            "gross_profit": 588483,
            "gross_margin": 24.29,
            "gross_margin_4q_avg": 21.67,
            "net_income": 276012,
            "revenue": 2422348,
            "common_shares": 1237242,
            "book_valuer_per_share": 42.85,
            "book_valuer_per_share_4q_avg": 37.43,
            "equity": 5301166,
            "current_ratio": 242.86,
            "debt_ratio": 38.53,
            "inventory_turnover_ratio": 3.25,
            "account_receivable_turnover_ratio": 0.71,
            "reinvestment_rate": -3.34,
            "research_to_sale_ratio": 1.65,
            "price_fair": 197.23,
            "eps_avg_yearly": 5.64,
            "eps_latest_yearly": 7.24,
            "eps_growth_yearly": 40.45
        },
        "20184": {
            "year_quarter": 20184,
            "year": 2018,
            "quarter": 4,
            "eps": 1.87,
            "eps_growth_year": 104.85,
            "eps_4q": 7.19,
            "eps_4q_growth_year": 36.48,
            "roe": 4.27,
            "roe_4q": 15.84,
            "gross_profit": 583541,
            "gross_margin": 26.29,
            "gross_margin_4q_avg": 22.99,
            "net_income": 231803,
            "revenue": 2219310,
            "common_shares": 1237242,
            "book_valuer_per_share": 44.9,
            "book_valuer_per_share_4q_avg": 39.61,
            "equity": 5555598,
            "current_ratio": 275.78,
            "debt_ratio": 33.82,
            "inventory_turnover_ratio": 2.89,
            "account_receivable_turnover_ratio": 0.62,
            "reinvestment_rate": -4.25,
            "research_to_sale_ratio": 1.85,
            "price_fair": 198.8,
            "eps_avg_yearly": 5.68,
            "eps_latest_yearly": 7.48,
            "eps_growth_yearly": 39.87
        },
        "20191": {
            "year_quarter": 20191,
            "year": 2019,
            "quarter": 1,
            "eps": 1.45,
            "eps_growth_year": 141.67,
            "eps_4q": 7.84,
            "eps_4q_growth_year": 70.57,
            "roe": 3.15,
            "roe_4q": 17.34,
            "gross_profit": 488878,
            "gross_margin": 24.36,
            "gross_margin_4q_avg": 23.9,
            "net_income": 179397,
            "revenue": 2006876,
            "common_shares": 1237242,
            "book_valuer_per_share": 47.09,
            "book_valuer_per_share_4q_avg": 42.16,
            "equity": 5825691,
            "current_ratio": 312.36,
            "debt_ratio": 31.79,
            "inventory_turnover_ratio": 2.71,
            "account_receivable_turnover_ratio": 0.61,
            "reinvestment_rate": -2.93,
            "research_to_sale_ratio": 1.81,
            "price_fair": 202.21,
            "eps_avg_yearly": 5.78,
            "eps_latest_yearly": 5.8,
            "eps_growth_yearly": 43.58
        },
        "20192": {
            "year_quarter": 20192,
            "year": 2019,
            "quarter": 2,
            "eps": 1.85,
            "eps_growth_year": 8.19,
            "eps_4q": 7.4,
            "eps_4q_growth_year": 57.35,
            "roe": 4.14,
            "roe_4q": 16.63,
            "gross_profit": 531402,
            "gross_margin": 25,
            "gross_margin_4q_avg": 24.99,
            "net_income": 228578,
            "revenue": 2125868,
            "common_shares": 1237242,
            "book_valuer_per_share": 42.1,
            "book_valuer_per_share_4q_avg": 44.24,
            "equity": 5208694,
            "current_ratio": 232.08,
            "debt_ratio": 39.98,
            "inventory_turnover_ratio": 3.17,
            "account_receivable_turnover_ratio": 0.68,
            "reinvestment_rate": -3.01,
            "research_to_sale_ratio": 1.89,
            "price_fair": 208.25,
            "eps_avg_yearly": 5.95,
            "eps_latest_yearly": 7.4,
            "eps_growth_yearly": 48.11
        },
        "20193": {
            "year_quarter": 20193,
            "year": 2019,
            "quarter": 3,
            "eps": 2.4,
            "eps_growth_year": 32.6,
            "eps_4q": 7.58,
            "eps_4q_growth_year": 15.85,
            "roe": 5.62,
            "roe_4q": 17.18,
            "gross_profit": 602154,
            "gross_margin": 27.32,
            "gross_margin_4q_avg": 25.74,
            "net_income": 297483,
            "revenue": 2203696,
            "common_shares": 1237242,
            "book_valuer_per_share": 43.48,
            "book_valuer_per_share_4q_avg": 44.39,
            "equity": 5378966,
            "current_ratio": 274.13,
            "debt_ratio": 34.85,
            "inventory_turnover_ratio": 3.37,
            "account_receivable_turnover_ratio": 0.68,
            "reinvestment_rate": -3.54,
            "research_to_sale_ratio": 2.05,
            "price_fair": 213.15,
            "eps_avg_yearly": 6.09,
            "eps_latest_yearly": 9.6,
            "eps_growth_yearly": 40.89
        },
        "20194": {
            "year_quarter": 20194,
            "year": 2019,
            "quarter": 4,
            "eps": 1.91,
            "eps_growth_year": 1.85,
            "eps_4q": 7.61,
            "eps_4q_growth_year": 5.8,
            "roe": 4.27,
            "roe_4q": 17.18,
            "gross_profit": 642605,
            "gross_margin": 28.61,
            "gross_margin_4q_avg": 26.32,
            "net_income": 237137,
            "revenue": 2245904,
            "common_shares": 1237242,
            "book_valuer_per_share": 44.38,
            "book_valuer_per_share_4q_avg": 44.26,
            "equity": 5719631,
            "current_ratio": 202.08,
            "debt_ratio": 42.95,
            "inventory_turnover_ratio": 2.59,
            "account_receivable_turnover_ratio": 0.66,
            "reinvestment_rate": 17.33,
            "research_to_sale_ratio": 2.16,
            "price_fair": 219.19,
            "eps_avg_yearly": 6.26,
            "eps_latest_yearly": 7.64,
            "eps_growth_yearly": 44.21
        },
        "20201": {
            "year_quarter": 20201,
            "year": 2020,
            "quarter": 1,
            "eps": 1.07,
            "eps_growth_year": -26.21,
            "eps_4q": 7.23,
            "eps_4q_growth_year": -7.75,
            "roe": 2.36,
            "roe_4q": 16.39,
            "gross_profit": 427514,
            "gross_margin": 24.85,
            "gross_margin_4q_avg": 26.45,
            "net_income": 135762,
            "revenue": 1720509,
            "common_shares": 1237242,
            "book_valuer_per_share": 45.01,
            "book_valuer_per_share_4q_avg": 43.74,
            "equity": 5800079,
            "current_ratio": 209.47,
            "debt_ratio": 41.24,
            "inventory_turnover_ratio": 1.74,
            "account_receivable_turnover_ratio": 0.55,
            "reinvestment_rate": 17.86,
            "research_to_sale_ratio": 2.13,
            "price_fair": 219.63,
            "eps_avg_yearly": 6.28,
            "eps_latest_yearly": 4.28,
            "eps_growth_yearly": 37.31
        },
        "20202": {
            "year_quarter": 20202,
            "year": 2020,
            "quarter": 2,
            "eps": 2.95,
            "eps_growth_year": 59.46,
            "eps_4q": 8.33,
            "eps_4q_growth_year": 12.58,
            "roe": 6.55,
            "roe_4q": 18.8,
            "gross_profit": 762430,
            "gross_margin": 28.45,
            "gross_margin_4q_avg": 27.31,
            "net_income": 369999,
            "revenue": 2679991,
            "common_shares": 1237242,
            "book_valuer_per_share": 42.5,
            "book_valuer_per_share_4q_avg": 43.84,
            "equity": 5489684,
            "current_ratio": 180.59,
            "debt_ratio": 48.14,
            "inventory_turnover_ratio": 2.58,
            "account_receivable_turnover_ratio": 0.83,
            "reinvestment_rate": 16.67,
            "research_to_sale_ratio": 1.73,
            "price_fair": 233.54,
            "eps_avg_yearly": 6.67,
            "eps_latest_yearly": 11.8,
            "eps_growth_yearly": 72.91
        },
        "20203": {
            "year_quarter": 20203,
            "year": 2020,
            "quarter": 3,
            "eps": 2.11,
            "eps_growth_year": -12.08,
            "eps_4q": 8.04,
            "eps_4q_growth_year": 6.17,
            "roe": 4.59,
            "roe_4q": 17.77,
            "gross_profit": 685752,
            "gross_margin": 26.48,
            "gross_margin_4q_avg": 27.1,
            "net_income": 259591,
            "revenue": 2590123,
            "common_shares": 1237242,
            "book_valuer_per_share": 45.23,
            "book_valuer_per_share_4q_avg": 44.28,
            "equity": 5826150,
            "current_ratio": 192.73,
            "debt_ratio": 43.8,
            "inventory_turnover_ratio": 2.54,
            "account_receivable_turnover_ratio": 0.7,
            "reinvestment_rate": 18.08,
            "research_to_sale_ratio": 1.73,
            "price_fair": 234.5,
            "eps_avg_yearly": 6.7,
            "eps_latest_yearly": 8.44,
            "eps_growth_yearly": 54.02
        },
        "20204": {
            "year_quarter": 20204,
            "year": 2020,
            "quarter": 4,
            "eps": 1.67,
            "eps_growth_year": -12.43,
            "eps_4q": 7.81,
            "eps_4q_growth_year": 2.57,
            "roe": 3.47,
            "roe_4q": 16.97,
            "gross_profit": 664997,
            "gross_margin": 24.88,
            "gross_margin_4q_avg": 26.17,
            "net_income": 209330,
            "revenue": 2672718,
            "common_shares": 1237242,
            "book_valuer_per_share": 47.68,
            "book_valuer_per_share_4q_avg": 45.11,
            "equity": 6241835,
            "current_ratio": 178.7,
            "debt_ratio": 46.97,
            "inventory_turnover_ratio": 2.34,
            "account_receivable_turnover_ratio": 0.7,
            "reinvestment_rate": 31.39,
            "research_to_sale_ratio": 1.79,
            "price_fair": 234.68,
            "eps_avg_yearly": 6.71,
            "eps_latest_yearly": 6.68,
            "eps_growth_yearly": 53.18
        },
        "20211": {
            "year_quarter": 20211,
            "year": 2021,
            "quarter": 1,
            "eps": 1.02,
            "eps_growth_year": -4.67,
            "eps_4q": 7.75,
            "eps_4q_growth_year": 7.17,
            "roe": 1.99,
            "roe_4q": 16.6,
            "gross_profit": 466675,
            "gross_margin": 20.34,
            "gross_margin_4q_avg": 25.04,
            "net_income": 125033,
            "revenue": 2293991,
            "common_shares": 1237242,
            "book_valuer_per_share": 48.44,
            "book_valuer_per_share_4q_avg": 45.96,
            "equity": 6332332,
            "current_ratio": 174.84,
            "debt_ratio": 47.15,
            "inventory_turnover_ratio": 1.64,
            "account_receivable_turnover_ratio": 0.61,
            "reinvestment_rate": 39.14,
            "research_to_sale_ratio": 2.07,
            "price_fair": 231.79,
            "eps_avg_yearly": 6.62,
            "eps_latest_yearly": 4.08,
            "eps_growth_yearly": 48
        },
        "20212": {
            "year_quarter": 20212,
            "year": 2021,
            "quarter": 2,
            "eps": 0.2,
            "eps_growth_year": -93.22,
            "eps_4q": 5,
            "eps_4q_growth_year": -39.94,
            "roe": 0.35,
            "roe_4q": 10.4,
            "gross_profit": 332335,
            "gross_margin": 13.16,
            "gross_margin_4q_avg": 21.22,
            "net_income": 21929,
            "revenue": 2525003,
            "common_shares": 1237242,
            "book_valuer_per_share": 48.31,
            "book_valuer_per_share_4q_avg": 47.42,
            "equity": 6306858,
            "current_ratio": 176,
            "debt_ratio": 45.25,
            "inventory_turnover_ratio": 1.85,
            "account_receivable_turnover_ratio": 0.7,
            "reinvestment_rate": 46.24,
            "research_to_sale_ratio": 1.57,
            "price_fair": 201.25,
            "eps_avg_yearly": 6.26,
            "eps_latest_yearly": 0.8,
            "eps_growth_yearly": 22.16
        },
        "20213": {
            "year_quarter": 20213,
            "year": 2021,
            "quarter": 3,
            "eps": 0.6,
            "eps_growth_year": -71.56,
            "eps_4q": 3.49,
            "eps_4q_growth_year": -56.56,
            "roe": 1.17,
            "roe_4q": 6.98,
            "gross_profit": 402811,
            "gross_margin": 15.34,
            "gross_margin_4q_avg": 18.43,
            "net_income": 71145,
            "revenue": 2625862,
            "common_shares": 1237242,
            "book_valuer_per_share": 45.09,
            "book_valuer_per_share_4q_avg": 47.38,
            "equity": 5901537,
            "current_ratio": 203.62,
            "debt_ratio": 49.71,
            "inventory_turnover_ratio": 1.98,
            "account_receivable_turnover_ratio": 0.72,
            "reinvestment_rate": 52.25,
            "research_to_sale_ratio": 1.93,
            "price_fair": 211.14,
            "eps_avg_yearly": 6.03,
            "eps_latest_yearly": 2.4,
            "eps_growth_yearly": 74.57
        },
        "20214": {
            "year_quarter": 20214,
            "year": 2021,
            "quarter": 4,
            "eps": 0.21,
            "eps_growth_year": -87.32,
            "eps_4q": 2.03,
            "eps_4q_growth_year": -73.93,
            "roe": 0.38,
            "roe_4q": 3.8899999999999997,
            "gross_profit": 399684,
            "gross_margin": 14.53,
            "gross_margin_4q_avg": 15.84,
            "net_income": 22508,
            "revenue": 2749943,
            "common_shares": 1237242,
            "book_valuer_per_share": 45.72,
            "book_valuer_per_share_4q_avg": 46.89,
            "equity": 5977272,
            "current_ratio": 207.31,
            "debt_ratio": 49.31,
            "inventory_turnover_ratio": 1.94,
            "account_receivable_turnover_ratio": 0.74,
            "reinvestment_rate": 54.48,
            "research_to_sale_ratio": 1.76,
            "price_fair": 205.01,
            "eps_avg_yearly": 5.86,
            "eps_latest_yearly": 0.84,
            "eps_growth_yearly": 68.15
        },
        "20221": {
            "year_quarter": 20221,
            "year": 2022,
            "quarter": 1,
            "eps": 0.25,
            "eps_growth_year": -75.49,
            "eps_4q": 1.27,
            "eps_4q_growth_year": -83.68,
            "roe": 0.46,
            "roe_4q": 2.36,
            "gross_profit": 366895,
            "gross_margin": 13.27,
            "gross_margin_4q_avg": 14.08,
            "net_income": 28347,
            "revenue": 2765060,
            "common_shares": 1237242,
            "book_valuer_per_share": 47.82,
            "book_valuer_per_share_4q_avg": 46.74,
            "equity": 6245617,
            "current_ratio": 202.08,
            "debt_ratio": 49.6,
            "inventory_turnover_ratio": 1.81,
            "account_receivable_turnover_ratio": 0.71,
            "reinvestment_rate": 59.83,
            "research_to_sale_ratio": 1.7,
            "price_fair": 201.95,
            "eps_avg_yearly": 5.77,
            "eps_latest_yearly": 1,
            "eps_growth_yearly": 81.43
        },
        "20222": {
            "year_quarter": 20222,
            "year": 2022,
            "quarter": 2,
            "eps": 1.22,
            "eps_growth_year": 510,
            "eps_4q": 2.29,
            "eps_4q_growth_year": -54.33,
            "roe": 2.56,
            "roe_4q": 4.57,
            "gross_profit": 493451,
            "gross_margin": 17.6,
            "gross_margin_4q_avg": 15.19,
            "net_income": 152663,
            "revenue": 2803440,
            "common_shares": 1237242,
            "book_valuer_per_share": 43.15,
            "book_valuer_per_share_4q_avg": 45.45,
            "equity": 5663619,
            "current_ratio": 180.48,
            "debt_ratio": 54.14,
            "inventory_turnover_ratio": 1.9,
            "account_receivable_turnover_ratio": 0.73,
            "reinvestment_rate": 59.26,
            "research_to_sale_ratio": 1.73,
            "price_fair": 197.66,
            "eps_avg_yearly": 5.65,
            "eps_latest_yearly": 4.88,
            "eps_growth_yearly": 132.18
        },
        "20223": {
            "year_quarter": 20223,
            "year": 2022,
            "quarter": 3,
            "eps": 1.31,
            "eps_growth_year": 118.33,
            "eps_4q": 2.99,
            "eps_4q_growth_year": -14.52,
            "roe": 2.88,
            "roe_4q": 6.279999999999999,
            "gross_profit": 404740,
            "gross_margin": 16.47,
            "gross_margin_4q_avg": 15.47,
            "net_income": 167397,
            "revenue": 2457801,
            "common_shares": 1237242,
            "book_valuer_per_share": 45.32,
            "book_valuer_per_share_4q_avg": 45.5,
            "equity": 5940832,
            "current_ratio": 197.07,
            "debt_ratio": 50.58,
            "inventory_turnover_ratio": 2.08,
            "account_receivable_turnover_ratio": 0.7,
            "reinvestment_rate": 62.46,
            "research_to_sale_ratio": 1.87,
            "price_fair": 193.29,
            "eps_avg_yearly": 5.52,
            "eps_latest_yearly": 5.24,
            "eps_growth_yearly": 132.56
        },
        "20224": {
            "year_quarter": 20224,
            "year": 2022,
            "quarter": 4,
            "eps": 0.23,
            "eps_growth_year": 6.69,
            "eps_4q": 3,
            "eps_4q_growth_year": 47.48,
            "roe": 0.49,
            "roe_4q": 6.39,
            "gross_profit": 358104,
            "gross_margin": 20.08,
            "gross_margin_4q_avg": 16.86,
            "net_income": 29042,
            "revenue": 1783142,
            "common_shares": 1237242,
            "book_valuer_per_share": 44.83,
            "book_valuer_per_share_4q_avg": 45.28,
            "equity": 5881329,
            "current_ratio": 208.08,
            "debt_ratio": 48.62,
            "inventory_turnover_ratio": 1.57,
            "account_receivable_turnover_ratio": 0.65,
            "reinvestment_rate": 66.8,
            "research_to_sale_ratio": 2.29,
            "price_fair": 178.94,
            "eps_avg_yearly": 5.11,
            "eps_latest_yearly": 0.92,
            "eps_growth_yearly": 111.13
        },
        "20231": {
            "year_quarter": 20231,
            "year": 2023,
            "quarter": 1,
            "eps": 0.3,
            "eps_growth_year": 20,
            "eps_4q": 3.05,
            "eps_4q_growth_year": 141.33,
            "roe": 0.45,
            "roe_4q": 6.38,
            "gross_profit": 310739,
            "gross_margin": 16.98,
            "gross_margin_4q_avg": 17.78,
            "net_income": 26601,
            "revenue": 1830264,
            "common_shares": 1237242,
            "book_valuer_per_share": 45.34,
            "book_valuer_per_share_4q_avg": 44.66,
            "equity": 5933656,
            "current_ratio": 215.98,
            "debt_ratio": 47.22,
            "inventory_turnover_ratio": 1.77,
            "account_receivable_turnover_ratio": 0.88,
            "reinvestment_rate": 67.96,
            "research_to_sale_ratio": 2.45,
            "price_fair": 168.88,
            "eps_avg_yearly": 4.83,
            "eps_latest_yearly": 1.2,
            "eps_growth_yearly": 124.35
        }
    },
    "months": {
        "2005-12": {
            "month": "2005-12",
            "price": "60.17",
            "revenue": 92008
        },
        "2006-01": {
            "month": "2006-01",
            "price": "80.10",
            "revenue": 92093
        },
        "2006-02": {
            "month": "2006-02",
            "price": "96.31",
            "revenue": 61511
        },
        "2006-03": {
            "month": "2006-03",
            "price": "115.02",
            "revenue": 95578
        },
        "2006-04": {
            "month": "2006-04",
            "price": "147.30",
            "revenue": 74632
        },
        "2006-05": {
            "month": "2006-05",
            "price": "175.00",
            "revenue": 30691
        },
        "2006-06": {
            "month": "2006-06",
            "price": "165.30",
            "revenue": 72760
        },
        "2006-07": {
            "month": "2006-07",
            "price": "163.00",
            "revenue": 65023
        },
        "2006-08": {
            "month": "2006-08",
            "price": "156.54",
            "revenue": 76283
        },
        "2006-09": {
            "month": "2006-09",
            "price": "188.03",
            "revenue": 75645
        },
        "2006-10": {
            "month": "2006-10",
            "price": "194.70",
            "revenue": 86821
        },
        "2006-11": {
            "month": "2006-11",
            "price": "175.24",
            "revenue": 71800
        },
        "2006-12": {
            "month": "2006-12",
            "price": "177.24",
            "revenue": 73172
        },
        "2007-01": {
            "month": "2007-01",
            "price": "180.07",
            "revenue": 82503
        },
        "2007-02": {
            "month": "2007-02",
            "price": "170.67",
            "revenue": 42009
        },
        "2007-03": {
            "month": "2007-03",
            "price": "161.96",
            "revenue": 92311
        },
        "2007-04": {
            "month": "2007-04",
            "price": "170.12",
            "revenue": 33061
        },
        "2007-05": {
            "month": "2007-05",
            "price": "165.09",
            "revenue": 57321
        },
        "2007-06": {
            "month": "2007-06",
            "price": "165.75",
            "revenue": 32078
        },
        "2007-07": {
            "month": "2007-07",
            "price": "203.20",
            "revenue": 40684
        },
        "2007-08": {
            "month": "2007-08",
            "price": "153.87",
            "revenue": 46809
        },
        "2007-09": {
            "month": "2007-09",
            "price": "150.56",
            "revenue": 50651
        },
        "2007-10": {
            "month": "2007-10",
            "price": "146.20",
            "revenue": 44693
        },
        "2007-11": {
            "month": "2007-11",
            "price": "124.05",
            "revenue": 61570
        },
        "2007-12": {
            "month": "2007-12",
            "price": "116.58",
            "revenue": 60011
        },
        "2008-01": {
            "month": "2008-01",
            "price": "100.27",
            "revenue": 74900
        },
        "2008-02": {
            "month": "2008-02",
            "price": "105.70",
            "revenue": 80440
        },
        "2008-03": {
            "month": "2008-03",
            "price": "118.26",
            "revenue": 377273
        },
        "2008-04": {
            "month": "2008-04",
            "price": "128.12",
            "revenue": 332341
        },
        "2008-05": {
            "month": "2008-05",
            "price": "136.69",
            "revenue": 310317
        },
        "2008-06": {
            "month": "2008-06",
            "price": "111.52",
            "revenue": 287196
        },
        "2008-07": {
            "month": "2008-07",
            "price": "100.75",
            "revenue": 291110
        },
        "2008-08": {
            "month": "2008-08",
            "price": "94.22",
            "revenue": 270024
        },
        "2008-09": {
            "month": "2008-09",
            "price": "66.24",
            "revenue": 263896
        },
        "2008-10": {
            "month": "2008-10",
            "price": "52.69",
            "revenue": 261858
        },
        "2008-11": {
            "month": "2008-11",
            "price": "48.72",
            "revenue": 201433
        },
        "2008-12": {
            "month": "2008-12",
            "price": "51.36",
            "revenue": 310859
        },
        "2009-01": {
            "month": "2009-01",
            "price": "40.54",
            "revenue": 400661
        },
        "2009-02": {
            "month": "2009-02",
            "price": "40.36",
            "revenue": 506258
        },
        "2009-03": {
            "month": "2009-03",
            "price": "47.73",
            "revenue": 533620
        },
        "2009-04": {
            "month": "2009-04",
            "price": "55.82",
            "revenue": 440294
        },
        "2009-05": {
            "month": "2009-05",
            "price": "59.01",
            "revenue": 461040
        },
        "2009-06": {
            "month": "2009-06",
            "price": "50.98",
            "revenue": 510706
        },
        "2009-07": {
            "month": "2009-07",
            "price": "55.70",
            "revenue": 556543
        },
        "2009-08": {
            "month": "2009-08",
            "price": "58.94",
            "revenue": 531883
        },
        "2009-09": {
            "month": "2009-09",
            "price": "67.00",
            "revenue": 517847
        },
        "2009-10": {
            "month": "2009-10",
            "price": "65.02",
            "revenue": 468589
        },
        "2009-11": {
            "month": "2009-11",
            "price": "66.46",
            "revenue": 496227
        },
        "2009-12": {
            "month": "2009-12",
            "price": "81.43",
            "revenue": 502417
        },
        "2010-01": {
            "month": "2010-01",
            "price": "75.42",
            "revenue": 471345
        },
        "2010-02": {
            "month": "2010-02",
            "price": "68.07",
            "revenue": 335814
        },
        "2010-03": {
            "month": "2010-03",
            "price": "75.70",
            "revenue": 580087
        },
        "2010-04": {
            "month": "2010-04",
            "price": "77.32",
            "revenue": 637866
        },
        "2010-05": {
            "month": "2010-05",
            "price": "69.50",
            "revenue": 567162
        },
        "2010-06": {
            "month": "2010-06",
            "price": "66.47",
            "revenue": 517788
        },
        "2010-07": {
            "month": "2010-07",
            "price": "68.53",
            "revenue": 645827
        },
        "2010-08": {
            "month": "2010-08",
            "price": "66.15",
            "revenue": 630436
        },
        "2010-09": {
            "month": "2010-09",
            "price": "61.60",
            "revenue": 531434
        },
        "2010-10": {
            "month": "2010-10",
            "price": "58.32",
            "revenue": 514065
        },
        "2010-11": {
            "month": "2010-11",
            "price": "49.81",
            "revenue": 575201
        },
        "2010-12": {
            "month": "2010-12",
            "price": "51.62",
            "revenue": 629442
        },
        "2011-01": {
            "month": "2011-01",
            "price": "48.02",
            "revenue": 670990
        },
        "2011-02": {
            "month": "2011-02",
            "price": "50.14",
            "revenue": 542224
        },
        "2011-03": {
            "month": "2011-03",
            "price": "52.44",
            "revenue": 740230
        },
        "2011-04": {
            "month": "2011-04",
            "price": "51.67",
            "revenue": 686360
        },
        "2011-05": {
            "month": "2011-05",
            "price": "49.40",
            "revenue": 703257
        },
        "2011-06": {
            "month": "2011-06",
            "price": "48.71",
            "revenue": 660111
        },
        "2011-07": {
            "month": "2011-07",
            "price": "47.20",
            "revenue": 680944
        },
        "2011-08": {
            "month": "2011-08",
            "price": "34.73",
            "revenue": 769682
        },
        "2011-09": {
            "month": "2011-09",
            "price": "33.32",
            "revenue": 787127
        },
        "2011-10": {
            "month": "2011-10",
            "price": "35.00",
            "revenue": 719487
        },
        "2011-11": {
            "month": "2011-11",
            "price": "36.33",
            "revenue": 704870
        },
        "2011-12": {
            "month": "2011-12",
            "price": "33.25",
            "revenue": 759341
        },
        "2012-01": {
            "month": "2012-01",
            "price": "33.17",
            "revenue": 562484
        },
        "2012-02": {
            "month": "2012-02",
            "price": "39.70",
            "revenue": 750593
        },
        "2012-03": {
            "month": "2012-03",
            "price": "41.25",
            "revenue": 785215
        },
        "2012-04": {
            "month": "2012-04",
            "price": "39.95",
            "revenue": 714519
        },
        "2012-05": {
            "month": "2012-05",
            "price": "44.03",
            "revenue": 761502
        },
        "2012-06": {
            "month": "2012-06",
            "price": "43.76",
            "revenue": 679509
        },
        "2012-07": {
            "month": "2012-07",
            "price": "46.22",
            "revenue": 690356
        },
        "2012-08": {
            "month": "2012-08",
            "price": "48.50",
            "revenue": 740983
        },
        "2012-09": {
            "month": "2012-09",
            "price": "50.62",
            "revenue": 755027
        },
        "2012-10": {
            "month": "2012-10",
            "price": "53.15",
            "revenue": 641360
        },
        "2012-11": {
            "month": "2012-11",
            "price": "49.25",
            "revenue": 671094
        },
        "2012-12": {
            "month": "2012-12",
            "price": "49.58",
            "revenue": 661506
        },
        "2013-01": {
            "month": "2013-01",
            "price": "49.96",
            "revenue": 700118
        },
        "2013-02": {
            "month": "2013-02",
            "price": "53.07",
            "revenue": 461825
        },
        "2013-03": {
            "month": "2013-03",
            "price": "53.99",
            "revenue": 790882
        },
        "2013-04": {
            "month": "2013-04",
            "price": "55.68",
            "revenue": 819022
        },
        "2013-05": {
            "month": "2013-05",
            "price": "54.00",
            "revenue": 884225
        },
        "2013-06": {
            "month": "2013-06",
            "price": "51.87",
            "revenue": 707045
        },
        "2013-07": {
            "month": "2013-07",
            "price": "52.39",
            "revenue": 829551
        },
        "2013-08": {
            "month": "2013-08",
            "price": "50.92",
            "revenue": 885233
        },
        "2013-09": {
            "month": "2013-09",
            "price": "50.08",
            "revenue": 807192
        },
        "2013-10": {
            "month": "2013-10",
            "price": "50.07",
            "revenue": 685555
        },
        "2013-11": {
            "month": "2013-11",
            "price": "49.06",
            "revenue": 717558
        },
        "2013-12": {
            "month": "2013-12",
            "price": "49.29",
            "revenue": 765282
        },
        "2014-01": {
            "month": "2014-01",
            "price": "52.54",
            "revenue": 700005
        },
        "2014-02": {
            "month": "2014-02",
            "price": "52.98",
            "revenue": 512503
        },
        "2014-03": {
            "month": "2014-03",
            "price": "52.49",
            "revenue": 765718
        },
        "2014-04": {
            "month": "2014-04",
            "price": "53.57",
            "revenue": 910684
        },
        "2014-05": {
            "month": "2014-05",
            "price": "55.06",
            "revenue": 868909
        },
        "2014-06": {
            "month": "2014-06",
            "price": "63.62",
            "revenue": 878355
        },
        "2014-07": {
            "month": "2014-07",
            "price": "69.85",
            "revenue": 842381
        },
        "2014-08": {
            "month": "2014-08",
            "price": "69.56",
            "revenue": 926971
        },
        "2014-09": {
            "month": "2014-09",
            "price": "68.30",
            "revenue": 993254
        },
        "2014-10": {
            "month": "2014-10",
            "price": "61.37",
            "revenue": 907797
        },
        "2014-11": {
            "month": "2014-11",
            "price": "58.55",
            "revenue": 890981
        },
        "2014-12": {
            "month": "2014-12",
            "price": "61.62",
            "revenue": 876503
        },
        "2015-01": {
            "month": "2015-01",
            "price": "65.60",
            "revenue": 813627
        },
        "2015-02": {
            "month": "2015-02",
            "price": "66.68",
            "revenue": 644815
        },
        "2015-03": {
            "month": "2015-03",
            "price": "69.50",
            "revenue": 701177
        },
        "2015-04": {
            "month": "2015-04",
            "price": "68.31",
            "revenue": 834752
        },
        "2015-05": {
            "month": "2015-05",
            "price": "62.64",
            "revenue": 783745
        },
        "2015-06": {
            "month": "2015-06",
            "price": "58.11",
            "revenue": 736477
        },
        "2015-07": {
            "month": "2015-07",
            "price": "51.84",
            "revenue": 790777
        },
        "2015-08": {
            "month": "2015-08",
            "price": "42.91",
            "revenue": 882147
        },
        "2015-09": {
            "month": "2015-09",
            "price": "45.94",
            "revenue": 948441
        },
        "2015-10": {
            "month": "2015-10",
            "price": "49.83",
            "revenue": 804406
        },
        "2015-11": {
            "month": "2015-11",
            "price": "51.62",
            "revenue": 777809
        },
        "2015-12": {
            "month": "2015-12",
            "price": "49.43",
            "revenue": 745640
        },
        "2016-01": {
            "month": "2016-01",
            "price": "45.18",
            "revenue": 750576
        },
        "2016-02": {
            "month": "2016-02",
            "price": "47.72",
            "revenue": 487150
        },
        "2016-03": {
            "month": "2016-03",
            "price": "52.62",
            "revenue": 809257
        },
        "2016-04": {
            "month": "2016-04",
            "price": "53.75",
            "revenue": 762528
        },
        "2016-05": {
            "month": "2016-05",
            "price": "52.14",
            "revenue": 782794
        },
        "2016-06": {
            "month": "2016-06",
            "price": "52.84",
            "revenue": 761039
        },
        "2016-07": {
            "month": "2016-07",
            "price": "54.11",
            "revenue": 825992
        },
        "2016-08": {
            "month": "2016-08",
            "price": "52.90",
            "revenue": 872559
        },
        "2016-09": {
            "month": "2016-09",
            "price": "53.61",
            "revenue": 876461
        },
        "2016-10": {
            "month": "2016-10",
            "price": "52.86",
            "revenue": 690062
        },
        "2016-11": {
            "month": "2016-11",
            "price": "54.34",
            "revenue": 738892
        },
        "2016-12": {
            "month": "2016-12",
            "price": "62.64",
            "revenue": 766108
        },
        "2017-01": {
            "month": "2017-01",
            "price": "62.76",
            "revenue": 621992
        },
        "2017-02": {
            "month": "2017-02",
            "price": "62.82",
            "revenue": 603357
        },
        "2017-03": {
            "month": "2017-03",
            "price": "64.48",
            "revenue": 826879
        },
        "2017-04": {
            "month": "2017-04",
            "price": "65.87",
            "revenue": 752101
        },
        "2017-05": {
            "month": "2017-05",
            "price": "67.94",
            "revenue": 811114
        },
        "2017-06": {
            "month": "2017-06",
            "price": "70.18",
            "revenue": 761151
        },
        "2017-07": {
            "month": "2017-07",
            "price": "68.63",
            "revenue": 794293
        },
        "2017-08": {
            "month": "2017-08",
            "price": "67.17",
            "revenue": 842227
        },
        "2017-09": {
            "month": "2017-09",
            "price": "70.22",
            "revenue": 809927
        },
        "2017-10": {
            "month": "2017-10",
            "price": "70.86",
            "revenue": 704472
        },
        "2017-11": {
            "month": "2017-11",
            "price": "68.38",
            "revenue": 695945
        },
        "2017-12": {
            "month": "2017-12",
            "price": "63.61",
            "revenue": 643268
        },
        "2018-01": {
            "month": "2018-01",
            "price": "63.37",
            "revenue": 712489
        },
        "2018-02": {
            "month": "2018-02",
            "price": "63.17",
            "revenue": 451540
        },
        "2018-03": {
            "month": "2018-03",
            "price": "65.27",
            "revenue": 722317
        },
        "2018-04": {
            "month": "2018-04",
            "price": "65.85",
            "revenue": 739821
        },
        "2018-05": {
            "month": "2018-05",
            "price": "63.46",
            "revenue": 774713
        },
        "2018-06": {
            "month": "2018-06",
            "price": "63.40",
            "revenue": 764174
        },
        "2018-07": {
            "month": "2018-07",
            "price": "59.87",
            "revenue": 791233
        },
        "2018-08": {
            "month": "2018-08",
            "price": "57.24",
            "revenue": 833568
        },
        "2018-09": {
            "month": "2018-09",
            "price": "57.96",
            "revenue": 796459
        },
        "2018-10": {
            "month": "2018-10",
            "price": "55.55",
            "revenue": 746319
        },
        "2018-11": {
            "month": "2018-11",
            "price": "66.70",
            "revenue": 770120
        },
        "2018-12": {
            "month": "2018-12",
            "price": "66.36",
            "revenue": 705518
        },
        "2019-01": {
            "month": "2019-01",
            "price": "67.13",
            "revenue": 785131
        },
        "2019-02": {
            "month": "2019-02",
            "price": "73.69",
            "revenue": 492191
        },
        "2019-03": {
            "month": "2019-03",
            "price": "80.61",
            "revenue": 726914
        },
        "2019-04": {
            "month": "2019-04",
            "price": "86.66",
            "revenue": 709673
        },
        "2019-05": {
            "month": "2019-05",
            "price": "81.37",
            "revenue": 672293
        },
        "2019-06": {
            "month": "2019-06",
            "price": "81.70",
            "revenue": 731484
        },
        "2019-07": {
            "month": "2019-07",
            "price": "79.70",
            "revenue": 711939
        },
        "2019-08": {
            "month": "2019-08",
            "price": "77.98",
            "revenue": 745469
        },
        "2019-09": {
            "month": "2019-09",
            "price": "77.63",
            "revenue": 754339
        },
        "2019-10": {
            "month": "2019-10",
            "price": "77.83",
            "revenue": 751850
        },
        "2019-11": {
            "month": "2019-11",
            "price": "82.42",
            "revenue": 733524
        },
        "2019-12": {
            "month": "2019-12",
            "price": "89.05",
            "revenue": 774916
        },
        "2020-01": {
            "month": "2020-01",
            "price": "90.96",
            "revenue": 562207
        },
        "2020-02": {
            "month": "2020-02",
            "price": "87.24",
            "revenue": 262595
        },
        "2020-03": {
            "month": "2020-03",
            "price": "73.14",
            "revenue": 890651
        },
        "2020-04": {
            "month": "2020-04",
            "price": "74.00",
            "revenue": 1011892
        },
        "2020-05": {
            "month": "2020-05",
            "price": "81.14",
            "revenue": 866086
        },
        "2020-06": {
            "month": "2020-06",
            "price": "81.68",
            "revenue": 808462
        },
        "2020-07": {
            "month": "2020-07",
            "price": "80.18",
            "revenue": 772978
        },
        "2020-08": {
            "month": "2020-08",
            "price": "82.94",
            "revenue": 841928
        },
        "2020-09": {
            "month": "2020-09",
            "price": "85.24",
            "revenue": 973822
        },
        "2020-10": {
            "month": "2020-10",
            "price": "85.11",
            "revenue": 872133
        },
        "2020-11": {
            "month": "2020-11",
            "price": "86.92",
            "revenue": 870076
        },
        "2020-12": {
            "month": "2020-12",
            "price": "85.58",
            "revenue": 929438
        },
        "2021-01": {
            "month": "2021-01",
            "price": "84.94",
            "revenue": 879364
        },
        "2021-02": {
            "month": "2021-02",
            "price": "82.21",
            "revenue": 507915
        },
        "2021-03": {
            "month": "2021-03",
            "price": "85.55",
            "revenue": 905462
        },
        "2021-04": {
            "month": "2021-04",
            "price": "92.77",
            "revenue": 873364
        },
        "2021-05": {
            "month": "2021-05",
            "price": "83.07",
            "revenue": 825639
        },
        "2021-06": {
            "month": "2021-06",
            "price": "83.55",
            "revenue": 826018
        },
        "2021-07": {
            "month": "2021-07",
            "price": "83.09",
            "revenue": 834805
        },
        "2021-08": {
            "month": "2021-08",
            "price": "73.68",
            "revenue": 932727
        },
        "2021-09": {
            "month": "2021-09",
            "price": "69.44",
            "revenue": 858041
        },
        "2021-10": {
            "month": "2021-10",
            "price": "69.79",
            "revenue": 795114
        },
        "2021-11": {
            "month": "2021-11",
            "price": "69.94",
            "revenue": 908762
        },
        "2021-12": {
            "month": "2021-12",
            "price": "69.22",
            "revenue": 1046568
        },
        "2022-01": {
            "month": "2022-01",
            "price": "69.25",
            "revenue": 938130
        },
        "2022-02": {
            "month": "2022-02",
            "price": "69.42",
            "revenue": 736378
        },
        "2022-03": {
            "month": "2022-03",
            "price": "70.25",
            "revenue": 1092014
        },
        "2022-04": {
            "month": "2022-04",
            "price": "70.72",
            "revenue": 767382
        },
        "2022-05": {
            "month": "2022-05",
            "price": "68.34",
            "revenue": 962206
        },
        "2022-06": {
            "month": "2022-06",
            "price": "67.84",
            "revenue": 1071936
        },
        "2022-07": {
            "month": "2022-07",
            "price": "62.06",
            "revenue": 962758
        },
        "2022-08": {
            "month": "2022-08",
            "price": "66.50",
            "revenue": 753559
        },
        "2022-09": {
            "month": "2022-09",
            "price": "66.10",
            "revenue": 740987
        },
        "2022-10": {
            "month": "2022-10",
            "price": "60.40",
            "revenue": 602727
        },
        "2022-11": {
            "month": "2022-11",
            "price": "59.12",
            "revenue": 651779
        },
        "2022-12": {
            "month": "2022-12",
            "price": "58.84",
            "revenue": 529049
        },
        "2023-01": {
            "month": "2023-01",
            "price": "59.21",
            "revenue": 502455
        },
        "2023-02": {
            "month": "2023-02",
            "price": "61.15",
            "revenue": 584004
        },
        "2023-03": {
            "month": "2023-03",
            "price": "60.87",
            "revenue": 743833
        },
        "2023-04": {
            "month": "2023-04",
            "price": "60.09",
            "revenue": 672099
        },
        "2023-05": {
            "month": "2023-05",
            "price": "59.49",
            "revenue": 764406
        }
    }
}
