{
    "summary": {
        "stock_name": "程泰",
        "stock_id": "1583",
        "category": "電機機械",
        "main_business": "電腦數值控制車床製造加工買賣<br>各種自動化機械五金工具及零件製造買賣<br>各種工作母機及其零件製造加工買賣",
        "website_url": "http://www.goodwaycnc.com/",
        "ceo": "楊舒涵",
        "pe_ratio": 12,
        "report_year_from": 2006,
        "report_year_to": 2023,
        "age": 18,
        "eps_negative_percentage": 0,
        "eps_growth_avg": {
            "last_all": 15.86,
            "last_2y": 13.88,
            "last_4y": 13.33,
            "last_8y": 10.91,
            "last_12y": 19.15,
            "last_16y": 15.86,
            "last_20y": null,
            "at_2006_last_3y": null,
            "at_2007_last_3y": null,
            "at_2008_last_3y": null,
            "at_2009_last_3y": null,
            "at_2010_last_3y": 5.17,
            "at_2011_last_3y": 11.5,
            "at_2012_last_3y": 25.62,
            "at_2013_last_3y": 44.86,
            "at_2014_last_3y": 37.7,
            "at_2015_last_3y": 10.1,
            "at_2016_last_3y": -1.24,
            "at_2017_last_3y": 11.4,
            "at_2018_last_3y": 7.88,
            "at_2019_last_3y": -3.25,
            "at_2020_last_3y": 32.32,
            "at_2021_last_3y": 14.36,
            "at_2022_last_3y": 23.61,
            "at_2023_last_3y": 30.39,
            "at_2024_last_3y": 30.39,
            "at_2006_last_all": null,
            "at_2007_last_all": null,
            "at_2008_last_all": 0.61,
            "at_2009_last_all": -26.44,
            "at_2010_last_all": 5.17,
            "at_2011_last_all": 24.14,
            "at_2012_last_all": 17.28,
            "at_2013_last_all": 14.3,
            "at_2014_last_all": 21.43,
            "at_2015_last_all": 17.9,
            "at_2016_last_all": 9.87,
            "at_2017_last_all": 13.25,
            "at_2018_last_all": 16.92,
            "at_2019_last_all": 11.39,
            "at_2020_last_all": 16.29,
            "at_2021_last_all": 13.55,
            "at_2022_last_all": 18.59,
            "at_2023_last_all": 15.86,
            "at_2024_last_all": 15.86
        },
        "latest_eps": 5.74,
        "latest_price": 71,
        "latest_roe": 10.81,
        "latest_gross_margin": 25.84,
        "latest_equity": 6999501,
        "latest_revenue": 1298693,
        "latest_gross_profit": 335618,
        "latest_net_income": 347720,
        "latest_debt_ratio": 47.3,
        "latest_current_ratio": 181.56,
        "latest_account_receivable_turnover_ratio": 0.9,
        "latest_inventory_turnover_ratio": 0.25,
        "latest_reinvestment_rate": -34.17,
        "latest_research_to_sale_ratio": 2.62
    },
    "eps_dividends": {
        "2001": {
            "cash": 0,
            "stock": 0,
            "eps": 0
        },
        "2002": {
            "cash": 0,
            "stock": 0,
            "eps": 0
        },
        "2003": {
            "cash": 0,
            "stock": 0,
            "eps": 0
        },
        "2004": {
            "cash": 0,
            "stock": 0,
            "eps": 0
        },
        "2005": {
            "cash": 0,
            "stock": 0,
            "eps": 0
        },
        "2006": {
            "cash": 0,
            "stock": 0,
            "eps": 3.99
        },
        "2007": {
            "cash": 2.5,
            "stock": 1,
            "eps": 6.97
        },
        "2008": {
            "cash": 4.12,
            "stock": 0.52,
            "eps": 1.85
        },
        "2009": {
            "cash": 0.5,
            "stock": 0.5,
            "eps": 0.36
        },
        "2010": {
            "cash": 0.5,
            "stock": 0,
            "eps": 2.3
        },
        "2011": {
            "cash": 3.5,
            "stock": 0.5,
            "eps": 5.06
        },
        "2012": {
            "cash": 0,
            "stock": 0,
            "eps": 4.2
        },
        "2013": {
            "cash": 2,
            "stock": 0,
            "eps": 4.05
        },
        "2014": {
            "cash": 2.7,
            "stock": 0.3,
            "eps": 6.94
        },
        "2015": {
            "cash": 3.5,
            "stock": 0,
            "eps": 6.22
        },
        "2016": {
            "cash": 0.5,
            "stock": 1,
            "eps": 2.34
        },
        "2017": {
            "cash": 1,
            "stock": 0,
            "eps": 3.44
        },
        "2018": {
            "cash": 2.5,
            "stock": 0,
            "eps": 5.41
        },
        "2019": {
            "cash": 3,
            "stock": 0,
            "eps": 2.44
        },
        "2020": {
            "cash": 3,
            "stock": 0,
            "eps": 4.39
        },
        "2021": {
            "cash": 3,
            "stock": 0,
            "eps": 3.3
        },
        "2022": {
            "cash": 2.5,
            "stock": 0,
            "eps": 6.41
        },
        "2023": {
            "cash": 3,
            "stock": 0,
            "eps": 4.63
        }
    },
    "dividends": {
        "2007-04-19": {
            "cash": 2.5,
            "stock": 1
        },
        "2008-03-06": {
            "cash": 4.12,
            "stock": 0.52
        },
        "2009-04-03": {
            "cash": 0.5,
            "stock": 0.5
        },
        "2010-03-17": {
            "cash": 0.5,
            "stock": 0
        },
        "2011-01-01": {
            "cash": 2.5,
            "stock": 0
        },
        "2011-03-22": {
            "cash": 1,
            "stock": 0.5
        },
        "2013-03-20": {
            "cash": 2,
            "stock": 0
        },
        "2014-10-09": {
            "cash": 2.7,
            "stock": 0.3
        },
        "2015-11-12": {
            "cash": 3.5,
            "stock": 0
        },
        "2016-09-30": {
            "cash": 0.5,
            "stock": 1
        },
        "2017-09-15": {
            "cash": 1,
            "stock": 0
        },
        "2018-09-28": {
            "cash": 2.5,
            "stock": 0
        },
        "2019-09-25": {
            "cash": 3,
            "stock": 0
        },
        "2020-09-04": {
            "cash": 3,
            "stock": 0
        },
        "2021-09-03": {
            "cash": 3,
            "stock": 0
        },
        "2022-09-02": {
            "cash": 2.5,
            "stock": 0
        },
        "2023-08-10": {
            "cash": 3,
            "stock": 0
        }
    },
    "prices": {
        "200101": "無",
        "200102": "無",
        "200103": "無",
        "200104": "無",
        "200105": "無",
        "200106": "無",
        "200107": "無",
        "200108": "無",
        "200109": "無",
        "200110": "無",
        "200111": "無",
        "200112": "無",
        "200201": "無",
        "200202": "無",
        "200203": "無",
        "200204": "無",
        "200205": "無",
        "200206": "無",
        "200207": "無",
        "200208": "無",
        "200209": "無",
        "200210": "無",
        "200211": "無",
        "200212": "無",
        "200301": "無",
        "200302": "無",
        "200303": "無",
        "200304": "無",
        "200305": "無",
        "200306": "無",
        "200307": "無",
        "200308": "無",
        "200309": "無",
        "200310": "無",
        "200311": "無",
        "200312": "無",
        "200401": "無",
        "200402": "無",
        "200403": "無",
        "200404": "無",
        "200405": "無",
        "200406": "無",
        "200407": "無",
        "200408": "無",
        "200409": "無",
        "200410": "無",
        "200411": "無",
        "200412": "無",
        "200501": "無",
        "200502": "無",
        "200503": "無",
        "200504": "無",
        "200505": "無",
        "200506": "無",
        "200507": "無",
        "200508": "無",
        "200509": "無",
        "200510": "無",
        "200511": "無",
        "200512": "無",
        "200601": "無",
        "200602": "無",
        "200603": "無",
        "200604": "無",
        "200605": "無",
        "200606": "無",
        "200607": "無",
        "200608": "無",
        "200609": "無",
        "200610": "無",
        "200611": "無",
        "200612": "50.04",
        "200701": "51.65",
        "200702": "55.82",
        "200703": "61.26",
        "200704": "67.13",
        "200705": "64.78",
        "200706": "68.62",
        "200707": "77.64",
        "200708": "76.66",
        "200709": "75.41",
        "200710": "72.22",
        "200711": "72.25",
        "200712": "66.26",
        "200801": "59.08",
        "200802": "57.83",
        "200803": "59.41",
        "200804": "59.84",
        "200805": "56.87",
        "200806": "49.91",
        "200807": "42.11",
        "200808": "41.05",
        "200809": "34.81",
        "200810": "27.78",
        "200811": "24.69",
        "200812": "22.33",
        "200901": "21.54",
        "200902": "20.06",
        "200903": "21.54",
        "200904": "23.79",
        "200905": "23.37",
        "200906": "23.75",
        "200907": "25.67",
        "200908": "28.36",
        "200909": "25.78",
        "200910": "25.62",
        "200911": "25.25",
        "200912": "28.47",
        "201001": "30.06",
        "201002": "29.40",
        "201003": "31.52",
        "201004": "36.14",
        "201005": "34.99",
        "201006": "36.84",
        "201007": "34.92",
        "201008": "33.92",
        "201009": "33.65",
        "201010": "34.82",
        "201011": "36.23",
        "201012": "38.33",
        "201101": "41.00",
        "201102": "38.10",
        "201103": "35.75",
        "201104": "37.04",
        "201105": "37.65",
        "201106": "36.00",
        "201107": "37.48",
        "201108": "34.79",
        "201109": "35.18",
        "201110": "35.21",
        "201111": "41.07",
        "201112": "39.37",
        "201201": "39.96",
        "201202": "51.81",
        "201203": "53.63",
        "201204": "50.06",
        "201205": "47.60",
        "201206": "43.92",
        "201207": "45.98",
        "201208": "45.45",
        "201209": "44.73",
        "201210": "40.76",
        "201211": "39.49",
        "201212": "39.79",
        "201301": "42.01",
        "201302": "42.95",
        "201303": "42.66",
        "201304": "40.80",
        "201305": "41.52",
        "201306": "40.87",
        "201307": "39.92",
        "201308": "40.34",
        "201309": "40.24",
        "201310": "42.28",
        "201311": "42.50",
        "201312": "44.58",
        "201401": "58.79",
        "201402": "74.15",
        "201403": "86.01",
        "201404": "96.01",
        "201405": "90.29",
        "201406": "101.30",
        "201407": "92.40",
        "201408": "83.24",
        "201409": "80.33",
        "201410": "73.86",
        "201411": "70.95",
        "201412": "74.78",
        "201501": "79.06",
        "201502": "89.80",
        "201503": "89.27",
        "201504": "89.72",
        "201505": "82.74",
        "201506": "69.23",
        "201507": "68.52",
        "201508": "63.70",
        "201509": "62.95",
        "201510": "66.41",
        "201511": "65.95",
        "201512": "64.85",
        "201601": "62.02",
        "201602": "62.74",
        "201603": "66.20",
        "201604": "66.47",
        "201605": "60.90",
        "201606": "58.74",
        "201607": "57.66",
        "201608": "59.62",
        "201609": "56.87",
        "201610": "57.24",
        "201611": "49.67",
        "201612": "51.50",
        "201701": "56.89",
        "201702": "58.35",
        "201703": "68.85",
        "201704": "63.89",
        "201705": "62.60",
        "201706": "63.77",
        "201707": "61.30",
        "201708": "62.21",
        "201709": "62.86",
        "201710": "62.44",
        "201711": "63.05",
        "201712": "63.07",
        "201801": "64.76",
        "201802": "65.92",
        "201803": "64.31",
        "201804": "62.93",
        "201805": "61.60",
        "201806": "64.96",
        "201807": "63.87",
        "201808": "63.77",
        "201809": "60.32",
        "201810": "53.44",
        "201811": "50.38",
        "201812": "50.00",
        "201901": "50.65",
        "201902": "51.88",
        "201903": "54.32",
        "201904": "58.22",
        "201905": "58.16",
        "201906": "57.53",
        "201907": "57.08",
        "201908": "53.86",
        "201909": "52.52",
        "201910": "53.54",
        "201911": "54.41",
        "201912": "56.74",
        "202001": "60.56",
        "202002": "59.72",
        "202003": "54.76",
        "202004": "59.18",
        "202005": "60.57",
        "202006": "59.82",
        "202007": "59.95",
        "202008": "59.65",
        "202009": "59.56",
        "202010": "59.83",
        "202011": "59.93",
        "202012": "60.62",
        "202101": "62.46",
        "202102": "63.10",
        "202103": "63.57",
        "202104": "64.87",
        "202105": "62.71",
        "202106": "66.22",
        "202107": "65.75",
        "202108": "65.76",
        "202109": "63.57",
        "202110": "62.68",
        "202111": "62.84",
        "202112": "62.61",
        "202201": "61.80",
        "202202": "59.93",
        "202203": "56.34",
        "202204": "55.65",
        "202205": "56.76",
        "202206": "57.83",
        "202207": "59.34",
        "202208": "61.19",
        "202209": "61.60",
        "202210": "61.60",
        "202211": "61.49",
        "202212": "61.63",
        "202301": "61.76",
        "202302": "61.84",
        "202303": "66.44",
        "202304": "67.22",
        "202305": "67.50",
        "202306": "70.18",
        "202307": "70.17",
        "202308": "65.68",
        "202309": "62.82",
        "202310": "62.78",
        "202311": "64.20",
        "202312": "66.72"
    },
    "quarters": {
        "20011": {
            "year_quarter": 20011,
            "year": 2001,
            "quarter": 1,
            "eps": null,
            "eps_growth_year": null,
            "eps_4q": null,
            "eps_4q_growth_year": null,
            "roe": null,
            "roe_4q": 0,
            "gross_profit": null,
            "gross_margin": null,
            "gross_margin_4q_avg": 0,
            "net_income": null,
            "net_income_4q": null,
            "revenue": null,
            "revenue_4q": null,
            "common_shares": null,
            "book_valuer_per_share": null,
            "book_valuer_per_share_4q_avg": 0,
            "equity": null,
            "current_ratio": null,
            "debt_ratio": null,
            "inventory_turnover_ratio": null,
            "account_receivable_turnover_ratio": null,
            "reinvestment_rate": null,
            "research_to_sale_ratio": null,
            "price_fair": 0,
            "eps_avg_yearly": 0,
            "eps_latest_yearly": 0,
            "eps_growth_yearly": 0
        },
        "20012": {
            "year_quarter": 20012,
            "year": 2001,
            "quarter": 2,
            "eps": null,
            "eps_growth_year": null,
            "eps_4q": null,
            "eps_4q_growth_year": null,
            "roe": null,
            "roe_4q": 0,
            "gross_profit": null,
            "gross_margin": null,
            "gross_margin_4q_avg": 0,
            "net_income": null,
            "net_income_4q": null,
            "revenue": null,
            "revenue_4q": null,
            "common_shares": null,
            "book_valuer_per_share": null,
            "book_valuer_per_share_4q_avg": 0,
            "equity": null,
            "current_ratio": null,
            "debt_ratio": null,
            "inventory_turnover_ratio": null,
            "account_receivable_turnover_ratio": null,
            "reinvestment_rate": null,
            "research_to_sale_ratio": null,
            "price_fair": 0,
            "eps_avg_yearly": 0,
            "eps_latest_yearly": 0,
            "eps_growth_yearly": 0
        },
        "20013": {
            "year_quarter": 20013,
            "year": 2001,
            "quarter": 3,
            "eps": null,
            "eps_growth_year": null,
            "eps_4q": null,
            "eps_4q_growth_year": null,
            "roe": null,
            "roe_4q": 0,
            "gross_profit": null,
            "gross_margin": null,
            "gross_margin_4q_avg": 0,
            "net_income": null,
            "net_income_4q": null,
            "revenue": null,
            "revenue_4q": null,
            "common_shares": null,
            "book_valuer_per_share": null,
            "book_valuer_per_share_4q_avg": 0,
            "equity": null,
            "current_ratio": null,
            "debt_ratio": null,
            "inventory_turnover_ratio": null,
            "account_receivable_turnover_ratio": null,
            "reinvestment_rate": null,
            "research_to_sale_ratio": null,
            "price_fair": 0,
            "eps_avg_yearly": 0,
            "eps_latest_yearly": 0,
            "eps_growth_yearly": 0
        },
        "20014": {
            "year_quarter": 20014,
            "year": 2001,
            "quarter": 4,
            "eps": null,
            "eps_growth_year": null,
            "eps_4q": null,
            "eps_4q_growth_year": null,
            "roe": null,
            "roe_4q": 0,
            "gross_profit": null,
            "gross_margin": null,
            "gross_margin_4q_avg": 0,
            "net_income": null,
            "net_income_4q": null,
            "revenue": null,
            "revenue_4q": null,
            "common_shares": 509268,
            "book_valuer_per_share": 12.9,
            "book_valuer_per_share_4q_avg": 3.23,
            "equity": 656813,
            "current_ratio": 178.54,
            "debt_ratio": 33.66,
            "inventory_turnover_ratio": null,
            "account_receivable_turnover_ratio": null,
            "reinvestment_rate": null,
            "research_to_sale_ratio": null,
            "price_fair": 0,
            "eps_avg_yearly": 0,
            "eps_latest_yearly": 0,
            "eps_growth_yearly": 0
        },
        "20021": {
            "year_quarter": 20021,
            "year": 2002,
            "quarter": 1,
            "eps": null,
            "eps_growth_year": null,
            "eps_4q": null,
            "eps_4q_growth_year": null,
            "roe": null,
            "roe_4q": 0,
            "gross_profit": null,
            "gross_margin": null,
            "gross_margin_4q_avg": 0,
            "net_income": null,
            "net_income_4q": null,
            "revenue": null,
            "revenue_4q": null,
            "common_shares": null,
            "book_valuer_per_share": null,
            "book_valuer_per_share_4q_avg": 3.23,
            "equity": null,
            "current_ratio": null,
            "debt_ratio": null,
            "inventory_turnover_ratio": null,
            "account_receivable_turnover_ratio": null,
            "reinvestment_rate": null,
            "research_to_sale_ratio": null,
            "price_fair": 0,
            "eps_avg_yearly": 0,
            "eps_latest_yearly": 0,
            "eps_growth_yearly": 0
        },
        "20022": {
            "year_quarter": 20022,
            "year": 2002,
            "quarter": 2,
            "eps": null,
            "eps_growth_year": null,
            "eps_4q": null,
            "eps_4q_growth_year": null,
            "roe": null,
            "roe_4q": 0,
            "gross_profit": null,
            "gross_margin": null,
            "gross_margin_4q_avg": 0,
            "net_income": null,
            "net_income_4q": null,
            "revenue": null,
            "revenue_4q": null,
            "common_shares": null,
            "book_valuer_per_share": null,
            "book_valuer_per_share_4q_avg": 3.23,
            "equity": null,
            "current_ratio": null,
            "debt_ratio": null,
            "inventory_turnover_ratio": null,
            "account_receivable_turnover_ratio": null,
            "reinvestment_rate": null,
            "research_to_sale_ratio": null,
            "price_fair": 0,
            "eps_avg_yearly": 0,
            "eps_latest_yearly": 0,
            "eps_growth_yearly": 0
        },
        "20023": {
            "year_quarter": 20023,
            "year": 2002,
            "quarter": 3,
            "eps": null,
            "eps_growth_year": null,
            "eps_4q": null,
            "eps_4q_growth_year": null,
            "roe": null,
            "roe_4q": 0,
            "gross_profit": null,
            "gross_margin": null,
            "gross_margin_4q_avg": 0,
            "net_income": null,
            "net_income_4q": null,
            "revenue": null,
            "revenue_4q": null,
            "common_shares": null,
            "book_valuer_per_share": null,
            "book_valuer_per_share_4q_avg": 3.23,
            "equity": null,
            "current_ratio": null,
            "debt_ratio": null,
            "inventory_turnover_ratio": null,
            "account_receivable_turnover_ratio": null,
            "reinvestment_rate": null,
            "research_to_sale_ratio": null,
            "price_fair": 0,
            "eps_avg_yearly": 0,
            "eps_latest_yearly": 0,
            "eps_growth_yearly": 0
        },
        "20024": {
            "year_quarter": 20024,
            "year": 2002,
            "quarter": 4,
            "eps": null,
            "eps_growth_year": null,
            "eps_4q": null,
            "eps_4q_growth_year": null,
            "roe": null,
            "roe_4q": 0,
            "gross_profit": null,
            "gross_margin": null,
            "gross_margin_4q_avg": 0,
            "net_income": null,
            "net_income_4q": null,
            "revenue": null,
            "revenue_4q": null,
            "common_shares": null,
            "book_valuer_per_share": null,
            "book_valuer_per_share_4q_avg": 0,
            "equity": null,
            "current_ratio": null,
            "debt_ratio": null,
            "inventory_turnover_ratio": null,
            "account_receivable_turnover_ratio": null,
            "reinvestment_rate": null,
            "research_to_sale_ratio": null,
            "price_fair": 0,
            "eps_avg_yearly": 0,
            "eps_latest_yearly": 0,
            "eps_growth_yearly": 0
        },
        "20031": {
            "year_quarter": 20031,
            "year": 2003,
            "quarter": 1,
            "eps": null,
            "eps_growth_year": null,
            "eps_4q": null,
            "eps_4q_growth_year": null,
            "roe": null,
            "roe_4q": 0,
            "gross_profit": null,
            "gross_margin": null,
            "gross_margin_4q_avg": 0,
            "net_income": null,
            "net_income_4q": null,
            "revenue": null,
            "revenue_4q": null,
            "common_shares": null,
            "book_valuer_per_share": null,
            "book_valuer_per_share_4q_avg": 0,
            "equity": null,
            "current_ratio": null,
            "debt_ratio": null,
            "inventory_turnover_ratio": null,
            "account_receivable_turnover_ratio": null,
            "reinvestment_rate": null,
            "research_to_sale_ratio": null,
            "price_fair": 0,
            "eps_avg_yearly": 0,
            "eps_latest_yearly": 0,
            "eps_growth_yearly": 0
        },
        "20032": {
            "year_quarter": 20032,
            "year": 2003,
            "quarter": 2,
            "eps": null,
            "eps_growth_year": null,
            "eps_4q": null,
            "eps_4q_growth_year": null,
            "roe": null,
            "roe_4q": 0,
            "gross_profit": null,
            "gross_margin": null,
            "gross_margin_4q_avg": 0,
            "net_income": null,
            "net_income_4q": null,
            "revenue": null,
            "revenue_4q": null,
            "common_shares": null,
            "book_valuer_per_share": null,
            "book_valuer_per_share_4q_avg": 0,
            "equity": null,
            "current_ratio": null,
            "debt_ratio": null,
            "inventory_turnover_ratio": null,
            "account_receivable_turnover_ratio": null,
            "reinvestment_rate": null,
            "research_to_sale_ratio": null,
            "price_fair": 0,
            "eps_avg_yearly": 0,
            "eps_latest_yearly": 0,
            "eps_growth_yearly": 0
        },
        "20033": {
            "year_quarter": 20033,
            "year": 2003,
            "quarter": 3,
            "eps": null,
            "eps_growth_year": null,
            "eps_4q": null,
            "eps_4q_growth_year": null,
            "roe": null,
            "roe_4q": 0,
            "gross_profit": null,
            "gross_margin": null,
            "gross_margin_4q_avg": 0,
            "net_income": null,
            "net_income_4q": null,
            "revenue": null,
            "revenue_4q": null,
            "common_shares": null,
            "book_valuer_per_share": null,
            "book_valuer_per_share_4q_avg": 0,
            "equity": null,
            "current_ratio": null,
            "debt_ratio": null,
            "inventory_turnover_ratio": null,
            "account_receivable_turnover_ratio": null,
            "reinvestment_rate": null,
            "research_to_sale_ratio": null,
            "price_fair": 0,
            "eps_avg_yearly": 0,
            "eps_latest_yearly": 0,
            "eps_growth_yearly": 0
        },
        "20034": {
            "year_quarter": 20034,
            "year": 2003,
            "quarter": 4,
            "eps": null,
            "eps_growth_year": null,
            "eps_4q": null,
            "eps_4q_growth_year": null,
            "roe": null,
            "roe_4q": 0,
            "gross_profit": null,
            "gross_margin": null,
            "gross_margin_4q_avg": 0,
            "net_income": null,
            "net_income_4q": null,
            "revenue": null,
            "revenue_4q": null,
            "common_shares": 550000,
            "book_valuer_per_share": 15.17,
            "book_valuer_per_share_4q_avg": 3.79,
            "equity": 834386,
            "current_ratio": 124.77,
            "debt_ratio": 47.8,
            "inventory_turnover_ratio": null,
            "account_receivable_turnover_ratio": null,
            "reinvestment_rate": null,
            "research_to_sale_ratio": null,
            "price_fair": 0,
            "eps_avg_yearly": 0,
            "eps_latest_yearly": 0,
            "eps_growth_yearly": 0
        },
        "20041": {
            "year_quarter": 20041,
            "year": 2004,
            "quarter": 1,
            "eps": null,
            "eps_growth_year": null,
            "eps_4q": null,
            "eps_4q_growth_year": null,
            "roe": null,
            "roe_4q": 0,
            "gross_profit": null,
            "gross_margin": null,
            "gross_margin_4q_avg": 0,
            "net_income": null,
            "net_income_4q": null,
            "revenue": null,
            "revenue_4q": null,
            "common_shares": null,
            "book_valuer_per_share": null,
            "book_valuer_per_share_4q_avg": 3.79,
            "equity": null,
            "current_ratio": null,
            "debt_ratio": null,
            "inventory_turnover_ratio": null,
            "account_receivable_turnover_ratio": null,
            "reinvestment_rate": null,
            "research_to_sale_ratio": null,
            "price_fair": 0,
            "eps_avg_yearly": 0,
            "eps_latest_yearly": 0,
            "eps_growth_yearly": 0
        },
        "20042": {
            "year_quarter": 20042,
            "year": 2004,
            "quarter": 2,
            "eps": null,
            "eps_growth_year": null,
            "eps_4q": null,
            "eps_4q_growth_year": null,
            "roe": null,
            "roe_4q": 0,
            "gross_profit": null,
            "gross_margin": null,
            "gross_margin_4q_avg": 0,
            "net_income": null,
            "net_income_4q": null,
            "revenue": null,
            "revenue_4q": null,
            "common_shares": null,
            "book_valuer_per_share": null,
            "book_valuer_per_share_4q_avg": 3.79,
            "equity": null,
            "current_ratio": null,
            "debt_ratio": null,
            "inventory_turnover_ratio": null,
            "account_receivable_turnover_ratio": null,
            "reinvestment_rate": null,
            "research_to_sale_ratio": null,
            "price_fair": 0,
            "eps_avg_yearly": 0,
            "eps_latest_yearly": 0,
            "eps_growth_yearly": 0
        },
        "20043": {
            "year_quarter": 20043,
            "year": 2004,
            "quarter": 3,
            "eps": null,
            "eps_growth_year": null,
            "eps_4q": null,
            "eps_4q_growth_year": null,
            "roe": null,
            "roe_4q": 0,
            "gross_profit": null,
            "gross_margin": null,
            "gross_margin_4q_avg": 0,
            "net_income": null,
            "net_income_4q": null,
            "revenue": null,
            "revenue_4q": null,
            "common_shares": null,
            "book_valuer_per_share": null,
            "book_valuer_per_share_4q_avg": 3.79,
            "equity": null,
            "current_ratio": null,
            "debt_ratio": null,
            "inventory_turnover_ratio": null,
            "account_receivable_turnover_ratio": null,
            "reinvestment_rate": null,
            "research_to_sale_ratio": null,
            "price_fair": 0,
            "eps_avg_yearly": 0,
            "eps_latest_yearly": 0,
            "eps_growth_yearly": 0
        },
        "20044": {
            "year_quarter": 20044,
            "year": 2004,
            "quarter": 4,
            "eps": null,
            "eps_growth_year": null,
            "eps_4q": null,
            "eps_4q_growth_year": null,
            "roe": null,
            "roe_4q": 0,
            "gross_profit": null,
            "gross_margin": null,
            "gross_margin_4q_avg": 0,
            "net_income": null,
            "net_income_4q": null,
            "revenue": null,
            "revenue_4q": null,
            "common_shares": 608000,
            "book_valuer_per_share": 15.72,
            "book_valuer_per_share_4q_avg": 3.93,
            "equity": 955790,
            "current_ratio": 128.41,
            "debt_ratio": 50.46,
            "inventory_turnover_ratio": null,
            "account_receivable_turnover_ratio": null,
            "reinvestment_rate": null,
            "research_to_sale_ratio": null,
            "price_fair": 0,
            "eps_avg_yearly": 0,
            "eps_latest_yearly": 0,
            "eps_growth_yearly": 0
        },
        "20051": {
            "year_quarter": 20051,
            "year": 2005,
            "quarter": 1,
            "eps": null,
            "eps_growth_year": null,
            "eps_4q": null,
            "eps_4q_growth_year": null,
            "roe": null,
            "roe_4q": 0,
            "gross_profit": null,
            "gross_margin": null,
            "gross_margin_4q_avg": 0,
            "net_income": null,
            "net_income_4q": null,
            "revenue": null,
            "revenue_4q": null,
            "common_shares": null,
            "book_valuer_per_share": null,
            "book_valuer_per_share_4q_avg": 3.93,
            "equity": null,
            "current_ratio": null,
            "debt_ratio": null,
            "inventory_turnover_ratio": null,
            "account_receivable_turnover_ratio": null,
            "reinvestment_rate": null,
            "research_to_sale_ratio": null,
            "price_fair": 0,
            "eps_avg_yearly": 0,
            "eps_latest_yearly": 0,
            "eps_growth_yearly": 0
        },
        "20052": {
            "year_quarter": 20052,
            "year": 2005,
            "quarter": 2,
            "eps": null,
            "eps_growth_year": null,
            "eps_4q": null,
            "eps_4q_growth_year": null,
            "roe": null,
            "roe_4q": 0,
            "gross_profit": null,
            "gross_margin": null,
            "gross_margin_4q_avg": 0,
            "net_income": null,
            "net_income_4q": null,
            "revenue": null,
            "revenue_4q": null,
            "common_shares": null,
            "book_valuer_per_share": null,
            "book_valuer_per_share_4q_avg": 3.93,
            "equity": null,
            "current_ratio": null,
            "debt_ratio": null,
            "inventory_turnover_ratio": null,
            "account_receivable_turnover_ratio": null,
            "reinvestment_rate": null,
            "research_to_sale_ratio": null,
            "price_fair": 0,
            "eps_avg_yearly": 0,
            "eps_latest_yearly": 0,
            "eps_growth_yearly": 0
        },
        "20053": {
            "year_quarter": 20053,
            "year": 2005,
            "quarter": 3,
            "eps": null,
            "eps_growth_year": null,
            "eps_4q": null,
            "eps_4q_growth_year": null,
            "roe": null,
            "roe_4q": 0,
            "gross_profit": null,
            "gross_margin": null,
            "gross_margin_4q_avg": 0,
            "net_income": null,
            "net_income_4q": null,
            "revenue": null,
            "revenue_4q": null,
            "common_shares": null,
            "book_valuer_per_share": null,
            "book_valuer_per_share_4q_avg": 3.93,
            "equity": null,
            "current_ratio": null,
            "debt_ratio": null,
            "inventory_turnover_ratio": null,
            "account_receivable_turnover_ratio": null,
            "reinvestment_rate": null,
            "research_to_sale_ratio": null,
            "price_fair": 0,
            "eps_avg_yearly": 0,
            "eps_latest_yearly": 0,
            "eps_growth_yearly": 0
        },
        "20054": {
            "year_quarter": 20054,
            "year": 2005,
            "quarter": 4,
            "eps": null,
            "eps_growth_year": null,
            "eps_4q": null,
            "eps_4q_growth_year": null,
            "roe": null,
            "roe_4q": 0,
            "gross_profit": null,
            "gross_margin": null,
            "gross_margin_4q_avg": 0,
            "net_income": null,
            "net_income_4q": null,
            "revenue": null,
            "revenue_4q": null,
            "common_shares": 674205,
            "book_valuer_per_share": 17.09,
            "book_valuer_per_share_4q_avg": 4.27,
            "equity": 1983643,
            "current_ratio": 154.05,
            "debt_ratio": 53.54,
            "inventory_turnover_ratio": null,
            "account_receivable_turnover_ratio": null,
            "reinvestment_rate": null,
            "research_to_sale_ratio": null,
            "price_fair": 0,
            "eps_avg_yearly": 0,
            "eps_latest_yearly": 0,
            "eps_growth_yearly": 0
        },
        "20061": {
            "year_quarter": 20061,
            "year": 2006,
            "quarter": 1,
            "eps": null,
            "eps_growth_year": null,
            "eps_4q": null,
            "eps_4q_growth_year": null,
            "roe": null,
            "roe_4q": 0,
            "gross_profit": null,
            "gross_margin": null,
            "gross_margin_4q_avg": 0,
            "net_income": null,
            "net_income_4q": null,
            "revenue": null,
            "revenue_4q": null,
            "common_shares": null,
            "book_valuer_per_share": null,
            "book_valuer_per_share_4q_avg": 4.27,
            "equity": null,
            "current_ratio": null,
            "debt_ratio": null,
            "inventory_turnover_ratio": null,
            "account_receivable_turnover_ratio": null,
            "reinvestment_rate": null,
            "research_to_sale_ratio": null,
            "price_fair": 0,
            "eps_avg_yearly": 0,
            "eps_latest_yearly": 0,
            "eps_growth_yearly": 0
        },
        "20062": {
            "year_quarter": 20062,
            "year": 2006,
            "quarter": 2,
            "eps": null,
            "eps_growth_year": null,
            "eps_4q": null,
            "eps_4q_growth_year": null,
            "roe": null,
            "roe_4q": 0,
            "gross_profit": null,
            "gross_margin": null,
            "gross_margin_4q_avg": 0,
            "net_income": null,
            "net_income_4q": null,
            "revenue": null,
            "revenue_4q": null,
            "common_shares": null,
            "book_valuer_per_share": null,
            "book_valuer_per_share_4q_avg": 4.27,
            "equity": null,
            "current_ratio": null,
            "debt_ratio": null,
            "inventory_turnover_ratio": null,
            "account_receivable_turnover_ratio": null,
            "reinvestment_rate": null,
            "research_to_sale_ratio": null,
            "price_fair": 0,
            "eps_avg_yearly": 0,
            "eps_latest_yearly": 0,
            "eps_growth_yearly": 0
        },
        "20063": {
            "year_quarter": 20063,
            "year": 2006,
            "quarter": 3,
            "eps": 1.85,
            "eps_growth_year": null,
            "eps_4q": null,
            "eps_4q_growth_year": null,
            "roe": 9.73,
            "roe_4q": 9.73,
            "gross_profit": 160318,
            "gross_margin": 29.78,
            "gross_margin_4q_avg": 7.45,
            "net_income": 125850,
            "net_income_4q": null,
            "revenue": 538310,
            "revenue_4q": null,
            "common_shares": 678705,
            "book_valuer_per_share": 19.06,
            "book_valuer_per_share_4q_avg": 9.04,
            "equity": 1293928,
            "current_ratio": 139.17,
            "debt_ratio": 50.63,
            "inventory_turnover_ratio": 0.87,
            "account_receivable_turnover_ratio": null,
            "reinvestment_rate": null,
            "research_to_sale_ratio": null,
            "price_fair": 0,
            "eps_avg_yearly": 0,
            "eps_latest_yearly": 0,
            "eps_growth_yearly": 0
        },
        "20064": {
            "year_quarter": 20064,
            "year": 2006,
            "quarter": 4,
            "eps": 2.14,
            "eps_growth_year": null,
            "eps_4q": null,
            "eps_4q_growth_year": null,
            "roe": 7.74,
            "roe_4q": 17.47,
            "gross_profit": 164796,
            "gross_margin": 28.71,
            "gross_margin_4q_avg": 14.62,
            "net_income": 145573,
            "net_income_4q": null,
            "revenue": 573981,
            "revenue_4q": null,
            "common_shares": 678705,
            "book_valuer_per_share": 21.13,
            "book_valuer_per_share_4q_avg": 10.05,
            "equity": 2466808,
            "current_ratio": 174.99,
            "debt_ratio": 51.67,
            "inventory_turnover_ratio": 0.44,
            "account_receivable_turnover_ratio": null,
            "reinvestment_rate": null,
            "research_to_sale_ratio": null,
            "price_fair": 299.6,
            "eps_avg_yearly": 8.56,
            "eps_latest_yearly": 8.56,
            "eps_growth_yearly": 62.7
        },
        "20071": {
            "year_quarter": 20071,
            "year": 2007,
            "quarter": 1,
            "eps": 1.59,
            "eps_growth_year": null,
            "eps_4q": null,
            "eps_4q_growth_year": null,
            "roe": 5.33,
            "roe_4q": 22.8,
            "gross_profit": 148342,
            "gross_margin": 30.85,
            "gross_margin_4q_avg": 22.34,
            "net_income": 107930,
            "net_income_4q": null,
            "revenue": 480851,
            "revenue_4q": null,
            "common_shares": 678705,
            "book_valuer_per_share": 23.34,
            "book_valuer_per_share_4q_avg": 15.88,
            "equity": 1584376,
            "current_ratio": 157.35,
            "debt_ratio": 44.04,
            "inventory_turnover_ratio": 0.34,
            "account_receivable_turnover_ratio": null,
            "reinvestment_rate": null,
            "research_to_sale_ratio": null,
            "price_fair": 22.38,
            "eps_avg_yearly": 7.46,
            "eps_latest_yearly": 6.36,
            "eps_growth_yearly": -20.05
        },
        "20072": {
            "year_quarter": 20072,
            "year": 2007,
            "quarter": 2,
            "eps": 2,
            "eps_growth_year": null,
            "eps_4q": 7.6,
            "eps_4q_growth_year": null,
            "roe": 8.69,
            "roe_4q": 31.49,
            "gross_profit": 211245,
            "gross_margin": 32.2,
            "gross_margin_4q_avg": 30.39,
            "net_income": 135430,
            "net_income_4q": null,
            "revenue": 656099,
            "revenue_4q": null,
            "common_shares": 678705,
            "book_valuer_per_share": 22.6,
            "book_valuer_per_share_4q_avg": 21.53,
            "equity": 1533742,
            "current_ratio": 135.37,
            "debt_ratio": 49.58,
            "inventory_turnover_ratio": 0.87,
            "account_receivable_turnover_ratio": null,
            "reinvestment_rate": null,
            "research_to_sale_ratio": null,
            "price_fair": 236.95,
            "eps_avg_yearly": 7.64,
            "eps_latest_yearly": 8,
            "eps_growth_yearly": 21.01
        },
        "20073": {
            "year_quarter": 20073,
            "year": 2007,
            "quarter": 3,
            "eps": 1.99,
            "eps_growth_year": 7.57,
            "eps_4q": 7.11,
            "eps_4q_growth_year": null,
            "roe": 9.4,
            "roe_4q": 31.160000000000004,
            "gross_profit": 194586,
            "gross_margin": 32.5,
            "gross_margin_4q_avg": 31.07,
            "net_income": 151030,
            "net_income_4q": null,
            "revenue": 598696,
            "revenue_4q": null,
            "common_shares": 757133,
            "book_valuer_per_share": 22.21,
            "book_valuer_per_share_4q_avg": 22.32,
            "equity": 1681387,
            "current_ratio": 134.87,
            "debt_ratio": 47.57,
            "inventory_turnover_ratio": 0.75,
            "account_receivable_turnover_ratio": null,
            "reinvestment_rate": null,
            "research_to_sale_ratio": null,
            "price_fair": 195.01,
            "eps_avg_yearly": 7.72,
            "eps_latest_yearly": 7.96,
            "eps_growth_yearly": 15.26
        },
        "20074": {
            "year_quarter": 20074,
            "year": 2007,
            "quarter": 4,
            "eps": 1.39,
            "eps_growth_year": -35.05,
            "eps_4q": 6.61,
            "eps_4q_growth_year": null,
            "roe": 4.27,
            "roe_4q": 27.689999999999998,
            "gross_profit": 202341,
            "gross_margin": 29.74,
            "gross_margin_4q_avg": 31.32,
            "net_income": 105044,
            "net_income_4q": null,
            "revenue": 680477,
            "revenue_4q": null,
            "common_shares": 757133,
            "book_valuer_per_share": 23.97,
            "book_valuer_per_share_4q_avg": 23.03,
            "equity": 3235445,
            "current_ratio": 154.06,
            "debt_ratio": 49.42,
            "inventory_turnover_ratio": 0.36,
            "account_receivable_turnover_ratio": null,
            "reinvestment_rate": null,
            "research_to_sale_ratio": null,
            "price_fair": 21.86,
            "eps_avg_yearly": 7.29,
            "eps_latest_yearly": 5.56,
            "eps_growth_yearly": -11.91
        },
        "20081": {
            "year_quarter": 20081,
            "year": 2008,
            "quarter": 1,
            "eps": 0.64,
            "eps_growth_year": -59.75,
            "eps_4q": 2.31,
            "eps_4q_growth_year": null,
            "roe": 3.53,
            "roe_4q": 25.89,
            "gross_profit": 418157,
            "gross_margin": 27.83,
            "gross_margin_4q_avg": 30.57,
            "net_income": 123325,
            "net_income_4q": null,
            "revenue": 1502328,
            "revenue_4q": null,
            "common_shares": 844373,
            "book_valuer_per_share": 27.3,
            "book_valuer_per_share_4q_avg": 24.02,
            "equity": 3744235,
            "current_ratio": 168.22,
            "debt_ratio": 44.91,
            "inventory_turnover_ratio": 0.5,
            "account_receivable_turnover_ratio": null,
            "reinvestment_rate": null,
            "research_to_sale_ratio": null,
            "price_fair": 19.5,
            "eps_avg_yearly": 6.5,
            "eps_latest_yearly": 2.56,
            "eps_growth_yearly": -45.9
        },
        "20082": {
            "year_quarter": 20082,
            "year": 2008,
            "quarter": 2,
            "eps": 1.28,
            "eps_growth_year": -36,
            "eps_4q": 2.73,
            "eps_4q_growth_year": -64.12,
            "roe": 5.61,
            "roe_4q": 22.810000000000002,
            "gross_profit": 489450,
            "gross_margin": 28.89,
            "gross_margin_4q_avg": 29.74,
            "net_income": 194439,
            "net_income_4q": null,
            "revenue": 1694176,
            "revenue_4q": null,
            "common_shares": 844373,
            "book_valuer_per_share": 22.6,
            "book_valuer_per_share_4q_avg": 24.02,
            "equity": 3182322,
            "current_ratio": 133.39,
            "debt_ratio": 55.07,
            "inventory_turnover_ratio": 0.51,
            "account_receivable_turnover_ratio": null,
            "reinvestment_rate": null,
            "research_to_sale_ratio": null,
            "price_fair": 175.23,
            "eps_avg_yearly": 6.3,
            "eps_latest_yearly": 5.12,
            "eps_growth_yearly": 17.8
        },
        "20083": {
            "year_quarter": 20083,
            "year": 2008,
            "quarter": 3,
            "eps": 1.83,
            "eps_growth_year": -8.04,
            "eps_4q": 3.07,
            "eps_4q_growth_year": -56.8,
            "roe": 7.57,
            "roe_4q": 20.98,
            "gross_profit": 541763,
            "gross_margin": 31.43,
            "gross_margin_4q_avg": 29.47,
            "net_income": 251235,
            "net_income_4q": null,
            "revenue": 1723853,
            "revenue_4q": null,
            "common_shares": 892595,
            "book_valuer_per_share": 23.29,
            "book_valuer_per_share_4q_avg": 24.29,
            "equity": 3457321,
            "current_ratio": 141.83,
            "debt_ratio": 51.7,
            "inventory_turnover_ratio": 0.46,
            "account_receivable_turnover_ratio": null,
            "reinvestment_rate": null,
            "research_to_sale_ratio": null,
            "price_fair": 225.05,
            "eps_avg_yearly": 6.43,
            "eps_latest_yearly": 7.32,
            "eps_growth_yearly": 37.06
        },
        "20084": {
            "year_quarter": 20084,
            "year": 2008,
            "quarter": 4,
            "eps": -1.9,
            "eps_growth_year": -236.69,
            "eps_4q": 0.64,
            "eps_4q_growth_year": -90.31,
            "roe": -4.52,
            "roe_4q": 12.19,
            "gross_profit": 267391,
            "gross_margin": 23.53,
            "gross_margin_4q_avg": 27.92,
            "net_income": -153800,
            "net_income_4q": null,
            "revenue": 1136251,
            "revenue_4q": null,
            "common_shares": 892595,
            "book_valuer_per_share": 21.98,
            "book_valuer_per_share_4q_avg": 23.79,
            "equity": 3353976,
            "current_ratio": 185.82,
            "debt_ratio": 48.67,
            "inventory_turnover_ratio": 0.34,
            "account_receivable_turnover_ratio": 1.82,
            "reinvestment_rate": null,
            "research_to_sale_ratio": null,
            "price_fair": 225.05,
            "eps_avg_yearly": 6.43,
            "eps_latest_yearly": 7.32,
            "eps_growth_yearly": 37.06
        },
        "20091": {
            "year_quarter": 20091,
            "year": 2009,
            "quarter": 1,
            "eps": -0.06,
            "eps_growth_year": -109.38,
            "eps_4q": 1.05,
            "eps_4q_growth_year": -54.49,
            "roe": 0.08,
            "roe_4q": 8.740000000000002,
            "gross_profit": 87866,
            "gross_margin": 22.81,
            "gross_margin_4q_avg": 26.67,
            "net_income": 2758,
            "net_income_4q": null,
            "revenue": 385145,
            "revenue_4q": null,
            "common_shares": 892595,
            "book_valuer_per_share": 22,
            "book_valuer_per_share_4q_avg": 22.47,
            "equity": 3374129,
            "current_ratio": 200.66,
            "debt_ratio": 45.16,
            "inventory_turnover_ratio": 0.12,
            "account_receivable_turnover_ratio": 0.37,
            "reinvestment_rate": null,
            "research_to_sale_ratio": null,
            "price_fair": 225.05,
            "eps_avg_yearly": 6.43,
            "eps_latest_yearly": 7.32,
            "eps_growth_yearly": 37.06
        },
        "20092": {
            "year_quarter": 20092,
            "year": 2009,
            "quarter": 2,
            "eps": 0.01,
            "eps_growth_year": -99.22,
            "eps_4q": -0.12,
            "eps_4q_growth_year": -104.57,
            "roe": 0.28,
            "roe_4q": 3.410000000000001,
            "gross_profit": 134742,
            "gross_margin": 23.34,
            "gross_margin_4q_avg": 25.28,
            "net_income": 9264,
            "net_income_4q": null,
            "revenue": 577215,
            "revenue_4q": null,
            "common_shares": 892595,
            "book_valuer_per_share": 21.54,
            "book_valuer_per_share_4q_avg": 22.2,
            "equity": 3266998,
            "current_ratio": 197.24,
            "debt_ratio": 45.33,
            "inventory_turnover_ratio": 0.18,
            "account_receivable_turnover_ratio": 0.72,
            "reinvestment_rate": null,
            "research_to_sale_ratio": null,
            "price_fair": 225.05,
            "eps_avg_yearly": 6.43,
            "eps_latest_yearly": 7.32,
            "eps_growth_yearly": 37.06
        },
        "20093": {
            "year_quarter": 20093,
            "year": 2009,
            "quarter": 3,
            "eps": 0.23,
            "eps_growth_year": -87.43,
            "eps_4q": -1.04,
            "eps_4q_growth_year": -133.97,
            "roe": 1.01,
            "roe_4q": -3.1499999999999995,
            "gross_profit": 155090,
            "gross_margin": 20.84,
            "gross_margin_4q_avg": 22.63,
            "net_income": 32833,
            "net_income_4q": null,
            "revenue": 744301,
            "revenue_4q": null,
            "common_shares": 945016,
            "book_valuer_per_share": 20.52,
            "book_valuer_per_share_4q_avg": 21.51,
            "equity": 3255721,
            "current_ratio": 184.11,
            "debt_ratio": 45.11,
            "inventory_turnover_ratio": 0.27,
            "account_receivable_turnover_ratio": 0.9,
            "reinvestment_rate": null,
            "research_to_sale_ratio": null,
            "price_fair": 203.62,
            "eps_avg_yearly": 5.82,
            "eps_latest_yearly": 0.92,
            "eps_growth_yearly": 1010.72
        },
        "20094": {
            "year_quarter": 20094,
            "year": 2009,
            "quarter": 4,
            "eps": 0.18,
            "eps_growth_year": null,
            "eps_4q": 0.35,
            "eps_4q_growth_year": -45.11,
            "roe": 0.58,
            "roe_4q": 1.95,
            "gross_profit": 194938,
            "gross_margin": 22.62,
            "gross_margin_4q_avg": 22.4,
            "net_income": 18818,
            "net_income_4q": null,
            "revenue": 861611,
            "revenue_4q": null,
            "common_shares": 945996,
            "book_valuer_per_share": 21.17,
            "book_valuer_per_share_4q_avg": 21.31,
            "equity": 3186097,
            "current_ratio": 155.01,
            "debt_ratio": 46.79,
            "inventory_turnover_ratio": 0.33,
            "account_receivable_turnover_ratio": 1.59,
            "reinvestment_rate": null,
            "research_to_sale_ratio": null,
            "price_fair": 185.78,
            "eps_avg_yearly": 5.31,
            "eps_latest_yearly": 0.72,
            "eps_growth_yearly": 900.95
        },
        "20101": {
            "year_quarter": 20101,
            "year": 2010,
            "quarter": 1,
            "eps": 0.32,
            "eps_growth_year": null,
            "eps_4q": 0.73,
            "eps_4q_growth_year": -30.79,
            "roe": 1.72,
            "roe_4q": 3.59,
            "gross_profit": 232912,
            "gross_margin": 24.63,
            "gross_margin_4q_avg": 22.86,
            "net_income": 55508,
            "net_income_4q": null,
            "revenue": 945727,
            "revenue_4q": null,
            "common_shares": 945996,
            "book_valuer_per_share": 21.65,
            "book_valuer_per_share_4q_avg": 21.22,
            "equity": 3278794,
            "current_ratio": 148.17,
            "debt_ratio": 48.72,
            "inventory_turnover_ratio": 0.36,
            "account_receivable_turnover_ratio": 0.76,
            "reinvestment_rate": null,
            "research_to_sale_ratio": 2.49,
            "price_fair": 172.96,
            "eps_avg_yearly": 4.94,
            "eps_latest_yearly": 1.28,
            "eps_growth_yearly": 847.33
        },
        "20102": {
            "year_quarter": 20102,
            "year": 2010,
            "quarter": 2,
            "eps": 0.66,
            "eps_growth_year": 6482.21,
            "eps_4q": 1.38,
            "eps_4q_growth_year": null,
            "roe": 2.83,
            "roe_4q": 6.14,
            "gross_profit": 313402,
            "gross_margin": 26.41,
            "gross_margin_4q_avg": 23.63,
            "net_income": 93039,
            "net_income_4q": null,
            "revenue": 1186700,
            "revenue_4q": null,
            "common_shares": 945996,
            "book_valuer_per_share": 21.84,
            "book_valuer_per_share_4q_avg": 21.3,
            "equity": 3303069,
            "current_ratio": 141.27,
            "debt_ratio": 51.89,
            "inventory_turnover_ratio": 0.41,
            "account_receivable_turnover_ratio": 0.78,
            "reinvestment_rate": 225.94,
            "research_to_sale_ratio": 1.76,
            "price_fair": 166.25,
            "eps_avg_yearly": 4.75,
            "eps_latest_yearly": 2.64,
            "eps_growth_yearly": 812.14
        },
        "20103": {
            "year_quarter": 20103,
            "year": 2010,
            "quarter": 3,
            "eps": 0.85,
            "eps_growth_year": 267.87,
            "eps_4q": 1.99,
            "eps_4q_growth_year": null,
            "roe": 3.99,
            "roe_4q": 9.120000000000001,
            "gross_profit": 426653,
            "gross_margin": 29.43,
            "gross_margin_4q_avg": 25.77,
            "net_income": 134374,
            "net_income_4q": null,
            "revenue": 1449886,
            "revenue_4q": null,
            "common_shares": 950186,
            "book_valuer_per_share": 22.62,
            "book_valuer_per_share_4q_avg": 21.82,
            "equity": 3428794,
            "current_ratio": 139.77,
            "debt_ratio": 53.33,
            "inventory_turnover_ratio": 0.45,
            "account_receivable_turnover_ratio": 0.9,
            "reinvestment_rate": 208.85,
            "research_to_sale_ratio": 2.08,
            "price_fair": 162.62,
            "eps_avg_yearly": 4.65,
            "eps_latest_yearly": 3.4,
            "eps_growth_yearly": 758.52
        },
        "20104": {
            "year_quarter": 20104,
            "year": 2010,
            "quarter": 4,
            "eps": 0.47,
            "eps_growth_year": 158.42,
            "eps_4q": 2.31,
            "eps_4q_growth_year": 557.85,
            "roe": 2.42,
            "roe_4q": 10.96,
            "gross_profit": 399461,
            "gross_margin": 24.53,
            "gross_margin_4q_avg": 26.25,
            "net_income": 80978,
            "net_income_4q": null,
            "revenue": 1628677,
            "revenue_4q": null,
            "common_shares": 950796,
            "book_valuer_per_share": 22.17,
            "book_valuer_per_share_4q_avg": 22.07,
            "equity": 3274757,
            "current_ratio": 129.19,
            "debt_ratio": 56.12,
            "inventory_turnover_ratio": 0.53,
            "account_receivable_turnover_ratio": 0.94,
            "reinvestment_rate": 171.96,
            "research_to_sale_ratio": 1.66,
            "price_fair": 144.63,
            "eps_avg_yearly": 4.13,
            "eps_latest_yearly": 1.88,
            "eps_growth_yearly": 739.94
        },
        "20111": {
            "year_quarter": 20111,
            "year": 2011,
            "quarter": 1,
            "eps": 0.6,
            "eps_growth_year": 87.5,
            "eps_4q": 2.6,
            "eps_4q_growth_year": 257.49,
            "roe": 2.24,
            "roe_4q": 11.48,
            "gross_profit": 284171,
            "gross_margin": 24.09,
            "gross_margin_4q_avg": 26.12,
            "net_income": 74488,
            "net_income_4q": null,
            "revenue": 1179610,
            "revenue_4q": null,
            "common_shares": 950796,
            "book_valuer_per_share": 23.02,
            "book_valuer_per_share_4q_avg": 22.41,
            "equity": 3377494,
            "current_ratio": 132.06,
            "debt_ratio": 58.48,
            "inventory_turnover_ratio": 0.36,
            "account_receivable_turnover_ratio": 0.6,
            "reinvestment_rate": 250.92,
            "research_to_sale_ratio": 2.78,
            "price_fair": 133.97,
            "eps_avg_yearly": 3.83,
            "eps_latest_yearly": 2.4,
            "eps_growth_yearly": 756.36
        },
        "20112": {
            "year_quarter": 20112,
            "year": 2011,
            "quarter": 2,
            "eps": 1.3,
            "eps_growth_year": 98.05,
            "eps_4q": 3.14,
            "eps_4q_growth_year": 128.24,
            "roe": 4.82,
            "roe_4q": 13.47,
            "gross_profit": 436852,
            "gross_margin": 25.08,
            "gross_margin_4q_avg": 25.78,
            "net_income": 162274,
            "net_income_4q": null,
            "revenue": 1741779,
            "revenue_4q": null,
            "common_shares": 926056,
            "book_valuer_per_share": 23.13,
            "book_valuer_per_share_4q_avg": 22.74,
            "equity": 3357205,
            "current_ratio": 128.67,
            "debt_ratio": 60.8,
            "inventory_turnover_ratio": 0.48,
            "account_receivable_turnover_ratio": 0.8,
            "reinvestment_rate": 245.16,
            "research_to_sale_ratio": 1.55,
            "price_fair": 126.43,
            "eps_avg_yearly": 3.61,
            "eps_latest_yearly": 5.2,
            "eps_growth_yearly": 784.33
        },
        "20113": {
            "year_quarter": 20113,
            "year": 2011,
            "quarter": 3,
            "eps": 1.86,
            "eps_growth_year": 119.6,
            "eps_4q": 4.18,
            "eps_4q_growth_year": 109.77,
            "roe": 6.56,
            "roe_4q": 16.04,
            "gross_profit": 414279,
            "gross_margin": 24.44,
            "gross_margin_4q_avg": 24.54,
            "net_income": 229821,
            "net_income_4q": null,
            "revenue": 1694968,
            "revenue_4q": null,
            "common_shares": 971560,
            "book_valuer_per_share": 24.34,
            "book_valuer_per_share_4q_avg": 23.17,
            "equity": 3650847,
            "current_ratio": 133.81,
            "debt_ratio": 59.22,
            "inventory_turnover_ratio": 0.43,
            "account_receivable_turnover_ratio": 0.74,
            "reinvestment_rate": 249.87,
            "research_to_sale_ratio": 1.69,
            "price_fair": 125.03,
            "eps_avg_yearly": 3.57,
            "eps_latest_yearly": 7.44,
            "eps_growth_yearly": 797.73
        },
        "20114": {
            "year_quarter": 20114,
            "year": 2011,
            "quarter": 4,
            "eps": 1.3,
            "eps_growth_year": 180.4,
            "eps_4q": 5.02,
            "eps_4q_growth_year": 117.39,
            "roe": 4.61,
            "roe_4q": 18.23,
            "gross_profit": 539226,
            "gross_margin": 29.97,
            "gross_margin_4q_avg": 25.9,
            "net_income": 173358,
            "net_income_4q": null,
            "revenue": 1799383,
            "revenue_4q": null,
            "common_shares": 975930,
            "book_valuer_per_share": 26.02,
            "book_valuer_per_share_4q_avg": 24.13,
            "equity": 3871979,
            "current_ratio": 141.19,
            "debt_ratio": 57.55,
            "inventory_turnover_ratio": 0.39,
            "account_receivable_turnover_ratio": 0.78,
            "reinvestment_rate": 174.96,
            "research_to_sale_ratio": 2.54,
            "price_fair": 124.06,
            "eps_avg_yearly": 3.54,
            "eps_latest_yearly": 5.2,
            "eps_growth_yearly": 797.75
        },
        "20121": {
            "year_quarter": 20121,
            "year": 2012,
            "quarter": 1,
            "eps": 1.28,
            "eps_growth_year": 113.33,
            "eps_4q": 5.73,
            "eps_4q_growth_year": 120.74,
            "roe": 4.18,
            "roe_4q": 20.169999999999998,
            "gross_profit": 509611,
            "gross_margin": 29.88,
            "gross_margin_4q_avg": 27.34,
            "net_income": 165053,
            "net_income_4q": null,
            "revenue": 1705806,
            "revenue_4q": null,
            "common_shares": 975930,
            "book_valuer_per_share": 27.12,
            "book_valuer_per_share_4q_avg": 25.15,
            "equity": 4033575,
            "current_ratio": 144.27,
            "debt_ratio": 56.37,
            "inventory_turnover_ratio": 0.37,
            "account_receivable_turnover_ratio": 0.69,
            "reinvestment_rate": 174.55,
            "research_to_sale_ratio": 1.85,
            "price_fair": 130.95,
            "eps_avg_yearly": 3.74,
            "eps_latest_yearly": 5.12,
            "eps_growth_yearly": 813.88
        },
        "20122": {
            "year_quarter": 20122,
            "year": 2012,
            "quarter": 2,
            "eps": 1.4,
            "eps_growth_year": 7.59,
            "eps_4q": 5.84,
            "eps_4q_growth_year": 85.76,
            "roe": 4.53,
            "roe_4q": 19.88,
            "gross_profit": 515523,
            "gross_margin": 26.96,
            "gross_margin_4q_avg": 27.81,
            "net_income": 178493,
            "net_income_4q": null,
            "revenue": 1912492,
            "revenue_4q": null,
            "common_shares": 975930,
            "book_valuer_per_share": 26.08,
            "book_valuer_per_share_4q_avg": 25.89,
            "equity": 3852790,
            "current_ratio": 140.26,
            "debt_ratio": 60.35,
            "inventory_turnover_ratio": 0.43,
            "account_receivable_turnover_ratio": 0.69,
            "reinvestment_rate": 185.15,
            "research_to_sale_ratio": 1.33,
            "price_fair": 132.25,
            "eps_avg_yearly": 3.78,
            "eps_latest_yearly": 5.6,
            "eps_growth_yearly": 785.99
        },
        "20123": {
            "year_quarter": 20123,
            "year": 2012,
            "quarter": 3,
            "eps": 0.96,
            "eps_growth_year": -48.18,
            "eps_4q": 4.95,
            "eps_4q_growth_year": 18.4,
            "roe": 3.68,
            "roe_4q": 17,
            "gross_profit": 461468,
            "gross_margin": 28.74,
            "gross_margin_4q_avg": 28.89,
            "net_income": 143396,
            "net_income_4q": null,
            "revenue": 1605675,
            "revenue_4q": null,
            "common_shares": 975930,
            "book_valuer_per_share": 26.92,
            "book_valuer_per_share_4q_avg": 26.54,
            "equity": 3948846,
            "current_ratio": 145.44,
            "debt_ratio": 57.48,
            "inventory_turnover_ratio": 0.35,
            "account_receivable_turnover_ratio": 0.59,
            "reinvestment_rate": 221.14,
            "research_to_sale_ratio": 1.87,
            "price_fair": 122.88,
            "eps_avg_yearly": 3.51,
            "eps_latest_yearly": 3.84,
            "eps_growth_yearly": 763.1
        },
        "20124": {
            "year_quarter": 20124,
            "year": 2012,
            "quarter": 4,
            "eps": 0.56,
            "eps_growth_year": -57.42,
            "eps_4q": 4.19,
            "eps_4q_growth_year": -16.7,
            "roe": 1.73,
            "roe_4q": 14.120000000000001,
            "gross_profit": 379975,
            "gross_margin": 25.99,
            "gross_margin_4q_avg": 27.89,
            "net_income": 68717,
            "net_income_4q": null,
            "revenue": 1461882,
            "revenue_4q": null,
            "common_shares": 979680,
            "book_valuer_per_share": 27.32,
            "book_valuer_per_share_4q_avg": 26.86,
            "equity": 3999550,
            "current_ratio": 153.1,
            "debt_ratio": 53.52,
            "inventory_turnover_ratio": 0.34,
            "account_receivable_turnover_ratio": 0.61,
            "reinvestment_rate": 179.43,
            "research_to_sale_ratio": 2.83,
            "price_fair": 119.7,
            "eps_avg_yearly": 3.42,
            "eps_latest_yearly": 2.24,
            "eps_growth_yearly": 696.69
        },
        "20131": {
            "year_quarter": 20131,
            "year": 2013,
            "quarter": 1,
            "eps": 1.13,
            "eps_growth_year": -11.72,
            "eps_4q": 4.04,
            "eps_4q_growth_year": -29.46,
            "roe": 3.57,
            "roe_4q": 13.510000000000002,
            "gross_profit": 337192,
            "gross_margin": 26.64,
            "gross_margin_4q_avg": 27.08,
            "net_income": 147436,
            "net_income_4q": null,
            "revenue": 1265924,
            "revenue_4q": null,
            "common_shares": 979680,
            "book_valuer_per_share": 29.86,
            "book_valuer_per_share_4q_avg": 27.55,
            "equity": 4258320,
            "current_ratio": 148.34,
            "debt_ratio": 54.05,
            "inventory_turnover_ratio": 0.29,
            "account_receivable_turnover_ratio": 0.64,
            "reinvestment_rate": 31.77,
            "research_to_sale_ratio": 2.1,
            "price_fair": 122.27,
            "eps_avg_yearly": 3.49,
            "eps_latest_yearly": 4.52,
            "eps_growth_yearly": 677.38
        },
        "20132": {
            "year_quarter": 20132,
            "year": 2013,
            "quarter": 2,
            "eps": 0.83,
            "eps_growth_year": -40.82,
            "eps_4q": 3.47,
            "eps_4q_growth_year": -40.5,
            "roe": 2.67,
            "roe_4q": 11.65,
            "gross_profit": 375005,
            "gross_margin": 23.95,
            "gross_margin_4q_avg": 26.33,
            "net_income": 111395,
            "net_income_4q": null,
            "revenue": 1565897,
            "revenue_4q": null,
            "common_shares": 979680,
            "book_valuer_per_share": 28.81,
            "book_valuer_per_share_4q_avg": 28.23,
            "equity": 4089391,
            "current_ratio": 145.05,
            "debt_ratio": 55.14,
            "inventory_turnover_ratio": 0.36,
            "account_receivable_turnover_ratio": 0.9,
            "reinvestment_rate": 33.96,
            "research_to_sale_ratio": 1.83,
            "price_fair": 121.89,
            "eps_avg_yearly": 3.48,
            "eps_latest_yearly": 3.32,
            "eps_growth_yearly": 628.41
        },
        "20133": {
            "year_quarter": 20133,
            "year": 2013,
            "quarter": 3,
            "eps": 0.83,
            "eps_growth_year": -13.8,
            "eps_4q": 3.34,
            "eps_4q_growth_year": -32.47,
            "roe": 2.46,
            "roe_4q": 10.43,
            "gross_profit": 374025,
            "gross_margin": 25.86,
            "gross_margin_4q_avg": 25.61,
            "net_income": 101014,
            "net_income_4q": null,
            "revenue": 1446553,
            "revenue_4q": null,
            "common_shares": 979680,
            "book_valuer_per_share": 29.34,
            "book_valuer_per_share_4q_avg": 28.83,
            "equity": 4139252,
            "current_ratio": 145.31,
            "debt_ratio": 54.2,
            "inventory_turnover_ratio": 0.32,
            "account_receivable_turnover_ratio": 0.84,
            "reinvestment_rate": 32.07,
            "research_to_sale_ratio": 2.17,
            "price_fair": 127.14,
            "eps_avg_yearly": 3.63,
            "eps_latest_yearly": 3.32,
            "eps_growth_yearly": 78.41
        },
        "20134": {
            "year_quarter": 20134,
            "year": 2013,
            "quarter": 4,
            "eps": 1.26,
            "eps_growth_year": 126.14,
            "eps_4q": 4.03,
            "eps_4q_growth_year": -3.67,
            "roe": 4.12,
            "roe_4q": 12.82,
            "gross_profit": 431048,
            "gross_margin": 26.87,
            "gross_margin_4q_avg": 25.83,
            "net_income": 174206,
            "net_income_4q": null,
            "revenue": 1604390,
            "revenue_4q": null,
            "common_shares": 967430,
            "book_valuer_per_share": 30.69,
            "book_valuer_per_share_4q_avg": 29.68,
            "equity": 4315418,
            "current_ratio": 135.44,
            "debt_ratio": 55.94,
            "inventory_turnover_ratio": 0.35,
            "account_receivable_turnover_ratio": 0.95,
            "reinvestment_rate": -11.42,
            "research_to_sale_ratio": 1.72,
            "price_fair": 136.59,
            "eps_avg_yearly": 3.9,
            "eps_latest_yearly": 5.04,
            "eps_growth_yearly": 96.8
        },
        "20141": {
            "year_quarter": 20141,
            "year": 2014,
            "quarter": 1,
            "eps": 1.2,
            "eps_growth_year": 6.19,
            "eps_4q": 4.11,
            "eps_4q_growth_year": 1.66,
            "roe": 3.67,
            "roe_4q": 12.92,
            "gross_profit": 424628,
            "gross_margin": 26.13,
            "gross_margin_4q_avg": 25.7,
            "net_income": 163035,
            "net_income_4q": null,
            "revenue": 1624918,
            "revenue_4q": null,
            "common_shares": 967430,
            "book_valuer_per_share": 31.81,
            "book_valuer_per_share_4q_avg": 30.16,
            "equity": 4581231,
            "current_ratio": 133.12,
            "debt_ratio": 56.26,
            "inventory_turnover_ratio": 0.36,
            "account_receivable_turnover_ratio": 0.9,
            "reinvestment_rate": 21.97,
            "research_to_sale_ratio": 2.06,
            "price_fair": 144.29,
            "eps_avg_yearly": 4.12,
            "eps_latest_yearly": 4.8,
            "eps_growth_yearly": 76.16
        },
        "20142": {
            "year_quarter": 20142,
            "year": 2014,
            "quarter": 2,
            "eps": 1.28,
            "eps_growth_year": 54.22,
            "eps_4q": 4.44,
            "eps_4q_growth_year": 27.73,
            "roe": 3.33,
            "roe_4q": 13.580000000000002,
            "gross_profit": 542311,
            "gross_margin": 27.54,
            "gross_margin_4q_avg": 26.6,
            "net_income": 148633,
            "net_income_4q": null,
            "revenue": 1969106,
            "revenue_4q": null,
            "common_shares": 967430,
            "book_valuer_per_share": 30.18,
            "book_valuer_per_share_4q_avg": 30.51,
            "equity": 4337734,
            "current_ratio": 126.34,
            "debt_ratio": 59.56,
            "inventory_turnover_ratio": 0.42,
            "account_receivable_turnover_ratio": 0.95,
            "reinvestment_rate": 24.13,
            "research_to_sale_ratio": 1.95,
            "price_fair": 149.71,
            "eps_avg_yearly": 4.28,
            "eps_latest_yearly": 5.12,
            "eps_growth_yearly": 51.27
        },
        "20143": {
            "year_quarter": 20143,
            "year": 2014,
            "quarter": 3,
            "eps": 1.6,
            "eps_growth_year": 92.77,
            "eps_4q": 5.23,
            "eps_4q_growth_year": 56.6,
            "roe": 4.48,
            "roe_4q": 15.600000000000001,
            "gross_profit": 492288,
            "gross_margin": 25.28,
            "gross_margin_4q_avg": 26.46,
            "net_income": 199314,
            "net_income_4q": null,
            "revenue": 1947451,
            "revenue_4q": null,
            "common_shares": 996453,
            "book_valuer_per_share": 31.13,
            "book_valuer_per_share_4q_avg": 30.95,
            "equity": 4565815,
            "current_ratio": 129.23,
            "debt_ratio": 59.9,
            "inventory_turnover_ratio": 0.42,
            "account_receivable_turnover_ratio": 0.85,
            "reinvestment_rate": 20.48,
            "research_to_sale_ratio": 1.69,
            "price_fair": 156.28,
            "eps_avg_yearly": 4.47,
            "eps_latest_yearly": 6.4,
            "eps_growth_yearly": 50.32
        },
        "20144": {
            "year_quarter": 20144,
            "year": 2014,
            "quarter": 4,
            "eps": 2.86,
            "eps_growth_year": 127.49,
            "eps_4q": 6.86,
            "eps_4q_growth_year": 70.04,
            "roe": 7.19,
            "roe_4q": 18.67,
            "gross_profit": 617976,
            "gross_margin": 27.15,
            "gross_margin_4q_avg": 26.53,
            "net_income": 340530,
            "net_income_4q": null,
            "revenue": 2275746,
            "revenue_4q": null,
            "common_shares": 1000323,
            "book_valuer_per_share": 34.11,
            "book_valuer_per_share_4q_avg": 31.81,
            "equity": 4911132,
            "current_ratio": 130.7,
            "debt_ratio": 58.32,
            "inventory_turnover_ratio": 0.48,
            "account_receivable_turnover_ratio": 0.92,
            "reinvestment_rate": 15.8,
            "research_to_sale_ratio": 1.82,
            "price_fair": 177.19,
            "eps_avg_yearly": 5.06,
            "eps_latest_yearly": 11.44,
            "eps_growth_yearly": 81.18
        },
        "20151": {
            "year_quarter": 20151,
            "year": 2015,
            "quarter": 1,
            "eps": 1.28,
            "eps_growth_year": 6.67,
            "eps_4q": 6.97,
            "eps_4q_growth_year": 69.51,
            "roe": 3.2,
            "roe_4q": 18.200000000000003,
            "gross_profit": 487488,
            "gross_margin": 26.96,
            "gross_margin_4q_avg": 26.73,
            "net_income": 160200,
            "net_income_4q": null,
            "revenue": 1808125,
            "revenue_4q": null,
            "common_shares": 1000323,
            "book_valuer_per_share": 35.76,
            "book_valuer_per_share_4q_avg": 32.8,
            "equity": 5106429,
            "current_ratio": 143.82,
            "debt_ratio": 57.56,
            "inventory_turnover_ratio": 0.38,
            "account_receivable_turnover_ratio": 0.71,
            "reinvestment_rate": 6.77,
            "research_to_sale_ratio": 2.38,
            "price_fair": 183.14,
            "eps_avg_yearly": 5.23,
            "eps_latest_yearly": 5.12,
            "eps_growth_yearly": 60.46
        },
        "20152": {
            "year_quarter": 20152,
            "year": 2015,
            "quarter": 2,
            "eps": 0.83,
            "eps_growth_year": -35.16,
            "eps_4q": 6.56,
            "eps_4q_growth_year": 47.94,
            "roe": 1.84,
            "roe_4q": 16.71,
            "gross_profit": 486348,
            "gross_margin": 25.91,
            "gross_margin_4q_avg": 26.33,
            "net_income": 90664,
            "net_income_4q": null,
            "revenue": 1877425,
            "revenue_4q": null,
            "common_shares": 1000323,
            "book_valuer_per_share": 33.09,
            "book_valuer_per_share_4q_avg": 33.52,
            "equity": 4748051,
            "current_ratio": 138.7,
            "debt_ratio": 61.87,
            "inventory_turnover_ratio": 0.38,
            "account_receivable_turnover_ratio": 0.76,
            "reinvestment_rate": 3.85,
            "research_to_sale_ratio": 2.26,
            "price_fair": 166.25,
            "eps_avg_yearly": 5.12,
            "eps_latest_yearly": 3.32,
            "eps_growth_yearly": 22.5
        },
        "20153": {
            "year_quarter": 20153,
            "year": 2015,
            "quarter": 3,
            "eps": 2.84,
            "eps_growth_year": 77.5,
            "eps_4q": 7.8,
            "eps_4q_growth_year": 49.09,
            "roe": 7.39,
            "roe_4q": 19.62,
            "gross_profit": 476012,
            "gross_margin": 28.46,
            "gross_margin_4q_avg": 27.12,
            "net_income": 368841,
            "net_income_4q": null,
            "revenue": 1672578,
            "revenue_4q": null,
            "common_shares": 1000323,
            "book_valuer_per_share": 36.44,
            "book_valuer_per_share_4q_avg": 34.85,
            "equity": 5229991,
            "current_ratio": 144.43,
            "debt_ratio": 59.34,
            "inventory_turnover_ratio": 0.32,
            "account_receivable_turnover_ratio": 0.67,
            "reinvestment_rate": -2.54,
            "research_to_sale_ratio": 1.66,
            "price_fair": 187.6,
            "eps_avg_yearly": 5.36,
            "eps_latest_yearly": 11.36,
            "eps_growth_yearly": 72.28
        },
        "20154": {
            "year_quarter": 20154,
            "year": 2015,
            "quarter": 4,
            "eps": 1.27,
            "eps_growth_year": -55.73,
            "eps_4q": 6.2,
            "eps_4q_growth_year": -9.63,
            "roe": 2.86,
            "roe_4q": 15.29,
            "gross_profit": 487610,
            "gross_margin": 27.05,
            "gross_margin_4q_avg": 27.1,
            "net_income": 151195,
            "net_income_4q": null,
            "revenue": 1802360,
            "revenue_4q": null,
            "common_shares": 1003303,
            "book_valuer_per_share": 37.26,
            "book_valuer_per_share_4q_avg": 35.64,
            "equity": 5327315,
            "current_ratio": 141.39,
            "debt_ratio": 59.61,
            "inventory_turnover_ratio": 0.35,
            "account_receivable_turnover_ratio": 0.71,
            "reinvestment_rate": -12.02,
            "research_to_sale_ratio": 2.15,
            "price_fair": 187.34,
            "eps_avg_yearly": 5.35,
            "eps_latest_yearly": 5.08,
            "eps_growth_yearly": 65.98
        },
        "20161": {
            "year_quarter": 20161,
            "year": 2016,
            "quarter": 1,
            "eps": 0.55,
            "eps_growth_year": -57.03,
            "eps_4q": 5.47,
            "eps_4q_growth_year": -21.49,
            "roe": 1.31,
            "roe_4q": 13.399999999999999,
            "gross_profit": 362939,
            "gross_margin": 26.84,
            "gross_margin_4q_avg": 27.07,
            "net_income": 69926,
            "net_income_4q": null,
            "revenue": 1352319,
            "revenue_4q": null,
            "common_shares": 1003303,
            "book_valuer_per_share": 37.72,
            "book_valuer_per_share_4q_avg": 36.13,
            "equity": 5386303,
            "current_ratio": 146.79,
            "debt_ratio": 57.31,
            "inventory_turnover_ratio": 0.27,
            "account_receivable_turnover_ratio": 0.56,
            "reinvestment_rate": -17.36,
            "research_to_sale_ratio": 2.32,
            "price_fair": 180.95,
            "eps_avg_yearly": 5.17,
            "eps_latest_yearly": 2.2,
            "eps_growth_yearly": 52.19
        },
        "20162": {
            "year_quarter": 20162,
            "year": 2016,
            "quarter": 2,
            "eps": 0.45,
            "eps_growth_year": -45.78,
            "eps_4q": 4.63,
            "eps_4q_growth_year": -29.5,
            "roe": 1.3,
            "roe_4q": 12.86,
            "gross_profit": 433490,
            "gross_margin": 26.11,
            "gross_margin_4q_avg": 27.12,
            "net_income": 69792,
            "net_income_4q": null,
            "revenue": 1659942,
            "revenue_4q": null,
            "common_shares": 1003303,
            "book_valuer_per_share": 37.46,
            "book_valuer_per_share_4q_avg": 37.22,
            "equity": 5349295,
            "current_ratio": 155.1,
            "debt_ratio": 54.5,
            "inventory_turnover_ratio": 0.36,
            "account_receivable_turnover_ratio": 0.75,
            "reinvestment_rate": -21.79,
            "research_to_sale_ratio": 2.75,
            "price_fair": 172.64,
            "eps_avg_yearly": 4.93,
            "eps_latest_yearly": 1.8,
            "eps_growth_yearly": 45.3
        },
        "20163": {
            "year_quarter": 20163,
            "year": 2016,
            "quarter": 3,
            "eps": 0.31,
            "eps_growth_year": -89.08,
            "eps_4q": 2.36,
            "eps_4q_growth_year": -69.74,
            "roe": 0.87,
            "roe_4q": 6.34,
            "gross_profit": 421710,
            "gross_margin": 25.94,
            "gross_margin_4q_avg": 26.49,
            "net_income": 46532,
            "net_income_4q": null,
            "revenue": 1625982,
            "revenue_4q": null,
            "common_shares": 1103634,
            "book_valuer_per_share": 34.06,
            "book_valuer_per_share_4q_avg": 36.63,
            "equity": 5349332,
            "current_ratio": 158.48,
            "debt_ratio": 54.56,
            "inventory_turnover_ratio": 0.36,
            "account_receivable_turnover_ratio": 0.79,
            "reinvestment_rate": -28.26,
            "research_to_sale_ratio": 1.88,
            "price_fair": 166.95,
            "eps_avg_yearly": 4.77,
            "eps_latest_yearly": 1.24,
            "eps_growth_yearly": 45.38
        },
        "20164": {
            "year_quarter": 20164,
            "year": 2016,
            "quarter": 4,
            "eps": 1.03,
            "eps_growth_year": -18.93,
            "eps_4q": 2.24,
            "eps_4q_growth_year": -63.9,
            "roe": 2.58,
            "roe_4q": 6.0600000000000005,
            "gross_profit": 455058,
            "gross_margin": 24.64,
            "gross_margin_4q_avg": 25.88,
            "net_income": 139781,
            "net_income_4q": null,
            "revenue": 1846537,
            "revenue_4q": null,
            "common_shares": 1104004,
            "book_valuer_per_share": 35.08,
            "book_valuer_per_share_4q_avg": 36.08,
            "equity": 5479038,
            "current_ratio": 165.2,
            "debt_ratio": 53.92,
            "inventory_turnover_ratio": 0.41,
            "account_receivable_turnover_ratio": 0.93,
            "reinvestment_rate": -29.24,
            "research_to_sale_ratio": 2.68,
            "price_fair": 171.06,
            "eps_avg_yearly": 4.89,
            "eps_latest_yearly": 4.12,
            "eps_growth_yearly": 113.86
        },
        "20171": {
            "year_quarter": 20171,
            "year": 2017,
            "quarter": 1,
            "eps": -0.16,
            "eps_growth_year": -129.09,
            "eps_4q": 1.58,
            "eps_4q_growth_year": -71.06,
            "roe": -0.56,
            "roe_4q": 4.19,
            "gross_profit": 381328,
            "gross_margin": 24.05,
            "gross_margin_4q_avg": 25.19,
            "net_income": -30595,
            "net_income_4q": null,
            "revenue": 1585593,
            "revenue_4q": null,
            "common_shares": 1104004,
            "book_valuer_per_share": 34.43,
            "book_valuer_per_share_4q_avg": 35.26,
            "equity": 5362009,
            "current_ratio": 150.34,
            "debt_ratio": 56.85,
            "inventory_turnover_ratio": 0.35,
            "account_receivable_turnover_ratio": 0.78,
            "reinvestment_rate": 69.28,
            "research_to_sale_ratio": 2.65,
            "price_fair": 171.92,
            "eps_avg_yearly": 4.91,
            "eps_latest_yearly": 4.12,
            "eps_growth_yearly": 94.31
        },
        "20172": {
            "year_quarter": 20172,
            "year": 2017,
            "quarter": 2,
            "eps": 1.04,
            "eps_growth_year": 131.11,
            "eps_4q": 2.21,
            "eps_4q_growth_year": -52.23,
            "roe": 2.74,
            "roe_4q": 5.63,
            "gross_profit": 434202,
            "gross_margin": 23.86,
            "gross_margin_4q_avg": 24.62,
            "net_income": 144682,
            "net_income_4q": null,
            "revenue": 1820096,
            "revenue_4q": null,
            "common_shares": 1104004,
            "book_valuer_per_share": 34.58,
            "book_valuer_per_share_4q_avg": 34.54,
            "equity": 5204079,
            "current_ratio": 133.75,
            "debt_ratio": 61.46,
            "inventory_turnover_ratio": 0.39,
            "account_receivable_turnover_ratio": 0.85,
            "reinvestment_rate": 72.09,
            "research_to_sale_ratio": 1.68,
            "price_fair": 175.9,
            "eps_avg_yearly": 5.03,
            "eps_latest_yearly": 4.12,
            "eps_growth_yearly": 108.63
        },
        "20173": {
            "year_quarter": 20173,
            "year": 2017,
            "quarter": 3,
            "eps": 1.47,
            "eps_growth_year": 374.19,
            "eps_4q": 3.37,
            "eps_4q_growth_year": 42.84,
            "roe": 3.68,
            "roe_4q": 8.44,
            "gross_profit": 509369,
            "gross_margin": 25.37,
            "gross_margin_4q_avg": 24.48,
            "net_income": 195554,
            "net_income_4q": null,
            "revenue": 2008035,
            "revenue_4q": null,
            "common_shares": 1104004,
            "book_valuer_per_share": 36.15,
            "book_valuer_per_share_4q_avg": 35.06,
            "equity": 5414167,
            "current_ratio": 135.74,
            "debt_ratio": 61.25,
            "inventory_turnover_ratio": 0.41,
            "account_receivable_turnover_ratio": 0.87,
            "reinvestment_rate": 76.64,
            "research_to_sale_ratio": 2,
            "price_fair": 182.3,
            "eps_avg_yearly": 5.21,
            "eps_latest_yearly": 5.88,
            "eps_growth_yearly": 120.45
        },
        "20174": {
            "year_quarter": 20174,
            "year": 2017,
            "quarter": 4,
            "eps": 1.09,
            "eps_growth_year": 6.43,
            "eps_4q": 3.44,
            "eps_4q_growth_year": 53.77,
            "roe": 2.94,
            "roe_4q": 8.799999999999999,
            "gross_profit": 583238,
            "gross_margin": 26.94,
            "gross_margin_4q_avg": 25.06,
            "net_income": 161534,
            "net_income_4q": null,
            "revenue": 2164760,
            "revenue_4q": null,
            "common_shares": 1104004,
            "book_valuer_per_share": 37.24,
            "book_valuer_per_share_4q_avg": 35.6,
            "equity": 5567306,
            "current_ratio": 131.33,
            "debt_ratio": 62.16,
            "inventory_turnover_ratio": 0.43,
            "account_receivable_turnover_ratio": 0.9,
            "reinvestment_rate": 69.35,
            "research_to_sale_ratio": 2.07,
            "price_fair": 180.6,
            "eps_avg_yearly": 5.16,
            "eps_latest_yearly": 4.36,
            "eps_growth_yearly": 98.26
        },
        "20181": {
            "year_quarter": 20181,
            "year": 2018,
            "quarter": 1,
            "eps": 0.54,
            "eps_growth_year": null,
            "eps_4q": 4.13,
            "eps_4q_growth_year": 161.03,
            "roe": 1.61,
            "roe_4q": 10.97,
            "gross_profit": 481671,
            "gross_margin": 24.89,
            "gross_margin_4q_avg": 25.27,
            "net_income": 91303,
            "net_income_4q": null,
            "revenue": 1935315,
            "revenue_4q": null,
            "common_shares": 1104004,
            "book_valuer_per_share": 39.13,
            "book_valuer_per_share_4q_avg": 36.78,
            "equity": 5807643,
            "current_ratio": 129.72,
            "debt_ratio": 61.14,
            "inventory_turnover_ratio": 0.38,
            "account_receivable_turnover_ratio": 0.79,
            "reinvestment_rate": 37.73,
            "research_to_sale_ratio": 1.91,
            "price_fair": 174,
            "eps_avg_yearly": 4.97,
            "eps_latest_yearly": 2.16,
            "eps_growth_yearly": 85.2
        },
        "20182": {
            "year_quarter": 20182,
            "year": 2018,
            "quarter": 2,
            "eps": 2.21,
            "eps_growth_year": 112.5,
            "eps_4q": 5.31,
            "eps_4q_growth_year": 140.43,
            "roe": 5.43,
            "roe_4q": 13.66,
            "gross_profit": 557483,
            "gross_margin": 24.51,
            "gross_margin_4q_avg": 25.43,
            "net_income": 314240,
            "net_income_4q": null,
            "revenue": 2274084,
            "revenue_4q": null,
            "common_shares": 1104004,
            "book_valuer_per_share": 38.67,
            "book_valuer_per_share_4q_avg": 37.8,
            "equity": 5757009,
            "current_ratio": 128.25,
            "debt_ratio": 61.97,
            "inventory_turnover_ratio": 0.42,
            "account_receivable_turnover_ratio": 0.87,
            "reinvestment_rate": 30.72,
            "research_to_sale_ratio": 2.03,
            "price_fair": 183.3,
            "eps_avg_yearly": 5.24,
            "eps_latest_yearly": 8.84,
            "eps_growth_yearly": 171.66
        },
        "20183": {
            "year_quarter": 20183,
            "year": 2018,
            "quarter": 3,
            "eps": 1.15,
            "eps_growth_year": -21.77,
            "eps_4q": 4.99,
            "eps_4q_growth_year": 47.95,
            "roe": 2.54,
            "roe_4q": 12.52,
            "gross_profit": 523489,
            "gross_margin": 24.34,
            "gross_margin_4q_avg": 25.17,
            "net_income": 146865,
            "net_income_4q": null,
            "revenue": 2150982,
            "revenue_4q": null,
            "common_shares": 1104004,
            "book_valuer_per_share": 39.13,
            "book_valuer_per_share_4q_avg": 38.54,
            "equity": 5811877,
            "current_ratio": 128.06,
            "debt_ratio": 60.99,
            "inventory_turnover_ratio": 0.38,
            "account_receivable_turnover_ratio": 0.81,
            "reinvestment_rate": 31,
            "research_to_sale_ratio": 1.69,
            "price_fair": 178.8,
            "eps_avg_yearly": 5.11,
            "eps_latest_yearly": 4.6,
            "eps_growth_yearly": 150.81
        },
        "20184": {
            "year_quarter": 20184,
            "year": 2018,
            "quarter": 4,
            "eps": 1.51,
            "eps_growth_year": 38.12,
            "eps_4q": 5.41,
            "eps_4q_growth_year": 57.21,
            "roe": 3.62,
            "roe_4q": 13.2,
            "gross_profit": 414149,
            "gross_margin": 20.48,
            "gross_margin_4q_avg": 23.56,
            "net_income": 214013,
            "net_income_4q": null,
            "revenue": 2022065,
            "revenue_4q": null,
            "common_shares": 1104004,
            "book_valuer_per_share": 40.5,
            "book_valuer_per_share_4q_avg": 39.36,
            "equity": 6002166,
            "current_ratio": 131.79,
            "debt_ratio": 59.04,
            "inventory_turnover_ratio": 0.37,
            "account_receivable_turnover_ratio": 0.8,
            "reinvestment_rate": 29.33,
            "research_to_sale_ratio": 2.53,
            "price_fair": 165.3,
            "eps_avg_yearly": 4.72,
            "eps_latest_yearly": 6.04,
            "eps_growth_yearly": 137.26
        },
        "20191": {
            "year_quarter": 20191,
            "year": 2019,
            "quarter": 1,
            "eps": 0.93,
            "eps_growth_year": 72.22,
            "eps_4q": 5.8,
            "eps_4q_growth_year": 40.43,
            "roe": 2.17,
            "roe_4q": 13.76,
            "gross_profit": 399840,
            "gross_margin": 26.23,
            "gross_margin_4q_avg": 23.89,
            "net_income": 132300,
            "net_income_4q": null,
            "revenue": 1524087,
            "revenue_4q": null,
            "common_shares": 1104004,
            "book_valuer_per_share": 42.1,
            "book_valuer_per_share_4q_avg": 40.1,
            "equity": 6211741,
            "current_ratio": 132.41,
            "debt_ratio": 58.22,
            "inventory_turnover_ratio": 0.25,
            "account_receivable_turnover_ratio": 0.64,
            "reinvestment_rate": 32.45,
            "research_to_sale_ratio": 2.44,
            "price_fair": 161.8,
            "eps_avg_yearly": 4.62,
            "eps_latest_yearly": 3.72,
            "eps_growth_yearly": 142.07
        },
        "20192": {
            "year_quarter": 20192,
            "year": 2019,
            "quarter": 2,
            "eps": 0.83,
            "eps_growth_year": -62.44,
            "eps_4q": 4.41,
            "eps_4q_growth_year": -16.98,
            "roe": 2,
            "roe_4q": 10.33,
            "gross_profit": 398941,
            "gross_margin": 25.45,
            "gross_margin_4q_avg": 24.13,
            "net_income": 120761,
            "net_income_4q": null,
            "revenue": 1567640,
            "revenue_4q": null,
            "common_shares": 1104004,
            "book_valuer_per_share": 39.76,
            "book_valuer_per_share_4q_avg": 40.37,
            "equity": 5875862,
            "current_ratio": 131.94,
            "debt_ratio": 57.35,
            "inventory_turnover_ratio": 0.26,
            "account_receivable_turnover_ratio": 0.81,
            "reinvestment_rate": 34.19,
            "research_to_sale_ratio": 2.64,
            "price_fair": 161.8,
            "eps_avg_yearly": 4.62,
            "eps_latest_yearly": 3.32,
            "eps_growth_yearly": 149.04
        },
        "20193": {
            "year_quarter": 20193,
            "year": 2019,
            "quarter": 3,
            "eps": 0.61,
            "eps_growth_year": -46.96,
            "eps_4q": 3.87,
            "eps_4q_growth_year": -22.4,
            "roe": 1.36,
            "roe_4q": 9.15,
            "gross_profit": 389067,
            "gross_margin": 24.99,
            "gross_margin_4q_avg": 24.29,
            "net_income": 80305,
            "net_income_4q": null,
            "revenue": 1556943,
            "revenue_4q": null,
            "common_shares": 1104004,
            "book_valuer_per_share": 40.13,
            "book_valuer_per_share_4q_avg": 40.62,
            "equity": 5914428,
            "current_ratio": 137.27,
            "debt_ratio": 54.57,
            "inventory_turnover_ratio": 0.28,
            "account_receivable_turnover_ratio": 0.95,
            "reinvestment_rate": 34.58,
            "research_to_sale_ratio": 2.6,
            "price_fair": 139.5,
            "eps_avg_yearly": 3.99,
            "eps_latest_yearly": 2.44,
            "eps_growth_yearly": 72.27
        },
        "20194": {
            "year_quarter": 20194,
            "year": 2019,
            "quarter": 4,
            "eps": 0.07,
            "eps_growth_year": -95.58,
            "eps_4q": 2.43,
            "eps_4q_growth_year": -55.03,
            "roe": -0.06,
            "roe_4q": 5.47,
            "gross_profit": 306178,
            "gross_margin": 20.74,
            "gross_margin_4q_avg": 24.35,
            "net_income": -3807,
            "net_income_4q": null,
            "revenue": 1476049,
            "revenue_4q": null,
            "common_shares": 1104004,
            "book_valuer_per_share": 41.23,
            "book_valuer_per_share_4q_avg": 40.81,
            "equity": 6018584,
            "current_ratio": 139.25,
            "debt_ratio": 53.84,
            "inventory_turnover_ratio": 0.31,
            "account_receivable_turnover_ratio": 0.91,
            "reinvestment_rate": 36.66,
            "research_to_sale_ratio": 2.78,
            "price_fair": 127.5,
            "eps_avg_yearly": 3.64,
            "eps_latest_yearly": 0.28,
            "eps_growth_yearly": 62.78
        },
        "20201": {
            "year_quarter": 20201,
            "year": 2020,
            "quarter": 1,
            "eps": 2.98,
            "eps_growth_year": 220.43,
            "eps_4q": 4.48,
            "eps_4q_growth_year": -22.88,
            "roe": 8.11,
            "roe_4q": 11.409999999999998,
            "gross_profit": 168110,
            "gross_margin": 16.08,
            "gross_margin_4q_avg": 21.82,
            "net_income": 502721,
            "net_income_4q": null,
            "revenue": 1045616,
            "revenue_4q": null,
            "common_shares": 1104004,
            "book_valuer_per_share": 42.9,
            "book_valuer_per_share_4q_avg": 41.01,
            "equity": 6372338,
            "current_ratio": 155.8,
            "debt_ratio": 51.03,
            "inventory_turnover_ratio": 0.25,
            "account_receivable_turnover_ratio": 0.66,
            "reinvestment_rate": 6.53,
            "research_to_sale_ratio": 3.01,
            "price_fair": 151.8,
            "eps_avg_yearly": 4.34,
            "eps_latest_yearly": 11.92,
            "eps_growth_yearly": 1266.73
        },
        "20202": {
            "year_quarter": 20202,
            "year": 2020,
            "quarter": 2,
            "eps": 0.85,
            "eps_growth_year": 2.41,
            "eps_4q": 4.51,
            "eps_4q_growth_year": 2.22,
            "roe": 1.58,
            "roe_4q": 10.989999999999998,
            "gross_profit": 293307,
            "gross_margin": 21.2,
            "gross_margin_4q_avg": 20.75,
            "net_income": 100503,
            "net_income_4q": null,
            "revenue": 1383418,
            "revenue_4q": null,
            "common_shares": 1104004,
            "book_valuer_per_share": 42.98,
            "book_valuer_per_share_4q_avg": 41.81,
            "equity": 6311636,
            "current_ratio": 142.86,
            "debt_ratio": 51.14,
            "inventory_turnover_ratio": 0.32,
            "account_receivable_turnover_ratio": 0.86,
            "reinvestment_rate": 6.31,
            "research_to_sale_ratio": 2.57,
            "price_fair": 155.8,
            "eps_avg_yearly": 4.45,
            "eps_latest_yearly": 3.4,
            "eps_growth_yearly": 1251.5
        },
        "20203": {
            "year_quarter": 20203,
            "year": 2020,
            "quarter": 3,
            "eps": 0.09,
            "eps_growth_year": -85.25,
            "eps_4q": 3.99,
            "eps_4q_growth_year": 2.94,
            "roe": 0.37,
            "roe_4q": 9.999999999999998,
            "gross_profit": 240441,
            "gross_margin": 17.72,
            "gross_margin_4q_avg": 18.94,
            "net_income": 23665,
            "net_income_4q": null,
            "revenue": 1356600,
            "revenue_4q": null,
            "common_shares": 1104004,
            "book_valuer_per_share": 42.82,
            "book_valuer_per_share_4q_avg": 42.48,
            "equity": 6316375,
            "current_ratio": 135.95,
            "debt_ratio": 49.56,
            "inventory_turnover_ratio": 0.34,
            "account_receivable_turnover_ratio": 0.81,
            "reinvestment_rate": 9.91,
            "research_to_sale_ratio": 3.1,
            "price_fair": 153.6,
            "eps_avg_yearly": 4.39,
            "eps_latest_yearly": 0.36,
            "eps_growth_yearly": 1234.84
        },
        "20204": {
            "year_quarter": 20204,
            "year": 2020,
            "quarter": 4,
            "eps": 0.47,
            "eps_growth_year": 609.8,
            "eps_4q": 4.39,
            "eps_4q_growth_year": 80.65,
            "roe": 0.92,
            "roe_4q": 10.98,
            "gross_profit": 259146,
            "gross_margin": 18.26,
            "gross_margin_4q_avg": 18.32,
            "net_income": 58886,
            "net_income_4q": null,
            "revenue": 1419399,
            "revenue_4q": null,
            "common_shares": 1104004,
            "book_valuer_per_share": 44.02,
            "book_valuer_per_share_4q_avg": 43.18,
            "equity": 6465981,
            "current_ratio": 146.16,
            "debt_ratio": 47.47,
            "inventory_turnover_ratio": 0.38,
            "account_receivable_turnover_ratio": 0.85,
            "reinvestment_rate": 10.08,
            "research_to_sale_ratio": 3.13,
            "price_fair": 148,
            "eps_avg_yearly": 4.23,
            "eps_latest_yearly": 1.88,
            "eps_growth_yearly": 1289.12
        },
        "20211": {
            "year_quarter": 20211,
            "year": 2021,
            "quarter": 1,
            "eps": 1.04,
            "eps_growth_year": -65.1,
            "eps_4q": 2.46,
            "eps_4q_growth_year": -44.98,
            "roe": 2.03,
            "roe_4q": 4.9,
            "gross_profit": 327560,
            "gross_margin": 21.74,
            "gross_margin_4q_avg": 19.73,
            "net_income": 132769,
            "net_income_4q": null,
            "revenue": 1506666,
            "revenue_4q": null,
            "common_shares": 1104004,
            "book_valuer_per_share": 45.4,
            "book_valuer_per_share_4q_avg": 43.81,
            "equity": 6633938,
            "current_ratio": 150.32,
            "debt_ratio": 46.34,
            "inventory_turnover_ratio": 0.39,
            "account_receivable_turnover_ratio": 0.87,
            "reinvestment_rate": -1.42,
            "research_to_sale_ratio": 2.65,
            "price_fair": 147.84,
            "eps_avg_yearly": 4.22,
            "eps_latest_yearly": 4.16,
            "eps_growth_yearly": 1235.52
        },
        "20212": {
            "year_quarter": 20212,
            "year": 2021,
            "quarter": 2,
            "eps": 1.78,
            "eps_growth_year": 109.41,
            "eps_4q": 3.38,
            "eps_4q_growth_year": -25.02,
            "roe": 3.5,
            "roe_4q": 6.819999999999999,
            "gross_profit": 403473,
            "gross_margin": 22.96,
            "gross_margin_4q_avg": 20.17,
            "net_income": 234975,
            "net_income_4q": null,
            "revenue": 1757370,
            "revenue_4q": null,
            "common_shares": 1104004,
            "book_valuer_per_share": 46.83,
            "book_valuer_per_share_4q_avg": 44.77,
            "equity": 6789602,
            "current_ratio": 159.04,
            "debt_ratio": 48.23,
            "inventory_turnover_ratio": 0.44,
            "account_receivable_turnover_ratio": 0.96,
            "reinvestment_rate": -9.46,
            "research_to_sale_ratio": 2.51,
            "price_fair": 154.18,
            "eps_avg_yearly": 4.41,
            "eps_latest_yearly": 7.12,
            "eps_growth_yearly": 1176.09
        },
        "20213": {
            "year_quarter": 20213,
            "year": 2021,
            "quarter": 3,
            "eps": -0.31,
            "eps_growth_year": -444.44,
            "eps_4q": 2.98,
            "eps_4q_growth_year": -25.26,
            "roe": -0.49,
            "roe_4q": 5.959999999999999,
            "gross_profit": 395771,
            "gross_margin": 23.11,
            "gross_margin_4q_avg": 21.52,
            "net_income": -32232,
            "net_income_4q": null,
            "revenue": 1712364,
            "revenue_4q": null,
            "common_shares": 1104004,
            "book_valuer_per_share": 43.6,
            "book_valuer_per_share_4q_avg": 44.96,
            "equity": 6314679,
            "current_ratio": 152.47,
            "debt_ratio": 50.17,
            "inventory_turnover_ratio": 0.41,
            "account_receivable_turnover_ratio": 0.96,
            "reinvestment_rate": -17.97,
            "research_to_sale_ratio": 2.19,
            "price_fair": 150.73,
            "eps_avg_yearly": 4.31,
            "eps_latest_yearly": 7.12,
            "eps_growth_yearly": 1243.47
        },
        "20214": {
            "year_quarter": 20214,
            "year": 2021,
            "quarter": 4,
            "eps": 0.79,
            "eps_growth_year": 66.54,
            "eps_4q": 3.29,
            "eps_4q_growth_year": -25.01,
            "roe": 1.57,
            "roe_4q": 6.609999999999999,
            "gross_profit": 402443,
            "gross_margin": 23.01,
            "gross_margin_4q_avg": 22.71,
            "net_income": 100990,
            "net_income_4q": null,
            "revenue": 1749093,
            "revenue_4q": null,
            "common_shares": 1104004,
            "book_valuer_per_share": 45.74,
            "book_valuer_per_share_4q_avg": 45.39,
            "equity": 6573204,
            "current_ratio": 147.15,
            "debt_ratio": 49.78,
            "inventory_turnover_ratio": 0.41,
            "account_receivable_turnover_ratio": 1,
            "reinvestment_rate": -39.85,
            "research_to_sale_ratio": 2.28,
            "price_fair": 150.6,
            "eps_avg_yearly": 4.3,
            "eps_latest_yearly": 7.12,
            "eps_growth_yearly": 1339.67
        },
        "20221": {
            "year_quarter": 20221,
            "year": 2022,
            "quarter": 1,
            "eps": 1.09,
            "eps_growth_year": 4.81,
            "eps_4q": 3.34,
            "eps_4q_growth_year": 35.8,
            "roe": 2.27,
            "roe_4q": 6.85,
            "gross_profit": 308792,
            "gross_margin": 22.26,
            "gross_margin_4q_avg": 22.84,
            "net_income": 150905,
            "net_income_4q": null,
            "revenue": 1387114,
            "revenue_4q": null,
            "common_shares": 1104004,
            "book_valuer_per_share": 46.73,
            "book_valuer_per_share_4q_avg": 45.73,
            "equity": 6725142,
            "current_ratio": 147.49,
            "debt_ratio": 48.25,
            "inventory_turnover_ratio": 0.32,
            "account_receivable_turnover_ratio": 0.79,
            "reinvestment_rate": -34.3,
            "research_to_sale_ratio": 2.67,
            "price_fair": 156.1,
            "eps_avg_yearly": 4.46,
            "eps_latest_yearly": 4.36,
            "eps_growth_yearly": 1364.94
        },
        "20222": {
            "year_quarter": 20222,
            "year": 2022,
            "quarter": 2,
            "eps": 2.01,
            "eps_growth_year": 12.92,
            "eps_4q": 3.58,
            "eps_4q_growth_year": 5.86,
            "roe": 4.26,
            "roe_4q": 7.609999999999999,
            "gross_profit": 414255,
            "gross_margin": 27.21,
            "gross_margin_4q_avg": 23.9,
            "net_income": 280936,
            "net_income_4q": null,
            "revenue": 1522596,
            "revenue_4q": null,
            "common_shares": 1104004,
            "book_valuer_per_share": 44.67,
            "book_valuer_per_share_4q_avg": 45.19,
            "equity": 6471981,
            "current_ratio": 141.98,
            "debt_ratio": 53.24,
            "inventory_turnover_ratio": 0.3,
            "account_receivable_turnover_ratio": 0.87,
            "reinvestment_rate": -36.38,
            "research_to_sale_ratio": 2.23,
            "price_fair": 154.1,
            "eps_avg_yearly": 4.4,
            "eps_latest_yearly": 8.04,
            "eps_growth_yearly": 1300.69
        },
        "20223": {
            "year_quarter": 20223,
            "year": 2022,
            "quarter": 3,
            "eps": 2.2,
            "eps_growth_year": null,
            "eps_4q": 6.09,
            "eps_4q_growth_year": 104.38,
            "roe": 4.72,
            "roe_4q": 12.82,
            "gross_profit": 510181,
            "gross_margin": 26.11,
            "gross_margin_4q_avg": 24.65,
            "net_income": 311100,
            "net_income_4q": null,
            "revenue": 1954001,
            "revenue_4q": null,
            "common_shares": 1104004,
            "book_valuer_per_share": 46.25,
            "book_valuer_per_share_4q_avg": 45.85,
            "equity": 6718202,
            "current_ratio": 141.93,
            "debt_ratio": 54.85,
            "inventory_turnover_ratio": 0.39,
            "account_receivable_turnover_ratio": 0.99,
            "reinvestment_rate": -36.46,
            "research_to_sale_ratio": 1.93,
            "price_fair": 164.6,
            "eps_avg_yearly": 4.7,
            "eps_latest_yearly": 8.8,
            "eps_growth_yearly": 1317.1
        },
        "20224": {
            "year_quarter": 20224,
            "year": 2022,
            "quarter": 4,
            "eps": 1.11,
            "eps_growth_year": 41.26,
            "eps_4q": 6.41,
            "eps_4q_growth_year": 94.72,
            "roe": 1.94,
            "roe_4q": 13.19,
            "gross_profit": 449095,
            "gross_margin": 29.52,
            "gross_margin_4q_avg": 26.28,
            "net_income": 131693,
            "net_income_4q": null,
            "revenue": 1521364,
            "revenue_4q": null,
            "common_shares": 1104004,
            "book_valuer_per_share": 47.22,
            "book_valuer_per_share_4q_avg": 46.22,
            "equity": 6829085,
            "current_ratio": 153.67,
            "debt_ratio": 55.11,
            "inventory_turnover_ratio": 0.29,
            "account_receivable_turnover_ratio": 0.71,
            "reinvestment_rate": -37.69,
            "research_to_sale_ratio": 2.15,
            "price_fair": 160.6,
            "eps_avg_yearly": 4.59,
            "eps_latest_yearly": 4.44,
            "eps_growth_yearly": 1294
        },
        "20231": {
            "year_quarter": 20231,
            "year": 2023,
            "quarter": 1,
            "eps": 1.25,
            "eps_growth_year": 14.68,
            "eps_4q": 6.57,
            "eps_4q_growth_year": 96.44,
            "roe": 2.1,
            "roe_4q": 13.02,
            "gross_profit": 234017,
            "gross_margin": 20.28,
            "gross_margin_4q_avg": 25.78,
            "net_income": 145221,
            "net_income_4q": null,
            "revenue": 1154026,
            "revenue_4q": null,
            "common_shares": 1104004,
            "book_valuer_per_share": 48.72,
            "book_valuer_per_share_4q_avg": 46.72,
            "equity": 7001832,
            "current_ratio": 164.47,
            "debt_ratio": 52.54,
            "inventory_turnover_ratio": 0.24,
            "account_receivable_turnover_ratio": 0.62,
            "reinvestment_rate": -39.86,
            "research_to_sale_ratio": 2.63,
            "price_fair": 163.8,
            "eps_avg_yearly": 4.68,
            "eps_latest_yearly": 5,
            "eps_growth_yearly": 1308.58
        },
        "20232": {
            "year_quarter": 20232,
            "year": 2023,
            "quarter": 2,
            "eps": 0.94,
            "eps_growth_year": -53.23,
            "eps_4q": 5.49,
            "eps_4q_growth_year": 53.48,
            "roe": 1.71,
            "roe_4q": 10.469999999999999,
            "gross_profit": 345616,
            "gross_margin": 24.1,
            "gross_margin_4q_avg": 25,
            "net_income": 116604,
            "net_income_4q": null,
            "revenue": 1434088,
            "revenue_4q": null,
            "common_shares": 1104004,
            "book_valuer_per_share": 46.04,
            "book_valuer_per_share_4q_avg": 47.06,
            "equity": 6630655,
            "current_ratio": 170.19,
            "debt_ratio": 50.24,
            "inventory_turnover_ratio": 0.28,
            "account_receivable_turnover_ratio": 0.89,
            "reinvestment_rate": -41.43,
            "research_to_sale_ratio": 2.28,
            "price_fair": 164.9,
            "eps_avg_yearly": 4.71,
            "eps_latest_yearly": 3.76,
            "eps_growth_yearly": 1304.56
        },
        "20233": {
            "year_quarter": 20233,
            "year": 2023,
            "quarter": 3,
            "eps": 2.44,
            "eps_growth_year": 10.91,
            "eps_4q": 5.74,
            "eps_4q_growth_year": -5.82,
            "roe": 5.1,
            "roe_4q": 10.85,
            "gross_profit": 335618,
            "gross_margin": 25.84,
            "gross_margin_4q_avg": 24.94,
            "net_income": 347720,
            "net_income_4q": null,
            "revenue": 1298693,
            "revenue_4q": null,
            "common_shares": 1104004,
            "book_valuer_per_share": 48.57,
            "book_valuer_per_share_4q_avg": 47.64,
            "equity": 6999501,
            "current_ratio": 181.56,
            "debt_ratio": 47.3,
            "inventory_turnover_ratio": 0.25,
            "account_receivable_turnover_ratio": 0.9,
            "reinvestment_rate": -34.17,
            "research_to_sale_ratio": 2.62,
            "price_fair": 183.2,
            "eps_avg_yearly": 5.23,
            "eps_latest_yearly": 9.76,
            "eps_growth_yearly": 1357.73
        }
    },
    "months": {
        "2006-12": {
            "month": "2006-12",
            "price": "50.04",
            "revenue": 209330
        },
        "2007-01": {
            "month": "2007-01",
            "price": "51.65",
            "revenue": 147363
        },
        "2007-02": {
            "month": "2007-02",
            "price": "55.82",
            "revenue": 122711
        },
        "2007-03": {
            "month": "2007-03",
            "price": "61.26",
            "revenue": 210777
        },
        "2007-04": {
            "month": "2007-04",
            "price": "67.13",
            "revenue": 205547
        },
        "2007-05": {
            "month": "2007-05",
            "price": "64.78",
            "revenue": 234048
        },
        "2007-06": {
            "month": "2007-06",
            "price": "68.62",
            "revenue": 216505
        },
        "2007-07": {
            "month": "2007-07",
            "price": "77.64",
            "revenue": 205652
        },
        "2007-08": {
            "month": "2007-08",
            "price": "76.66",
            "revenue": 212527
        },
        "2007-09": {
            "month": "2007-09",
            "price": "75.41",
            "revenue": 180518
        },
        "2007-10": {
            "month": "2007-10",
            "price": "72.22",
            "revenue": 186373
        },
        "2007-11": {
            "month": "2007-11",
            "price": "72.25",
            "revenue": 245472
        },
        "2007-12": {
            "month": "2007-12",
            "price": "66.26",
            "revenue": 248631
        },
        "2008-01": {
            "month": "2008-01",
            "price": "59.08",
            "revenue": 205772
        },
        "2008-02": {
            "month": "2008-02",
            "price": "57.83",
            "revenue": 167978
        },
        "2008-03": {
            "month": "2008-03",
            "price": "59.41",
            "revenue": 188966
        },
        "2008-04": {
            "month": "2008-04",
            "price": "59.84",
            "revenue": 243692
        },
        "2008-05": {
            "month": "2008-05",
            "price": "56.87",
            "revenue": 221333
        },
        "2008-06": {
            "month": "2008-06",
            "price": "49.91",
            "revenue": 220662
        },
        "2008-07": {
            "month": "2008-07",
            "price": "42.11",
            "revenue": 247772
        },
        "2008-08": {
            "month": "2008-08",
            "price": "41.05",
            "revenue": 248825
        },
        "2008-09": {
            "month": "2008-09",
            "price": "34.81",
            "revenue": 218019
        },
        "2008-10": {
            "month": "2008-10",
            "price": "27.78",
            "revenue": 151960
        },
        "2008-11": {
            "month": "2008-11",
            "price": "24.69",
            "revenue": 136969
        },
        "2008-12": {
            "month": "2008-12",
            "price": "22.33",
            "revenue": 121113
        },
        "2009-01": {
            "month": "2009-01",
            "price": "21.54",
            "revenue": 48414
        },
        "2009-02": {
            "month": "2009-02",
            "price": "20.06",
            "revenue": 62848
        },
        "2009-03": {
            "month": "2009-03",
            "price": "21.54",
            "revenue": 53708
        },
        "2009-04": {
            "month": "2009-04",
            "price": "23.79",
            "revenue": 56637
        },
        "2009-05": {
            "month": "2009-05",
            "price": "23.37",
            "revenue": 42771
        },
        "2009-06": {
            "month": "2009-06",
            "price": "23.75",
            "revenue": 75315
        },
        "2009-07": {
            "month": "2009-07",
            "price": "25.67",
            "revenue": 72774
        },
        "2009-08": {
            "month": "2009-08",
            "price": "28.36",
            "revenue": 77947
        },
        "2009-09": {
            "month": "2009-09",
            "price": "25.78",
            "revenue": 65325
        },
        "2009-10": {
            "month": "2009-10",
            "price": "25.62",
            "revenue": 59244
        },
        "2009-11": {
            "month": "2009-11",
            "price": "25.25",
            "revenue": 77663
        },
        "2009-12": {
            "month": "2009-12",
            "price": "28.47",
            "revenue": 90598
        },
        "2010-01": {
            "month": "2010-01",
            "price": "30.06",
            "revenue": 77417
        },
        "2010-02": {
            "month": "2010-02",
            "price": "29.40",
            "revenue": 105769
        },
        "2010-03": {
            "month": "2010-03",
            "price": "31.52",
            "revenue": 160551
        },
        "2010-04": {
            "month": "2010-04",
            "price": "36.14",
            "revenue": 204254
        },
        "2010-05": {
            "month": "2010-05",
            "price": "34.99",
            "revenue": 151119
        },
        "2010-06": {
            "month": "2010-06",
            "price": "36.84",
            "revenue": 147096
        },
        "2010-07": {
            "month": "2010-07",
            "price": "34.92",
            "revenue": 182026
        },
        "2010-08": {
            "month": "2010-08",
            "price": "33.92",
            "revenue": 164701
        },
        "2010-09": {
            "month": "2010-09",
            "price": "33.65",
            "revenue": 156506
        },
        "2010-10": {
            "month": "2010-10",
            "price": "34.82",
            "revenue": 203529
        },
        "2010-11": {
            "month": "2010-11",
            "price": "36.23",
            "revenue": 190024
        },
        "2010-12": {
            "month": "2010-12",
            "price": "38.33",
            "revenue": 185411
        },
        "2011-01": {
            "month": "2011-01",
            "price": "41.00",
            "revenue": 132501
        },
        "2011-02": {
            "month": "2011-02",
            "price": "38.10",
            "revenue": 80125
        },
        "2011-03": {
            "month": "2011-03",
            "price": "35.75",
            "revenue": 208808
        },
        "2011-04": {
            "month": "2011-04",
            "price": "37.04",
            "revenue": 218532
        },
        "2011-05": {
            "month": "2011-05",
            "price": "37.65",
            "revenue": 209014
        },
        "2011-06": {
            "month": "2011-06",
            "price": "36.00",
            "revenue": 254656
        },
        "2011-07": {
            "month": "2011-07",
            "price": "37.48",
            "revenue": 235966
        },
        "2011-08": {
            "month": "2011-08",
            "price": "34.79",
            "revenue": 229762
        },
        "2011-09": {
            "month": "2011-09",
            "price": "35.18",
            "revenue": 251120
        },
        "2011-10": {
            "month": "2011-10",
            "price": "35.21",
            "revenue": 247728
        },
        "2011-11": {
            "month": "2011-11",
            "price": "41.07",
            "revenue": 174933
        },
        "2011-12": {
            "month": "2011-12",
            "price": "39.37",
            "revenue": 342827
        },
        "2012-01": {
            "month": "2012-01",
            "price": "39.96",
            "revenue": 209060
        },
        "2012-02": {
            "month": "2012-02",
            "price": "51.81",
            "revenue": 192813
        },
        "2012-03": {
            "month": "2012-03",
            "price": "53.63",
            "revenue": 307163
        },
        "2012-04": {
            "month": "2012-04",
            "price": "50.06",
            "revenue": 294162
        },
        "2012-05": {
            "month": "2012-05",
            "price": "47.60",
            "revenue": 246169
        },
        "2012-06": {
            "month": "2012-06",
            "price": "43.92",
            "revenue": 322308
        },
        "2012-07": {
            "month": "2012-07",
            "price": "45.98",
            "revenue": 208723
        },
        "2012-08": {
            "month": "2012-08",
            "price": "45.45",
            "revenue": 202980
        },
        "2012-09": {
            "month": "2012-09",
            "price": "44.73",
            "revenue": 186119
        },
        "2012-10": {
            "month": "2012-10",
            "price": "40.76",
            "revenue": 199850
        },
        "2012-11": {
            "month": "2012-11",
            "price": "39.49",
            "revenue": 194005
        },
        "2012-12": {
            "month": "2012-12",
            "price": "39.79",
            "revenue": 245103
        },
        "2013-01": {
            "month": "2013-01",
            "price": "42.01",
            "revenue": 393770
        },
        "2013-02": {
            "month": "2013-02",
            "price": "42.95",
            "revenue": 346817
        },
        "2013-03": {
            "month": "2013-03",
            "price": "42.66",
            "revenue": 525336
        },
        "2013-04": {
            "month": "2013-04",
            "price": "40.80",
            "revenue": 557634
        },
        "2013-05": {
            "month": "2013-05",
            "price": "41.52",
            "revenue": 519952
        },
        "2013-06": {
            "month": "2013-06",
            "price": "40.87",
            "revenue": 488317
        },
        "2013-07": {
            "month": "2013-07",
            "price": "39.92",
            "revenue": 517681
        },
        "2013-08": {
            "month": "2013-08",
            "price": "40.34",
            "revenue": 475661
        },
        "2013-09": {
            "month": "2013-09",
            "price": "40.24",
            "revenue": 453203
        },
        "2013-10": {
            "month": "2013-10",
            "price": "42.28",
            "revenue": 389036
        },
        "2013-11": {
            "month": "2013-11",
            "price": "42.50",
            "revenue": 548566
        },
        "2013-12": {
            "month": "2013-12",
            "price": "44.58",
            "revenue": 665746
        },
        "2014-01": {
            "month": "2014-01",
            "price": "58.79",
            "revenue": 434819
        },
        "2014-02": {
            "month": "2014-02",
            "price": "74.15",
            "revenue": 502077
        },
        "2014-03": {
            "month": "2014-03",
            "price": "86.01",
            "revenue": 688021
        },
        "2014-04": {
            "month": "2014-04",
            "price": "96.01",
            "revenue": 523449
        },
        "2014-05": {
            "month": "2014-05",
            "price": "90.29",
            "revenue": 834909
        },
        "2014-06": {
            "month": "2014-06",
            "price": "101.30",
            "revenue": 610747
        },
        "2014-07": {
            "month": "2014-07",
            "price": "92.40",
            "revenue": 632235
        },
        "2014-08": {
            "month": "2014-08",
            "price": "83.24",
            "revenue": 597440
        },
        "2014-09": {
            "month": "2014-09",
            "price": "80.33",
            "revenue": 717776
        },
        "2014-10": {
            "month": "2014-10",
            "price": "73.86",
            "revenue": 767509
        },
        "2014-11": {
            "month": "2014-11",
            "price": "70.95",
            "revenue": 615243
        },
        "2014-12": {
            "month": "2014-12",
            "price": "74.78",
            "revenue": 896426
        },
        "2015-01": {
            "month": "2015-01",
            "price": "79.06",
            "revenue": 471799
        },
        "2015-02": {
            "month": "2015-02",
            "price": "89.80",
            "revenue": 534474
        },
        "2015-03": {
            "month": "2015-03",
            "price": "89.27",
            "revenue": 801852
        },
        "2015-04": {
            "month": "2015-04",
            "price": "89.72",
            "revenue": 593466
        },
        "2015-05": {
            "month": "2015-05",
            "price": "82.74",
            "revenue": 631635
        },
        "2015-06": {
            "month": "2015-06",
            "price": "69.23",
            "revenue": 649153
        },
        "2015-07": {
            "month": "2015-07",
            "price": "68.52",
            "revenue": 598755
        },
        "2015-08": {
            "month": "2015-08",
            "price": "63.70",
            "revenue": 548365
        },
        "2015-09": {
            "month": "2015-09",
            "price": "62.95",
            "revenue": 525434
        },
        "2015-10": {
            "month": "2015-10",
            "price": "66.41",
            "revenue": 609625
        },
        "2015-11": {
            "month": "2015-11",
            "price": "65.95",
            "revenue": 553220
        },
        "2015-12": {
            "month": "2015-12",
            "price": "64.85",
            "revenue": 639466
        },
        "2016-01": {
            "month": "2016-01",
            "price": "62.02",
            "revenue": 493900
        },
        "2016-02": {
            "month": "2016-02",
            "price": "62.74",
            "revenue": 356214
        },
        "2016-03": {
            "month": "2016-03",
            "price": "66.20",
            "revenue": 503062
        },
        "2016-04": {
            "month": "2016-04",
            "price": "66.47",
            "revenue": 521404
        },
        "2016-05": {
            "month": "2016-05",
            "price": "60.90",
            "revenue": 586626
        },
        "2016-06": {
            "month": "2016-06",
            "price": "58.74",
            "revenue": 551906
        },
        "2016-07": {
            "month": "2016-07",
            "price": "57.66",
            "revenue": 505942
        },
        "2016-08": {
            "month": "2016-08",
            "price": "59.62",
            "revenue": 579926
        },
        "2016-09": {
            "month": "2016-09",
            "price": "56.87",
            "revenue": 540114
        },
        "2016-10": {
            "month": "2016-10",
            "price": "57.24",
            "revenue": 538183
        },
        "2016-11": {
            "month": "2016-11",
            "price": "49.67",
            "revenue": 553732
        },
        "2016-12": {
            "month": "2016-12",
            "price": "51.50",
            "revenue": 754622
        },
        "2017-01": {
            "month": "2017-01",
            "price": "56.89",
            "revenue": 458049
        },
        "2017-02": {
            "month": "2017-02",
            "price": "58.35",
            "revenue": 510503
        },
        "2017-03": {
            "month": "2017-03",
            "price": "68.85",
            "revenue": 617045
        },
        "2017-04": {
            "month": "2017-04",
            "price": "63.89",
            "revenue": 509906
        },
        "2017-05": {
            "month": "2017-05",
            "price": "62.60",
            "revenue": 604020
        },
        "2017-06": {
            "month": "2017-06",
            "price": "63.77",
            "revenue": 706170
        },
        "2017-07": {
            "month": "2017-07",
            "price": "61.30",
            "revenue": 580500
        },
        "2017-08": {
            "month": "2017-08",
            "price": "62.21",
            "revenue": 698383
        },
        "2017-09": {
            "month": "2017-09",
            "price": "62.86",
            "revenue": 729152
        },
        "2017-10": {
            "month": "2017-10",
            "price": "62.44",
            "revenue": 674870
        },
        "2017-11": {
            "month": "2017-11",
            "price": "63.05",
            "revenue": 746216
        },
        "2017-12": {
            "month": "2017-12",
            "price": "63.07",
            "revenue": 743674
        },
        "2018-01": {
            "month": "2018-01",
            "price": "64.76",
            "revenue": 650360
        },
        "2018-02": {
            "month": "2018-02",
            "price": "65.92",
            "revenue": 462318
        },
        "2018-03": {
            "month": "2018-03",
            "price": "64.31",
            "revenue": 814518
        },
        "2018-04": {
            "month": "2018-04",
            "price": "62.93",
            "revenue": 820702
        },
        "2018-05": {
            "month": "2018-05",
            "price": "61.60",
            "revenue": 707595
        },
        "2018-06": {
            "month": "2018-06",
            "price": "64.96",
            "revenue": 745759
        },
        "2018-07": {
            "month": "2018-07",
            "price": "63.87",
            "revenue": 739124
        },
        "2018-08": {
            "month": "2018-08",
            "price": "63.77",
            "revenue": 706746
        },
        "2018-09": {
            "month": "2018-09",
            "price": "60.32",
            "revenue": 717978
        },
        "2018-10": {
            "month": "2018-10",
            "price": "53.44",
            "revenue": 602296
        },
        "2018-11": {
            "month": "2018-11",
            "price": "50.38",
            "revenue": 690799
        },
        "2018-12": {
            "month": "2018-12",
            "price": "50.00",
            "revenue": 735109
        },
        "2019-01": {
            "month": "2019-01",
            "price": "50.65",
            "revenue": 558549
        },
        "2019-02": {
            "month": "2019-02",
            "price": "51.88",
            "revenue": 402889
        },
        "2019-03": {
            "month": "2019-03",
            "price": "54.32",
            "revenue": 562649
        },
        "2019-04": {
            "month": "2019-04",
            "price": "58.22",
            "revenue": 462119
        },
        "2019-05": {
            "month": "2019-05",
            "price": "58.16",
            "revenue": 602068
        },
        "2019-06": {
            "month": "2019-06",
            "price": "57.53",
            "revenue": 503454
        },
        "2019-07": {
            "month": "2019-07",
            "price": "57.08",
            "revenue": 609644
        },
        "2019-08": {
            "month": "2019-08",
            "price": "53.86",
            "revenue": 421692
        },
        "2019-09": {
            "month": "2019-09",
            "price": "52.52",
            "revenue": 525589
        },
        "2019-10": {
            "month": "2019-10",
            "price": "53.54",
            "revenue": 553453
        },
        "2019-11": {
            "month": "2019-11",
            "price": "54.41",
            "revenue": 435125
        },
        "2019-12": {
            "month": "2019-12",
            "price": "56.74",
            "revenue": 489085
        },
        "2020-01": {
            "month": "2020-01",
            "price": "60.56",
            "revenue": 334189
        },
        "2020-02": {
            "month": "2020-02",
            "price": "59.72",
            "revenue": 250973
        },
        "2020-03": {
            "month": "2020-03",
            "price": "54.76",
            "revenue": 458905
        },
        "2020-04": {
            "month": "2020-04",
            "price": "59.18",
            "revenue": 425438
        },
        "2020-05": {
            "month": "2020-05",
            "price": "60.57",
            "revenue": 418300
        },
        "2020-06": {
            "month": "2020-06",
            "price": "59.82",
            "revenue": 539679
        },
        "2020-07": {
            "month": "2020-07",
            "price": "59.95",
            "revenue": 482880
        },
        "2020-08": {
            "month": "2020-08",
            "price": "59.65",
            "revenue": 437724
        },
        "2020-09": {
            "month": "2020-09",
            "price": "59.56",
            "revenue": 435996
        },
        "2020-10": {
            "month": "2020-10",
            "price": "59.83",
            "revenue": 427442
        },
        "2020-11": {
            "month": "2020-11",
            "price": "59.93",
            "revenue": 475291
        },
        "2020-12": {
            "month": "2020-12",
            "price": "60.62",
            "revenue": 516599
        },
        "2021-01": {
            "month": "2021-01",
            "price": "62.46",
            "revenue": 488443
        },
        "2021-02": {
            "month": "2021-02",
            "price": "63.10",
            "revenue": 324817
        },
        "2021-03": {
            "month": "2021-03",
            "price": "63.57",
            "revenue": 693407
        },
        "2021-04": {
            "month": "2021-04",
            "price": "64.87",
            "revenue": 594390
        },
        "2021-05": {
            "month": "2021-05",
            "price": "62.71",
            "revenue": 567389
        },
        "2021-06": {
            "month": "2021-06",
            "price": "66.22",
            "revenue": 595592
        },
        "2021-07": {
            "month": "2021-07",
            "price": "65.75",
            "revenue": 569259
        },
        "2021-08": {
            "month": "2021-08",
            "price": "65.76",
            "revenue": 561792
        },
        "2021-09": {
            "month": "2021-09",
            "price": "63.57",
            "revenue": 581312
        },
        "2021-10": {
            "month": "2021-10",
            "price": "62.68",
            "revenue": 527458
        },
        "2021-11": {
            "month": "2021-11",
            "price": "62.84",
            "revenue": 597839
        },
        "2021-12": {
            "month": "2021-12",
            "price": "62.61",
            "revenue": 625613
        },
        "2022-01": {
            "month": "2022-01",
            "price": "61.80",
            "revenue": 580008
        },
        "2022-02": {
            "month": "2022-02",
            "price": "59.93",
            "revenue": 376284
        },
        "2022-03": {
            "month": "2022-03",
            "price": "56.34",
            "revenue": 430820
        },
        "2022-04": {
            "month": "2022-04",
            "price": "55.65",
            "revenue": 494177
        },
        "2022-05": {
            "month": "2022-05",
            "price": "56.76",
            "revenue": 534722
        },
        "2022-06": {
            "month": "2022-06",
            "price": "57.83",
            "revenue": 493699
        },
        "2022-07": {
            "month": "2022-07",
            "price": "59.34",
            "revenue": 596528
        },
        "2022-08": {
            "month": "2022-08",
            "price": "61.19",
            "revenue": 615406
        },
        "2022-09": {
            "month": "2022-09",
            "price": "61.60",
            "revenue": 742068
        },
        "2022-10": {
            "month": "2022-10",
            "price": "61.60",
            "revenue": 493728
        },
        "2022-11": {
            "month": "2022-11",
            "price": "61.49",
            "revenue": 519095
        },
        "2022-12": {
            "month": "2022-12",
            "price": "61.63",
            "revenue": 508625
        },
        "2023-01": {
            "month": "2023-01",
            "price": "61.76",
            "revenue": 277891
        },
        "2023-02": {
            "month": "2023-02",
            "price": "61.84",
            "revenue": 323501
        },
        "2023-03": {
            "month": "2023-03",
            "price": "66.44",
            "revenue": 552634
        },
        "2023-04": {
            "month": "2023-04",
            "price": "67.22",
            "revenue": 413440
        },
        "2023-05": {
            "month": "2023-05",
            "price": "67.50",
            "revenue": 523891
        },
        "2023-06": {
            "month": "2023-06",
            "price": "70.18",
            "revenue": 495305
        },
        "2023-07": {
            "month": "2023-07",
            "price": "70.17",
            "revenue": 402999
        },
        "2023-08": {
            "month": "2023-08",
            "price": "65.68",
            "revenue": 410263
        },
        "2023-09": {
            "month": "2023-09",
            "price": "62.82",
            "revenue": 486883
        },
        "2023-10": {
            "month": "2023-10",
            "price": "62.78",
            "revenue": 453815
        },
        "2023-11": {
            "month": "2023-11",
            "price": "64.20",
            "revenue": 443294
        },
        "2023-12": {
            "month": "2023-12",
            "price": "66.72",
            "revenue": 532897
        }
    }
}
