{
    "summary": {
        "stock_name": "精剛",
        "stock_id": "1584",
        "category": "其他",
        "main_business": "鈦合金棒材<br>特殊鋼棒材",
        "website_url": "http://www.s-tech.com.tw",
        "ceo": "林嘉洪",
        "pe_ratio": 13,
        "report_year_from": 2006,
        "report_year_to": 2023,
        "age": 18,
        "eps_negative_percentage": 50,
        "eps_growth_avg": {
            "last_all": -4.43,
            "last_2y": 70,
            "last_4y": 70,
            "last_8y": 27.5,
            "last_12y": 14.5,
            "last_16y": -4.43,
            "last_20y": null,
            "at_2006_last_3y": null,
            "at_2007_last_3y": null,
            "at_2008_last_3y": null,
            "at_2009_last_3y": null,
            "at_2010_last_3y": -61.24,
            "at_2011_last_3y": -11.49,
            "at_2012_last_3y": -11.49,
            "at_2013_last_3y": -11.49,
            "at_2014_last_3y": -11.49,
            "at_2015_last_3y": -100,
            "at_2016_last_3y": null,
            "at_2017_last_3y": -100,
            "at_2018_last_3y": -100,
            "at_2019_last_3y": -100,
            "at_2020_last_3y": -100,
            "at_2021_last_3y": 10,
            "at_2022_last_3y": 55,
            "at_2023_last_3y": 70,
            "at_2024_last_3y": 70,
            "at_2006_last_all": null,
            "at_2007_last_all": null,
            "at_2008_last_all": -61.24,
            "at_2009_last_all": -61.24,
            "at_2010_last_all": -61.24,
            "at_2011_last_all": -15.15,
            "at_2012_last_all": -36.36,
            "at_2013_last_all": -36.36,
            "at_2014_last_all": -36.36,
            "at_2015_last_all": -36.36,
            "at_2016_last_all": -36.36,
            "at_2017_last_all": -49.09,
            "at_2018_last_all": -49.09,
            "at_2019_last_all": -49.09,
            "at_2020_last_all": -49.09,
            "at_2021_last_all": -39.24,
            "at_2022_last_all": -19.35,
            "at_2023_last_all": -4.43,
            "at_2024_last_all": -4.43
        },
        "latest_eps": 2.63,
        "latest_price": 33.15,
        "latest_roe": 17.18,
        "latest_gross_margin": 13.91,
        "latest_equity": 3772186,
        "latest_revenue": 785486,
        "latest_gross_profit": 109242,
        "latest_net_income": 290240,
        "latest_debt_ratio": 29.49,
        "latest_current_ratio": 660.98,
        "latest_account_receivable_turnover_ratio": 1.13,
        "latest_inventory_turnover_ratio": 0.34,
        "latest_reinvestment_rate": 86.58,
        "latest_research_to_sale_ratio": 0.33
    },
    "eps_dividends": {
        "2001": {
            "cash": 0,
            "stock": 0,
            "eps": 0
        },
        "2002": {
            "cash": 0,
            "stock": 0,
            "eps": 0
        },
        "2003": {
            "cash": 0,
            "stock": 0,
            "eps": 0
        },
        "2004": {
            "cash": 0,
            "stock": 0,
            "eps": 0
        },
        "2005": {
            "cash": 0,
            "stock": 0,
            "eps": 0
        },
        "2006": {
            "cash": 1,
            "stock": 0,
            "eps": 4.85
        },
        "2007": {
            "cash": 1,
            "stock": 0.5,
            "eps": 3.76
        },
        "2008": {
            "cash": 1,
            "stock": 0.5,
            "eps": -0.95
        },
        "2009": {
            "cash": 0,
            "stock": 0,
            "eps": -1.58
        },
        "2010": {
            "cash": 0,
            "stock": 0,
            "eps": 0.74
        },
        "2011": {
            "cash": 0,
            "stock": 0.2,
            "eps": 1.31
        },
        "2012": {
            "cash": 0,
            "stock": 0.5,
            "eps": -0.99
        },
        "2013": {
            "cash": 0,
            "stock": 0,
            "eps": -2.16
        },
        "2014": {
            "cash": 0,
            "stock": 0,
            "eps": -0.63
        },
        "2015": {
            "cash": 0,
            "stock": 0,
            "eps": -1.11
        },
        "2016": {
            "cash": 0,
            "stock": 0,
            "eps": 0.02
        },
        "2017": {
            "cash": 0,
            "stock": 0,
            "eps": -0.95
        },
        "2018": {
            "cash": 0,
            "stock": 0,
            "eps": -0.85
        },
        "2019": {
            "cash": 0,
            "stock": 0,
            "eps": -0.72
        },
        "2020": {
            "cash": 0,
            "stock": 0,
            "eps": 0.4
        },
        "2021": {
            "cash": 0,
            "stock": 0,
            "eps": 0.44
        },
        "2022": {
            "cash": 0.2,
            "stock": 0,
            "eps": 1.13
        },
        "2023": {
            "cash": 0.7,
            "stock": 0,
            "eps": 2.86
        },
        "2024": {
            "cash": 1.5,
            "stock": 0,
            "eps": 0
        }
    },
    "dividends": {
        "2006-05-15": {
            "cash": 1,
            "stock": 0
        },
        "2007-03-05": {
            "cash": 1,
            "stock": 0.5
        },
        "2008-03-24": {
            "cash": 1,
            "stock": 0.5
        },
        "2011-03-31": {
            "cash": 0,
            "stock": 0.2
        },
        "2012-03-20": {
            "cash": 0,
            "stock": 0.5
        },
        "2022-07-15": {
            "cash": 0.2,
            "stock": 0
        },
        "2023-06-13": {
            "cash": 0.7,
            "stock": 0
        },
        "2024-02-29": {
            "cash": 1.5,
            "stock": 0
        }
    },
    "prices": {
        "200101": "無",
        "200102": "無",
        "200103": "無",
        "200104": "無",
        "200105": "無",
        "200106": "無",
        "200107": "無",
        "200108": "無",
        "200109": "無",
        "200110": "無",
        "200111": "無",
        "200112": "無",
        "200201": "無",
        "200202": "無",
        "200203": "無",
        "200204": "無",
        "200205": "無",
        "200206": "無",
        "200207": "無",
        "200208": "無",
        "200209": "無",
        "200210": "無",
        "200211": "無",
        "200212": "無",
        "200301": "無",
        "200302": "無",
        "200303": "無",
        "200304": "無",
        "200305": "無",
        "200306": "無",
        "200307": "無",
        "200308": "無",
        "200309": "無",
        "200310": "無",
        "200311": "無",
        "200312": "無",
        "200401": "無",
        "200402": "無",
        "200403": "無",
        "200404": "無",
        "200405": "無",
        "200406": "無",
        "200407": "無",
        "200408": "無",
        "200409": "無",
        "200410": "無",
        "200411": "無",
        "200412": "無",
        "200501": "無",
        "200502": "無",
        "200503": "無",
        "200504": "無",
        "200505": "無",
        "200506": "無",
        "200507": "無",
        "200508": "無",
        "200509": "無",
        "200510": "無",
        "200511": "無",
        "200512": "無",
        "200601": "無",
        "200602": "無",
        "200603": "無",
        "200604": "無",
        "200605": "無",
        "200606": "無",
        "200607": "無",
        "200608": "無",
        "200609": "無",
        "200610": "無",
        "200611": "無",
        "200612": "50.79",
        "200701": "49.72",
        "200702": "52.02",
        "200703": "63.02",
        "200704": "62.47",
        "200705": "58.47",
        "200706": "60.32",
        "200707": "66.01",
        "200708": "63.31",
        "200709": "63.73",
        "200710": "58.08",
        "200711": "43.47",
        "200712": "42.08",
        "200801": "39.27",
        "200802": "38.90",
        "200803": "39.76",
        "200804": "37.34",
        "200805": "29.65",
        "200806": "27.76",
        "200807": "21.80",
        "200808": "17.53",
        "200809": "13.66",
        "200810": "10.14",
        "200811": "10.00",
        "200812": "9.84",
        "200901": "9.94",
        "200902": "11.09",
        "200903": "13.68",
        "200904": "14.64",
        "200905": "14.61",
        "200906": "14.05",
        "200907": "13.50",
        "200908": "12.59",
        "200909": "12.23",
        "200910": "13.34",
        "200911": "13.05",
        "200912": "14.85",
        "201001": "16.80",
        "201002": "15.28",
        "201003": "17.44",
        "201004": "17.78",
        "201005": "15.93",
        "201006": "15.96",
        "201007": "16.61",
        "201008": "20.98",
        "201009": "28.93",
        "201010": "29.65",
        "201011": "27.04",
        "201012": "30.99",
        "201101": "32.04",
        "201102": "32.52",
        "201103": "31.51",
        "201104": "32.17",
        "201105": "35.40",
        "201106": "35.98",
        "201107": "35.04",
        "201108": "37.00",
        "201109": "27.22",
        "201110": "23.43",
        "201111": "24.33",
        "201112": "21.49",
        "201201": "21.11",
        "201202": "24.44",
        "201203": "23.88",
        "201204": "23.27",
        "201205": "21.23",
        "201206": "18.81",
        "201207": "19.69",
        "201208": "19.65",
        "201209": "17.97",
        "201210": "16.70",
        "201211": "13.75",
        "201212": "15.42",
        "201301": "16.15",
        "201302": "15.62",
        "201303": "14.75",
        "201304": "14.92",
        "201305": "15.12",
        "201306": "14.48",
        "201307": "14.20",
        "201308": "13.85",
        "201309": "14.07",
        "201310": "13.78",
        "201311": "13.54",
        "201312": "13.61",
        "201401": "14.34",
        "201402": "15.80",
        "201403": "15.83",
        "201404": "14.67",
        "201405": "13.94",
        "201406": "13.90",
        "201407": "13.39",
        "201408": "12.42",
        "201409": "12.10",
        "201410": "10.99",
        "201411": "10.83",
        "201412": "11.37",
        "201501": "11.44",
        "201502": "11.50",
        "201503": "11.68",
        "201504": "14.28",
        "201505": "14.08",
        "201506": "14.14",
        "201507": "14.38",
        "201508": "12.88",
        "201509": "14.10",
        "201510": "13.43",
        "201511": "13.26",
        "201512": "13.88",
        "201601": "12.89",
        "201602": "13.34",
        "201603": "14.64",
        "201604": "13.54",
        "201605": "12.28",
        "201606": "12.76",
        "201607": "13.91",
        "201608": "14.54",
        "201609": "14.09",
        "201610": "14.19",
        "201611": "15.47",
        "201612": "14.84",
        "201701": "15.34",
        "201702": "16.11",
        "201703": "16.95",
        "201704": "17.63",
        "201705": "14.00",
        "201706": "12.43",
        "201707": "12.66",
        "201708": "12.60",
        "201709": "12.42",
        "201710": "11.78",
        "201711": "11.57",
        "201712": "11.20",
        "201801": "11.90",
        "201802": "11.72",
        "201803": "11.47",
        "201804": "11.24",
        "201805": "10.20",
        "201806": "8.95",
        "201807": "7.46",
        "201808": "7.62",
        "201809": "7.80",
        "201810": "6.59",
        "201811": "6.34",
        "201812": "6.79",
        "201901": "6.87",
        "201902": "7.64",
        "201903": "8.07",
        "201904": "8.00",
        "201905": "8.58",
        "201906": "9.28",
        "201907": "9.82",
        "201908": "9.43",
        "201909": "9.25",
        "201910": "8.97",
        "201911": "8.83",
        "201912": "8.96",
        "202001": "9.06",
        "202002": "8.76",
        "202003": "8.03",
        "202004": "7.70",
        "202005": "7.28",
        "202006": "7.60",
        "202007": "7.85",
        "202008": "7.92",
        "202009": "8.96",
        "202010": "9.16",
        "202011": "10.23",
        "202012": "11.95",
        "202101": "11.13",
        "202102": "11.31",
        "202103": "11.83",
        "202104": "14.82",
        "202105": "13.38",
        "202106": "12.45",
        "202107": "14.46",
        "202108": "14.53",
        "202109": "18.44",
        "202110": "19.78",
        "202111": "18.39",
        "202112": "17.55",
        "202201": "16.81",
        "202202": "17.71",
        "202203": "17.85",
        "202204": "20.22",
        "202205": "23.49",
        "202206": "20.62",
        "202207": "18.90",
        "202208": "21.15",
        "202209": "18.40",
        "202210": "16.30",
        "202211": "18.74",
        "202212": "23.52",
        "202301": "23.04",
        "202302": "27.03",
        "202303": "30.12",
        "202304": "38.40",
        "202305": "37.46",
        "202306": "37.94",
        "202307": "36.28",
        "202308": "33.06",
        "202309": "35.67",
        "202310": "34.10",
        "202311": "34.35",
        "202312": "36.32"
    },
    "quarters": {
        "20011": {
            "year_quarter": 20011,
            "year": 2001,
            "quarter": 1,
            "eps": null,
            "eps_growth_year": null,
            "eps_4q": null,
            "eps_4q_growth_year": null,
            "roe": null,
            "roe_4q": 0,
            "gross_profit": null,
            "gross_margin": null,
            "gross_margin_4q_avg": 0,
            "net_income": null,
            "net_income_4q": null,
            "revenue": null,
            "revenue_4q": null,
            "common_shares": null,
            "book_valuer_per_share": null,
            "book_valuer_per_share_4q_avg": 0,
            "equity": null,
            "current_ratio": null,
            "debt_ratio": null,
            "inventory_turnover_ratio": null,
            "account_receivable_turnover_ratio": null,
            "reinvestment_rate": null,
            "research_to_sale_ratio": null,
            "price_fair": 0,
            "eps_avg_yearly": 0,
            "eps_latest_yearly": 0,
            "eps_growth_yearly": 0
        },
        "20012": {
            "year_quarter": 20012,
            "year": 2001,
            "quarter": 2,
            "eps": null,
            "eps_growth_year": null,
            "eps_4q": null,
            "eps_4q_growth_year": null,
            "roe": null,
            "roe_4q": 0,
            "gross_profit": null,
            "gross_margin": null,
            "gross_margin_4q_avg": 0,
            "net_income": null,
            "net_income_4q": null,
            "revenue": null,
            "revenue_4q": null,
            "common_shares": null,
            "book_valuer_per_share": null,
            "book_valuer_per_share_4q_avg": 0,
            "equity": null,
            "current_ratio": null,
            "debt_ratio": null,
            "inventory_turnover_ratio": null,
            "account_receivable_turnover_ratio": null,
            "reinvestment_rate": null,
            "research_to_sale_ratio": null,
            "price_fair": 0,
            "eps_avg_yearly": 0,
            "eps_latest_yearly": 0,
            "eps_growth_yearly": 0
        },
        "20013": {
            "year_quarter": 20013,
            "year": 2001,
            "quarter": 3,
            "eps": null,
            "eps_growth_year": null,
            "eps_4q": null,
            "eps_4q_growth_year": null,
            "roe": null,
            "roe_4q": 0,
            "gross_profit": null,
            "gross_margin": null,
            "gross_margin_4q_avg": 0,
            "net_income": null,
            "net_income_4q": null,
            "revenue": null,
            "revenue_4q": null,
            "common_shares": null,
            "book_valuer_per_share": null,
            "book_valuer_per_share_4q_avg": 0,
            "equity": null,
            "current_ratio": null,
            "debt_ratio": null,
            "inventory_turnover_ratio": null,
            "account_receivable_turnover_ratio": null,
            "reinvestment_rate": null,
            "research_to_sale_ratio": null,
            "price_fair": 0,
            "eps_avg_yearly": 0,
            "eps_latest_yearly": 0,
            "eps_growth_yearly": 0
        },
        "20014": {
            "year_quarter": 20014,
            "year": 2001,
            "quarter": 4,
            "eps": null,
            "eps_growth_year": null,
            "eps_4q": null,
            "eps_4q_growth_year": null,
            "roe": null,
            "roe_4q": 0,
            "gross_profit": null,
            "gross_margin": null,
            "gross_margin_4q_avg": 0,
            "net_income": null,
            "net_income_4q": null,
            "revenue": null,
            "revenue_4q": null,
            "common_shares": null,
            "book_valuer_per_share": null,
            "book_valuer_per_share_4q_avg": 0,
            "equity": null,
            "current_ratio": null,
            "debt_ratio": null,
            "inventory_turnover_ratio": null,
            "account_receivable_turnover_ratio": null,
            "reinvestment_rate": null,
            "research_to_sale_ratio": null,
            "price_fair": 0,
            "eps_avg_yearly": 0,
            "eps_latest_yearly": 0,
            "eps_growth_yearly": 0
        },
        "20021": {
            "year_quarter": 20021,
            "year": 2002,
            "quarter": 1,
            "eps": null,
            "eps_growth_year": null,
            "eps_4q": null,
            "eps_4q_growth_year": null,
            "roe": null,
            "roe_4q": 0,
            "gross_profit": null,
            "gross_margin": null,
            "gross_margin_4q_avg": 0,
            "net_income": null,
            "net_income_4q": null,
            "revenue": null,
            "revenue_4q": null,
            "common_shares": null,
            "book_valuer_per_share": null,
            "book_valuer_per_share_4q_avg": 0,
            "equity": null,
            "current_ratio": null,
            "debt_ratio": null,
            "inventory_turnover_ratio": null,
            "account_receivable_turnover_ratio": null,
            "reinvestment_rate": null,
            "research_to_sale_ratio": null,
            "price_fair": 0,
            "eps_avg_yearly": 0,
            "eps_latest_yearly": 0,
            "eps_growth_yearly": 0
        },
        "20022": {
            "year_quarter": 20022,
            "year": 2002,
            "quarter": 2,
            "eps": null,
            "eps_growth_year": null,
            "eps_4q": null,
            "eps_4q_growth_year": null,
            "roe": null,
            "roe_4q": 0,
            "gross_profit": null,
            "gross_margin": null,
            "gross_margin_4q_avg": 0,
            "net_income": null,
            "net_income_4q": null,
            "revenue": null,
            "revenue_4q": null,
            "common_shares": null,
            "book_valuer_per_share": null,
            "book_valuer_per_share_4q_avg": 0,
            "equity": null,
            "current_ratio": null,
            "debt_ratio": null,
            "inventory_turnover_ratio": null,
            "account_receivable_turnover_ratio": null,
            "reinvestment_rate": null,
            "research_to_sale_ratio": null,
            "price_fair": 0,
            "eps_avg_yearly": 0,
            "eps_latest_yearly": 0,
            "eps_growth_yearly": 0
        },
        "20023": {
            "year_quarter": 20023,
            "year": 2002,
            "quarter": 3,
            "eps": null,
            "eps_growth_year": null,
            "eps_4q": null,
            "eps_4q_growth_year": null,
            "roe": null,
            "roe_4q": 0,
            "gross_profit": null,
            "gross_margin": null,
            "gross_margin_4q_avg": 0,
            "net_income": null,
            "net_income_4q": null,
            "revenue": null,
            "revenue_4q": null,
            "common_shares": null,
            "book_valuer_per_share": null,
            "book_valuer_per_share_4q_avg": 0,
            "equity": null,
            "current_ratio": null,
            "debt_ratio": null,
            "inventory_turnover_ratio": null,
            "account_receivable_turnover_ratio": null,
            "reinvestment_rate": null,
            "research_to_sale_ratio": null,
            "price_fair": 0,
            "eps_avg_yearly": 0,
            "eps_latest_yearly": 0,
            "eps_growth_yearly": 0
        },
        "20024": {
            "year_quarter": 20024,
            "year": 2002,
            "quarter": 4,
            "eps": null,
            "eps_growth_year": null,
            "eps_4q": null,
            "eps_4q_growth_year": null,
            "roe": null,
            "roe_4q": 0,
            "gross_profit": null,
            "gross_margin": null,
            "gross_margin_4q_avg": 0,
            "net_income": null,
            "net_income_4q": null,
            "revenue": null,
            "revenue_4q": null,
            "common_shares": 150000,
            "book_valuer_per_share": 10.56,
            "book_valuer_per_share_4q_avg": 2.64,
            "equity": 158471,
            "current_ratio": 563.06,
            "debt_ratio": 14.99,
            "inventory_turnover_ratio": null,
            "account_receivable_turnover_ratio": null,
            "reinvestment_rate": null,
            "research_to_sale_ratio": null,
            "price_fair": 0,
            "eps_avg_yearly": 0,
            "eps_latest_yearly": 0,
            "eps_growth_yearly": 0
        },
        "20031": {
            "year_quarter": 20031,
            "year": 2003,
            "quarter": 1,
            "eps": null,
            "eps_growth_year": null,
            "eps_4q": null,
            "eps_4q_growth_year": null,
            "roe": null,
            "roe_4q": 0,
            "gross_profit": null,
            "gross_margin": null,
            "gross_margin_4q_avg": 0,
            "net_income": null,
            "net_income_4q": null,
            "revenue": null,
            "revenue_4q": null,
            "common_shares": null,
            "book_valuer_per_share": null,
            "book_valuer_per_share_4q_avg": 2.64,
            "equity": null,
            "current_ratio": null,
            "debt_ratio": null,
            "inventory_turnover_ratio": null,
            "account_receivable_turnover_ratio": null,
            "reinvestment_rate": null,
            "research_to_sale_ratio": null,
            "price_fair": 0,
            "eps_avg_yearly": 0,
            "eps_latest_yearly": 0,
            "eps_growth_yearly": 0
        },
        "20032": {
            "year_quarter": 20032,
            "year": 2003,
            "quarter": 2,
            "eps": null,
            "eps_growth_year": null,
            "eps_4q": null,
            "eps_4q_growth_year": null,
            "roe": null,
            "roe_4q": 0,
            "gross_profit": null,
            "gross_margin": null,
            "gross_margin_4q_avg": 0,
            "net_income": null,
            "net_income_4q": null,
            "revenue": null,
            "revenue_4q": null,
            "common_shares": null,
            "book_valuer_per_share": null,
            "book_valuer_per_share_4q_avg": 2.64,
            "equity": null,
            "current_ratio": null,
            "debt_ratio": null,
            "inventory_turnover_ratio": null,
            "account_receivable_turnover_ratio": null,
            "reinvestment_rate": null,
            "research_to_sale_ratio": null,
            "price_fair": 0,
            "eps_avg_yearly": 0,
            "eps_latest_yearly": 0,
            "eps_growth_yearly": 0
        },
        "20033": {
            "year_quarter": 20033,
            "year": 2003,
            "quarter": 3,
            "eps": null,
            "eps_growth_year": null,
            "eps_4q": null,
            "eps_4q_growth_year": null,
            "roe": null,
            "roe_4q": 0,
            "gross_profit": null,
            "gross_margin": null,
            "gross_margin_4q_avg": 0,
            "net_income": null,
            "net_income_4q": null,
            "revenue": null,
            "revenue_4q": null,
            "common_shares": null,
            "book_valuer_per_share": null,
            "book_valuer_per_share_4q_avg": 2.64,
            "equity": null,
            "current_ratio": null,
            "debt_ratio": null,
            "inventory_turnover_ratio": null,
            "account_receivable_turnover_ratio": null,
            "reinvestment_rate": null,
            "research_to_sale_ratio": null,
            "price_fair": 0,
            "eps_avg_yearly": 0,
            "eps_latest_yearly": 0,
            "eps_growth_yearly": 0
        },
        "20034": {
            "year_quarter": 20034,
            "year": 2003,
            "quarter": 4,
            "eps": null,
            "eps_growth_year": null,
            "eps_4q": null,
            "eps_4q_growth_year": null,
            "roe": null,
            "roe_4q": 0,
            "gross_profit": null,
            "gross_margin": null,
            "gross_margin_4q_avg": 0,
            "net_income": null,
            "net_income_4q": null,
            "revenue": null,
            "revenue_4q": null,
            "common_shares": 152500,
            "book_valuer_per_share": 10.51,
            "book_valuer_per_share_4q_avg": 2.63,
            "equity": 160338,
            "current_ratio": 255.9,
            "debt_ratio": 33.82,
            "inventory_turnover_ratio": null,
            "account_receivable_turnover_ratio": null,
            "reinvestment_rate": null,
            "research_to_sale_ratio": null,
            "price_fair": 0,
            "eps_avg_yearly": 0,
            "eps_latest_yearly": 0,
            "eps_growth_yearly": 0
        },
        "20041": {
            "year_quarter": 20041,
            "year": 2004,
            "quarter": 1,
            "eps": null,
            "eps_growth_year": null,
            "eps_4q": null,
            "eps_4q_growth_year": null,
            "roe": null,
            "roe_4q": 0,
            "gross_profit": null,
            "gross_margin": null,
            "gross_margin_4q_avg": 0,
            "net_income": null,
            "net_income_4q": null,
            "revenue": null,
            "revenue_4q": null,
            "common_shares": null,
            "book_valuer_per_share": null,
            "book_valuer_per_share_4q_avg": 2.63,
            "equity": null,
            "current_ratio": null,
            "debt_ratio": null,
            "inventory_turnover_ratio": null,
            "account_receivable_turnover_ratio": null,
            "reinvestment_rate": null,
            "research_to_sale_ratio": null,
            "price_fair": 0,
            "eps_avg_yearly": 0,
            "eps_latest_yearly": 0,
            "eps_growth_yearly": 0
        },
        "20042": {
            "year_quarter": 20042,
            "year": 2004,
            "quarter": 2,
            "eps": null,
            "eps_growth_year": null,
            "eps_4q": null,
            "eps_4q_growth_year": null,
            "roe": null,
            "roe_4q": 0,
            "gross_profit": null,
            "gross_margin": null,
            "gross_margin_4q_avg": 0,
            "net_income": null,
            "net_income_4q": null,
            "revenue": null,
            "revenue_4q": null,
            "common_shares": null,
            "book_valuer_per_share": null,
            "book_valuer_per_share_4q_avg": 2.63,
            "equity": null,
            "current_ratio": null,
            "debt_ratio": null,
            "inventory_turnover_ratio": null,
            "account_receivable_turnover_ratio": null,
            "reinvestment_rate": null,
            "research_to_sale_ratio": null,
            "price_fair": 0,
            "eps_avg_yearly": 0,
            "eps_latest_yearly": 0,
            "eps_growth_yearly": 0
        },
        "20043": {
            "year_quarter": 20043,
            "year": 2004,
            "quarter": 3,
            "eps": null,
            "eps_growth_year": null,
            "eps_4q": null,
            "eps_4q_growth_year": null,
            "roe": null,
            "roe_4q": 0,
            "gross_profit": null,
            "gross_margin": null,
            "gross_margin_4q_avg": 0,
            "net_income": null,
            "net_income_4q": null,
            "revenue": null,
            "revenue_4q": null,
            "common_shares": null,
            "book_valuer_per_share": null,
            "book_valuer_per_share_4q_avg": 2.63,
            "equity": null,
            "current_ratio": null,
            "debt_ratio": null,
            "inventory_turnover_ratio": null,
            "account_receivable_turnover_ratio": null,
            "reinvestment_rate": null,
            "research_to_sale_ratio": null,
            "price_fair": 0,
            "eps_avg_yearly": 0,
            "eps_latest_yearly": 0,
            "eps_growth_yearly": 0
        },
        "20044": {
            "year_quarter": 20044,
            "year": 2004,
            "quarter": 4,
            "eps": null,
            "eps_growth_year": null,
            "eps_4q": null,
            "eps_4q_growth_year": null,
            "roe": null,
            "roe_4q": 0,
            "gross_profit": null,
            "gross_margin": null,
            "gross_margin_4q_avg": 0,
            "net_income": null,
            "net_income_4q": null,
            "revenue": null,
            "revenue_4q": null,
            "common_shares": 152500,
            "book_valuer_per_share": 12.45,
            "book_valuer_per_share_4q_avg": 3.11,
            "equity": 189851,
            "current_ratio": 177.82,
            "debt_ratio": 62.19,
            "inventory_turnover_ratio": null,
            "account_receivable_turnover_ratio": null,
            "reinvestment_rate": null,
            "research_to_sale_ratio": null,
            "price_fair": 0,
            "eps_avg_yearly": 0,
            "eps_latest_yearly": 0,
            "eps_growth_yearly": 0
        },
        "20051": {
            "year_quarter": 20051,
            "year": 2005,
            "quarter": 1,
            "eps": null,
            "eps_growth_year": null,
            "eps_4q": null,
            "eps_4q_growth_year": null,
            "roe": null,
            "roe_4q": 0,
            "gross_profit": null,
            "gross_margin": null,
            "gross_margin_4q_avg": 0,
            "net_income": null,
            "net_income_4q": null,
            "revenue": null,
            "revenue_4q": null,
            "common_shares": null,
            "book_valuer_per_share": null,
            "book_valuer_per_share_4q_avg": 3.11,
            "equity": null,
            "current_ratio": null,
            "debt_ratio": null,
            "inventory_turnover_ratio": null,
            "account_receivable_turnover_ratio": null,
            "reinvestment_rate": null,
            "research_to_sale_ratio": null,
            "price_fair": 0,
            "eps_avg_yearly": 0,
            "eps_latest_yearly": 0,
            "eps_growth_yearly": 0
        },
        "20052": {
            "year_quarter": 20052,
            "year": 2005,
            "quarter": 2,
            "eps": null,
            "eps_growth_year": null,
            "eps_4q": null,
            "eps_4q_growth_year": null,
            "roe": null,
            "roe_4q": 0,
            "gross_profit": null,
            "gross_margin": null,
            "gross_margin_4q_avg": 0,
            "net_income": null,
            "net_income_4q": null,
            "revenue": null,
            "revenue_4q": null,
            "common_shares": null,
            "book_valuer_per_share": null,
            "book_valuer_per_share_4q_avg": 3.11,
            "equity": null,
            "current_ratio": null,
            "debt_ratio": null,
            "inventory_turnover_ratio": null,
            "account_receivable_turnover_ratio": null,
            "reinvestment_rate": null,
            "research_to_sale_ratio": null,
            "price_fair": 0,
            "eps_avg_yearly": 0,
            "eps_latest_yearly": 0,
            "eps_growth_yearly": 0
        },
        "20053": {
            "year_quarter": 20053,
            "year": 2005,
            "quarter": 3,
            "eps": null,
            "eps_growth_year": null,
            "eps_4q": null,
            "eps_4q_growth_year": null,
            "roe": null,
            "roe_4q": 0,
            "gross_profit": null,
            "gross_margin": null,
            "gross_margin_4q_avg": 0,
            "net_income": null,
            "net_income_4q": null,
            "revenue": null,
            "revenue_4q": null,
            "common_shares": null,
            "book_valuer_per_share": null,
            "book_valuer_per_share_4q_avg": 3.11,
            "equity": null,
            "current_ratio": null,
            "debt_ratio": null,
            "inventory_turnover_ratio": null,
            "account_receivable_turnover_ratio": null,
            "reinvestment_rate": null,
            "research_to_sale_ratio": null,
            "price_fair": 0,
            "eps_avg_yearly": 0,
            "eps_latest_yearly": 0,
            "eps_growth_yearly": 0
        },
        "20054": {
            "year_quarter": 20054,
            "year": 2005,
            "quarter": 4,
            "eps": null,
            "eps_growth_year": null,
            "eps_4q": null,
            "eps_4q_growth_year": null,
            "roe": null,
            "roe_4q": 0,
            "gross_profit": null,
            "gross_margin": null,
            "gross_margin_4q_avg": 0,
            "net_income": null,
            "net_income_4q": null,
            "revenue": null,
            "revenue_4q": null,
            "common_shares": 179275,
            "book_valuer_per_share": 13.53,
            "book_valuer_per_share_4q_avg": 3.38,
            "equity": 242589,
            "current_ratio": 142.8,
            "debt_ratio": 69.2,
            "inventory_turnover_ratio": null,
            "account_receivable_turnover_ratio": null,
            "reinvestment_rate": null,
            "research_to_sale_ratio": null,
            "price_fair": 0,
            "eps_avg_yearly": 0,
            "eps_latest_yearly": 0,
            "eps_growth_yearly": 0
        },
        "20061": {
            "year_quarter": 20061,
            "year": 2006,
            "quarter": 1,
            "eps": 1.73,
            "eps_growth_year": null,
            "eps_4q": null,
            "eps_4q_growth_year": null,
            "roe": 11.71,
            "roe_4q": 11.71,
            "gross_profit": 69409,
            "gross_margin": 39.29,
            "gross_margin_4q_avg": 9.82,
            "net_income": 30952,
            "net_income_4q": null,
            "revenue": 176653,
            "revenue_4q": null,
            "common_shares": 179275,
            "book_valuer_per_share": 15.96,
            "book_valuer_per_share_4q_avg": 7.37,
            "equity": 286072,
            "current_ratio": 154.54,
            "debt_ratio": 64.08,
            "inventory_turnover_ratio": 0.21,
            "account_receivable_turnover_ratio": null,
            "reinvestment_rate": null,
            "research_to_sale_ratio": null,
            "price_fair": 0,
            "eps_avg_yearly": 0,
            "eps_latest_yearly": 0,
            "eps_growth_yearly": 0
        },
        "20062": {
            "year_quarter": 20062,
            "year": 2006,
            "quarter": 2,
            "eps": 1.29,
            "eps_growth_year": null,
            "eps_4q": null,
            "eps_4q_growth_year": null,
            "roe": 8.33,
            "roe_4q": 20.04,
            "gross_profit": 65968,
            "gross_margin": 29.5,
            "gross_margin_4q_avg": 17.2,
            "net_income": 26024,
            "net_income_4q": null,
            "revenue": 223646,
            "revenue_4q": null,
            "common_shares": 229275,
            "book_valuer_per_share": 14.78,
            "book_valuer_per_share_4q_avg": 11.07,
            "equity": 338977,
            "current_ratio": 174.64,
            "debt_ratio": 58.25,
            "inventory_turnover_ratio": 0.32,
            "account_receivable_turnover_ratio": null,
            "reinvestment_rate": null,
            "research_to_sale_ratio": null,
            "price_fair": 15.48,
            "eps_avg_yearly": 5.16,
            "eps_latest_yearly": 5.16,
            "eps_growth_yearly": -101.73
        },
        "20063": {
            "year_quarter": 20063,
            "year": 2006,
            "quarter": 3,
            "eps": 1.36,
            "eps_growth_year": null,
            "eps_4q": null,
            "eps_4q_growth_year": null,
            "roe": 7,
            "roe_4q": 27.04,
            "gross_profit": 79448,
            "gross_margin": 31.96,
            "gross_margin_4q_avg": 25.19,
            "net_income": 32590,
            "net_income_4q": null,
            "revenue": 248601,
            "revenue_4q": null,
            "common_shares": 329275,
            "book_valuer_per_share": 17.97,
            "book_valuer_per_share_4q_avg": 15.56,
            "equity": 591580,
            "current_ratio": 246.33,
            "debt_ratio": 38,
            "inventory_turnover_ratio": 0.37,
            "account_receivable_turnover_ratio": null,
            "reinvestment_rate": null,
            "research_to_sale_ratio": null,
            "price_fair": 15.9,
            "eps_avg_yearly": 5.3,
            "eps_latest_yearly": 5.44,
            "eps_growth_yearly": -40.01
        },
        "20064": {
            "year_quarter": 20064,
            "year": 2006,
            "quarter": 4,
            "eps": 0.47,
            "eps_growth_year": null,
            "eps_4q": 4.09,
            "eps_4q_growth_year": null,
            "roe": 1.95,
            "roe_4q": 28.990000000000002,
            "gross_profit": 63232,
            "gross_margin": 24.55,
            "gross_margin_4q_avg": 31.33,
            "net_income": 11621,
            "net_income_4q": null,
            "revenue": 257557,
            "revenue_4q": null,
            "common_shares": 329275,
            "book_valuer_per_share": 18.3,
            "book_valuer_per_share_4q_avg": 16.75,
            "equity": 602631,
            "current_ratio": 296.73,
            "debt_ratio": 34.96,
            "inventory_turnover_ratio": 0.48,
            "account_receivable_turnover_ratio": null,
            "reinvestment_rate": null,
            "research_to_sale_ratio": null,
            "price_fair": 12.48,
            "eps_avg_yearly": 4.16,
            "eps_latest_yearly": 1.88,
            "eps_growth_yearly": -113.93
        },
        "20071": {
            "year_quarter": 20071,
            "year": 2007,
            "quarter": 1,
            "eps": 1.22,
            "eps_growth_year": -29.48,
            "eps_4q": 3.36,
            "eps_4q_growth_year": null,
            "roe": 6.43,
            "roe_4q": 23.71,
            "gross_profit": 79064,
            "gross_margin": 33.16,
            "gross_margin_4q_avg": 29.79,
            "net_income": 40015,
            "net_income_4q": null,
            "revenue": 238415,
            "revenue_4q": null,
            "common_shares": 329275,
            "book_valuer_per_share": 19.52,
            "book_valuer_per_share_4q_avg": 17.64,
            "equity": 642656,
            "current_ratio": 516.56,
            "debt_ratio": 34.33,
            "inventory_turnover_ratio": 0.5,
            "account_receivable_turnover_ratio": null,
            "reinvestment_rate": null,
            "research_to_sale_ratio": null,
            "price_fair": 151.9,
            "eps_avg_yearly": 4.34,
            "eps_latest_yearly": 4.88,
            "eps_growth_yearly": 74.13
        },
        "20072": {
            "year_quarter": 20072,
            "year": 2007,
            "quarter": 2,
            "eps": 0.75,
            "eps_growth_year": -41.86,
            "eps_4q": 3.13,
            "eps_4q_growth_year": null,
            "roe": 4.09,
            "roe_4q": 19.47,
            "gross_profit": 65776,
            "gross_margin": 29.66,
            "gross_margin_4q_avg": 29.83,
            "net_income": 26497,
            "net_income_4q": null,
            "revenue": 221760,
            "revenue_4q": null,
            "common_shares": 352324,
            "book_valuer_per_share": 18.55,
            "book_valuer_per_share_4q_avg": 18.59,
            "equity": 653522,
            "current_ratio": 328.82,
            "debt_ratio": 50.92,
            "inventory_turnover_ratio": 0.5,
            "account_receivable_turnover_ratio": null,
            "reinvestment_rate": null,
            "research_to_sale_ratio": null,
            "price_fair": 142.52,
            "eps_avg_yearly": 4.07,
            "eps_latest_yearly": 3,
            "eps_growth_yearly": 28.48
        },
        "20073": {
            "year_quarter": 20073,
            "year": 2007,
            "quarter": 3,
            "eps": 1.23,
            "eps_growth_year": -9.56,
            "eps_4q": 3.44,
            "eps_4q_growth_year": null,
            "roe": 6.44,
            "roe_4q": 18.91,
            "gross_profit": 81672,
            "gross_margin": 29.94,
            "gross_margin_4q_avg": 29.33,
            "net_income": 43453,
            "net_income_4q": null,
            "revenue": 272758,
            "revenue_4q": null,
            "common_shares": 352324,
            "book_valuer_per_share": 19.78,
            "book_valuer_per_share_4q_avg": 19.04,
            "equity": 696908,
            "current_ratio": 440.19,
            "debt_ratio": 46.89,
            "inventory_turnover_ratio": 0.48,
            "account_receivable_turnover_ratio": null,
            "reinvestment_rate": null,
            "research_to_sale_ratio": null,
            "price_fair": 147.47,
            "eps_avg_yearly": 4.21,
            "eps_latest_yearly": 4.92,
            "eps_growth_yearly": 66.4
        },
        "20074": {
            "year_quarter": 20074,
            "year": 2007,
            "quarter": 4,
            "eps": 0.56,
            "eps_growth_year": 19.15,
            "eps_4q": 3.66,
            "eps_4q_growth_year": -10.62,
            "roe": 2.46,
            "roe_4q": 19.42,
            "gross_profit": 51156,
            "gross_margin": 20.49,
            "gross_margin_4q_avg": 28.31,
            "net_income": 19879,
            "net_income_4q": null,
            "revenue": 249614,
            "revenue_4q": null,
            "common_shares": 400004,
            "book_valuer_per_share": 22.95,
            "book_valuer_per_share_4q_avg": 20.2,
            "equity": 918023,
            "current_ratio": 580.76,
            "debt_ratio": 38.32,
            "inventory_turnover_ratio": 0.44,
            "account_receivable_turnover_ratio": null,
            "reinvestment_rate": null,
            "research_to_sale_ratio": null,
            "price_fair": 137.6,
            "eps_avg_yearly": 3.93,
            "eps_latest_yearly": 2.24,
            "eps_growth_yearly": 25.79
        },
        "20081": {
            "year_quarter": 20081,
            "year": 2008,
            "quarter": 1,
            "eps": -0.69,
            "eps_growth_year": -156.56,
            "eps_4q": 1.55,
            "eps_4q_growth_year": -53.93,
            "roe": -3.06,
            "roe_4q": 9.93,
            "gross_profit": 1147,
            "gross_margin": 0.61,
            "gross_margin_4q_avg": 20.18,
            "net_income": -27690,
            "net_income_4q": null,
            "revenue": 188219,
            "revenue_4q": null,
            "common_shares": 400004,
            "book_valuer_per_share": 22.26,
            "book_valuer_per_share_4q_avg": 20.89,
            "equity": 890333,
            "current_ratio": 780.29,
            "debt_ratio": 36.85,
            "inventory_turnover_ratio": 0.46,
            "account_receivable_turnover_ratio": null,
            "reinvestment_rate": null,
            "research_to_sale_ratio": null,
            "price_fair": 137.6,
            "eps_avg_yearly": 3.93,
            "eps_latest_yearly": 2.24,
            "eps_growth_yearly": 25.79
        },
        "20082": {
            "year_quarter": 20082,
            "year": 2008,
            "quarter": 2,
            "eps": -0.16,
            "eps_growth_year": -121.33,
            "eps_4q": 0.68,
            "eps_4q_growth_year": -78.26,
            "roe": -0.76,
            "roe_4q": 5.08,
            "gross_profit": 22870,
            "gross_margin": 14.28,
            "gross_margin_4q_avg": 16.33,
            "net_income": -6563,
            "net_income_4q": null,
            "revenue": 160113,
            "revenue_4q": null,
            "common_shares": 426859,
            "book_valuer_per_share": 19.56,
            "book_valuer_per_share_4q_avg": 21.14,
            "equity": 835043,
            "current_ratio": 156.57,
            "debt_ratio": 48.43,
            "inventory_turnover_ratio": 0.36,
            "account_receivable_turnover_ratio": null,
            "reinvestment_rate": null,
            "research_to_sale_ratio": null,
            "price_fair": 137.6,
            "eps_avg_yearly": 3.93,
            "eps_latest_yearly": 2.24,
            "eps_growth_yearly": 25.79
        },
        "20083": {
            "year_quarter": 20083,
            "year": 2008,
            "quarter": 3,
            "eps": 0.02,
            "eps_growth_year": -98.37,
            "eps_4q": -0.27,
            "eps_4q_growth_year": -107.74,
            "roe": 0.12,
            "roe_4q": -1.2400000000000002,
            "gross_profit": 35796,
            "gross_margin": 20.3,
            "gross_margin_4q_avg": 13.92,
            "net_income": 1004,
            "net_income_4q": null,
            "revenue": 176357,
            "revenue_4q": null,
            "common_shares": 426859,
            "book_valuer_per_share": 19.59,
            "book_valuer_per_share_4q_avg": 21.09,
            "equity": 836047,
            "current_ratio": 208.68,
            "debt_ratio": 47.01,
            "inventory_turnover_ratio": 0.36,
            "account_receivable_turnover_ratio": null,
            "reinvestment_rate": null,
            "research_to_sale_ratio": null,
            "price_fair": 137.6,
            "eps_avg_yearly": 3.93,
            "eps_latest_yearly": 2.24,
            "eps_growth_yearly": 25.79
        },
        "20084": {
            "year_quarter": 20084,
            "year": 2008,
            "quarter": 4,
            "eps": -0.12,
            "eps_growth_year": -121.43,
            "eps_4q": -0.9,
            "eps_4q_growth_year": -124.61,
            "roe": -0.61,
            "roe_4q": -4.3100000000000005,
            "gross_profit": 1117,
            "gross_margin": 0.58,
            "gross_margin_4q_avg": 8.94,
            "net_income": -5121,
            "net_income_4q": null,
            "revenue": 194119,
            "revenue_4q": null,
            "common_shares": 426859,
            "book_valuer_per_share": 19.5,
            "book_valuer_per_share_4q_avg": 20.23,
            "equity": 832326,
            "current_ratio": 167.87,
            "debt_ratio": 57.3,
            "inventory_turnover_ratio": 0.48,
            "account_receivable_turnover_ratio": 2.8,
            "reinvestment_rate": null,
            "research_to_sale_ratio": null,
            "price_fair": 137.6,
            "eps_avg_yearly": 3.93,
            "eps_latest_yearly": 2.24,
            "eps_growth_yearly": 25.79
        },
        "20091": {
            "year_quarter": 20091,
            "year": 2009,
            "quarter": 1,
            "eps": 0.01,
            "eps_growth_year": null,
            "eps_4q": -0.24,
            "eps_4q_growth_year": -115.26,
            "roe": 0.07,
            "roe_4q": -1.1800000000000002,
            "gross_profit": 21361,
            "gross_margin": 10.56,
            "gross_margin_4q_avg": 11.43,
            "net_income": 596,
            "net_income_4q": null,
            "revenue": 202305,
            "revenue_4q": null,
            "common_shares": 426859,
            "book_valuer_per_share": 19.51,
            "book_valuer_per_share_4q_avg": 19.54,
            "equity": 832922,
            "current_ratio": 149.28,
            "debt_ratio": 57.82,
            "inventory_turnover_ratio": 0.48,
            "account_receivable_turnover_ratio": 1.6,
            "reinvestment_rate": null,
            "research_to_sale_ratio": null,
            "price_fair": 137.6,
            "eps_avg_yearly": 3.93,
            "eps_latest_yearly": 2.24,
            "eps_growth_yearly": 25.79
        },
        "20092": {
            "year_quarter": 20092,
            "year": 2009,
            "quarter": 2,
            "eps": -0.61,
            "eps_growth_year": null,
            "eps_4q": -0.69,
            "eps_4q_growth_year": -201.9,
            "roe": -3.19,
            "roe_4q": -3.61,
            "gross_profit": -5404,
            "gross_margin": -4.6,
            "gross_margin_4q_avg": 6.71,
            "net_income": -26116,
            "net_income_4q": null,
            "revenue": 117420,
            "revenue_4q": null,
            "common_shares": 426949,
            "book_valuer_per_share": 18.9,
            "book_valuer_per_share_4q_avg": 19.38,
            "equity": 806910,
            "current_ratio": 169.74,
            "debt_ratio": 58.39,
            "inventory_turnover_ratio": 0.39,
            "account_receivable_turnover_ratio": 1.08,
            "reinvestment_rate": null,
            "research_to_sale_ratio": null,
            "price_fair": 137.6,
            "eps_avg_yearly": 3.93,
            "eps_latest_yearly": 2.24,
            "eps_growth_yearly": 25.79
        },
        "20093": {
            "year_quarter": 20093,
            "year": 2009,
            "quarter": 3,
            "eps": -0.33,
            "eps_growth_year": -1750,
            "eps_4q": -0.77,
            "eps_4q_growth_year": null,
            "roe": -1.6,
            "roe_4q": -5.33,
            "gross_profit": 4938,
            "gross_margin": 6.87,
            "gross_margin_4q_avg": 3.35,
            "net_income": -14060,
            "net_income_4q": null,
            "revenue": 71918,
            "revenue_4q": null,
            "common_shares": 578204,
            "book_valuer_per_share": 16.47,
            "book_valuer_per_share_4q_avg": 18.6,
            "equity": 952573,
            "current_ratio": 167.12,
            "debt_ratio": 51.56,
            "inventory_turnover_ratio": 0.24,
            "account_receivable_turnover_ratio": 0.84,
            "reinvestment_rate": null,
            "research_to_sale_ratio": null,
            "price_fair": 137.6,
            "eps_avg_yearly": 3.93,
            "eps_latest_yearly": 2.24,
            "eps_growth_yearly": 25.79
        },
        "20094": {
            "year_quarter": 20094,
            "year": 2009,
            "quarter": 4,
            "eps": -0.65,
            "eps_growth_year": null,
            "eps_4q": -1.2,
            "eps_4q_growth_year": null,
            "roe": -3.19,
            "roe_4q": -7.91,
            "gross_profit": -4812,
            "gross_margin": -5.02,
            "gross_margin_4q_avg": 1.95,
            "net_income": -29998,
            "net_income_4q": null,
            "revenue": 95856,
            "revenue_4q": null,
            "common_shares": 580834,
            "book_valuer_per_share": 15.93,
            "book_valuer_per_share_4q_avg": 17.7,
            "equity": 925531,
            "current_ratio": 128.07,
            "debt_ratio": 54.06,
            "inventory_turnover_ratio": 0.39,
            "account_receivable_turnover_ratio": 2.74,
            "reinvestment_rate": 1180.73,
            "research_to_sale_ratio": null,
            "price_fair": 137.6,
            "eps_avg_yearly": 3.93,
            "eps_latest_yearly": 2.24,
            "eps_growth_yearly": 25.79
        },
        "20101": {
            "year_quarter": 20101,
            "year": 2010,
            "quarter": 1,
            "eps": 0.15,
            "eps_growth_year": 1400,
            "eps_4q": -1.06,
            "eps_4q_growth_year": null,
            "roe": 0.94,
            "roe_4q": -7.04,
            "gross_profit": 38273,
            "gross_margin": 29.28,
            "gross_margin_4q_avg": 6.63,
            "net_income": 8734,
            "net_income_4q": null,
            "revenue": 130699,
            "revenue_4q": null,
            "common_shares": 582364,
            "book_valuer_per_share": 16.07,
            "book_valuer_per_share_4q_avg": 16.84,
            "equity": 935985,
            "current_ratio": 82.38,
            "debt_ratio": 56.98,
            "inventory_turnover_ratio": 0.36,
            "account_receivable_turnover_ratio": 1.46,
            "reinvestment_rate": 1558.22,
            "research_to_sale_ratio": 14.19,
            "price_fair": 137.6,
            "eps_avg_yearly": 3.93,
            "eps_latest_yearly": 2.24,
            "eps_growth_yearly": 25.79
        },
        "20102": {
            "year_quarter": 20102,
            "year": 2010,
            "quarter": 2,
            "eps": 0.17,
            "eps_growth_year": null,
            "eps_4q": -0.44,
            "eps_4q_growth_year": null,
            "roe": 1.03,
            "roe_4q": -2.8200000000000003,
            "gross_profit": 56181,
            "gross_margin": 36.25,
            "gross_margin_4q_avg": 16.85,
            "net_income": 9706,
            "net_income_4q": null,
            "revenue": 154961,
            "revenue_4q": null,
            "common_shares": 582694,
            "book_valuer_per_share": 16.24,
            "book_valuer_per_share_4q_avg": 16.18,
            "equity": 946062,
            "current_ratio": 86.42,
            "debt_ratio": 60.82,
            "inventory_turnover_ratio": 0.26,
            "account_receivable_turnover_ratio": 1.44,
            "reinvestment_rate": 1919.96,
            "research_to_sale_ratio": 9.4,
            "price_fair": 115.2,
            "eps_avg_yearly": 3.29,
            "eps_latest_yearly": 0.68,
            "eps_growth_yearly": 47.94
        },
        "20103": {
            "year_quarter": 20103,
            "year": 2010,
            "quarter": 3,
            "eps": 0.25,
            "eps_growth_year": null,
            "eps_4q": 0.06,
            "eps_4q_growth_year": null,
            "roe": 1.55,
            "roe_4q": 0.33000000000000007,
            "gross_profit": 40314,
            "gross_margin": 20.5,
            "gross_margin_4q_avg": 20.25,
            "net_income": 14796,
            "net_income_4q": null,
            "revenue": 196680,
            "revenue_4q": null,
            "common_shares": 584704,
            "book_valuer_per_share": 16.48,
            "book_valuer_per_share_4q_avg": 16.18,
            "equity": 963755,
            "current_ratio": 93.77,
            "debt_ratio": 61,
            "inventory_turnover_ratio": 0.32,
            "account_receivable_turnover_ratio": 1.71,
            "reinvestment_rate": 2243.64,
            "research_to_sale_ratio": 5.94,
            "price_fair": 93,
            "eps_avg_yearly": 2.66,
            "eps_latest_yearly": 1,
            "eps_growth_yearly": 71.73
        },
        "20104": {
            "year_quarter": 20104,
            "year": 2010,
            "quarter": 4,
            "eps": 0.17,
            "eps_growth_year": null,
            "eps_4q": 0.65,
            "eps_4q_growth_year": null,
            "roe": 1.07,
            "roe_4q": 4.59,
            "gross_profit": 33479,
            "gross_margin": 16.07,
            "gross_margin_4q_avg": 25.53,
            "net_income": 11565,
            "net_income_4q": null,
            "revenue": 208393,
            "revenue_4q": null,
            "common_shares": 684019,
            "book_valuer_per_share": 17.44,
            "book_valuer_per_share_4q_avg": 16.56,
            "equity": 1193059,
            "current_ratio": 127.27,
            "debt_ratio": 55.81,
            "inventory_turnover_ratio": 0.35,
            "account_receivable_turnover_ratio": 1.54,
            "reinvestment_rate": 2257.12,
            "research_to_sale_ratio": 8.66,
            "price_fair": 87,
            "eps_avg_yearly": 2.49,
            "eps_latest_yearly": 0.68,
            "eps_growth_yearly": 90.84
        },
        "20111": {
            "year_quarter": 20111,
            "year": 2011,
            "quarter": 1,
            "eps": 0.65,
            "eps_growth_year": 333.33,
            "eps_4q": 1.17,
            "eps_4q_growth_year": null,
            "roe": 3.64,
            "roe_4q": 7.29,
            "gross_profit": 30609,
            "gross_margin": 14.35,
            "gross_margin_4q_avg": 21.79,
            "net_income": 44240,
            "net_income_4q": null,
            "revenue": 213334,
            "revenue_4q": null,
            "common_shares": 684882,
            "book_valuer_per_share": 18.09,
            "book_valuer_per_share_4q_avg": 17.06,
            "equity": 1238734,
            "current_ratio": 95.17,
            "debt_ratio": 52.1,
            "inventory_turnover_ratio": 0.35,
            "account_receivable_turnover_ratio": 1.25,
            "reinvestment_rate": 2097.62,
            "research_to_sale_ratio": 3.79,
            "price_fair": 75.6,
            "eps_avg_yearly": 2.16,
            "eps_latest_yearly": 2.6,
            "eps_growth_yearly": 161
        },
        "20112": {
            "year_quarter": 20112,
            "year": 2011,
            "quarter": 2,
            "eps": 0.21,
            "eps_growth_year": 24.12,
            "eps_4q": 1.22,
            "eps_4q_growth_year": null,
            "roe": 1.16,
            "roe_4q": 7.42,
            "gross_profit": 47012,
            "gross_margin": 18.07,
            "gross_margin_4q_avg": 17.25,
            "net_income": 14453,
            "net_income_4q": null,
            "revenue": 260178,
            "revenue_4q": null,
            "common_shares": 685392,
            "book_valuer_per_share": 18.2,
            "book_valuer_per_share_4q_avg": 17.55,
            "equity": 1247559,
            "current_ratio": 88.61,
            "debt_ratio": 57.74,
            "inventory_turnover_ratio": 0.38,
            "account_receivable_turnover_ratio": 1.38,
            "reinvestment_rate": 2913.52,
            "research_to_sale_ratio": 4.21,
            "price_fair": 64.8,
            "eps_avg_yearly": 1.85,
            "eps_latest_yearly": 0.84,
            "eps_growth_yearly": 144.33
        },
        "20113": {
            "year_quarter": 20113,
            "year": 2011,
            "quarter": 3,
            "eps": 0.38,
            "eps_growth_year": 48.79,
            "eps_4q": 1.38,
            "eps_4q_growth_year": 2388.91,
            "roe": 2.11,
            "roe_4q": 7.98,
            "gross_profit": 67021,
            "gross_margin": 22.09,
            "gross_margin_4q_avg": 17.65,
            "net_income": 26405,
            "net_income_4q": null,
            "revenue": 303341,
            "revenue_4q": null,
            "common_shares": 701315,
            "book_valuer_per_share": 17.93,
            "book_valuer_per_share_4q_avg": 17.92,
            "equity": 1257790,
            "current_ratio": 86.16,
            "debt_ratio": 59.42,
            "inventory_turnover_ratio": 0.39,
            "account_receivable_turnover_ratio": 1.56,
            "reinvestment_rate": 4113.07,
            "research_to_sale_ratio": 4.42,
            "price_fair": 47.8,
            "eps_avg_yearly": 1.37,
            "eps_latest_yearly": 1.52,
            "eps_growth_yearly": 154.02
        },
        "20114": {
            "year_quarter": 20114,
            "year": 2011,
            "quarter": 4,
            "eps": 0.07,
            "eps_growth_year": -59.61,
            "eps_4q": 1.14,
            "eps_4q_growth_year": 74.48,
            "roe": 0.4,
            "roe_4q": 7.3100000000000005,
            "gross_profit": 40595,
            "gross_margin": 13.99,
            "gross_margin_4q_avg": 17.13,
            "net_income": 5408,
            "net_income_4q": null,
            "revenue": 290095,
            "revenue_4q": null,
            "common_shares": 791965,
            "book_valuer_per_share": 18.47,
            "book_valuer_per_share_4q_avg": 18.17,
            "equity": 1462529,
            "current_ratio": 142.11,
            "debt_ratio": 52.12,
            "inventory_turnover_ratio": 0.4,
            "account_receivable_turnover_ratio": 1.48,
            "reinvestment_rate": 6225.42,
            "research_to_sale_ratio": 2.03,
            "price_fair": 38,
            "eps_avg_yearly": 1.09,
            "eps_latest_yearly": 0.28,
            "eps_growth_yearly": 138.53
        },
        "20121": {
            "year_quarter": 20121,
            "year": 2012,
            "quarter": 1,
            "eps": 0.06,
            "eps_growth_year": -90.77,
            "eps_4q": 0.64,
            "eps_4q_growth_year": -45.36,
            "roe": 0.31,
            "roe_4q": 3.9799999999999995,
            "gross_profit": 36335,
            "gross_margin": 15.78,
            "gross_margin_4q_avg": 17.48,
            "net_income": 4638,
            "net_income_4q": null,
            "revenue": 230272,
            "revenue_4q": null,
            "common_shares": 794527,
            "book_valuer_per_share": 18.72,
            "book_valuer_per_share_4q_avg": 18.33,
            "equity": 1487179,
            "current_ratio": 143.73,
            "debt_ratio": 51.61,
            "inventory_turnover_ratio": 0.31,
            "account_receivable_turnover_ratio": 1.29,
            "reinvestment_rate": 2747.9,
            "research_to_sale_ratio": 1.48,
            "price_fair": 34.3,
            "eps_avg_yearly": 0.98,
            "eps_latest_yearly": 0.24,
            "eps_growth_yearly": 114.07
        },
        "20122": {
            "year_quarter": 20122,
            "year": 2012,
            "quarter": 2,
            "eps": -0.12,
            "eps_growth_year": -159.28,
            "eps_4q": 0.31,
            "eps_4q_growth_year": -74.18,
            "roe": -0.69,
            "roe_4q": 2.13,
            "gross_profit": 15247,
            "gross_margin": 6.75,
            "gross_margin_4q_avg": 14.65,
            "net_income": -10230,
            "net_income_4q": null,
            "revenue": 225973,
            "revenue_4q": null,
            "common_shares": 795107,
            "book_valuer_per_share": 18.67,
            "book_valuer_per_share_4q_avg": 18.45,
            "equity": 1484221,
            "current_ratio": 261.8,
            "debt_ratio": 54.27,
            "inventory_turnover_ratio": 0.33,
            "account_receivable_turnover_ratio": 1.25,
            "reinvestment_rate": 2484.61,
            "research_to_sale_ratio": 1.23,
            "price_fair": 34.3,
            "eps_avg_yearly": 0.98,
            "eps_latest_yearly": 0.24,
            "eps_growth_yearly": 114.07
        },
        "20123": {
            "year_quarter": 20123,
            "year": 2012,
            "quarter": 3,
            "eps": -0.39,
            "eps_growth_year": -204.61,
            "eps_4q": -0.4,
            "eps_4q_growth_year": -128.74,
            "roe": -2.24,
            "roe_4q": -2.22,
            "gross_profit": -234,
            "gross_margin": -0.11,
            "gross_margin_4q_avg": 9.1,
            "net_income": -32876,
            "net_income_4q": null,
            "revenue": 213643,
            "revenue_4q": null,
            "common_shares": 834705,
            "book_valuer_per_share": 17.46,
            "book_valuer_per_share_4q_avg": 18.33,
            "equity": 1457643,
            "current_ratio": 236.82,
            "debt_ratio": 56.34,
            "inventory_turnover_ratio": 0.31,
            "account_receivable_turnover_ratio": 1.19,
            "reinvestment_rate": 6120.8,
            "research_to_sale_ratio": 1.5,
            "price_fair": 34.3,
            "eps_avg_yearly": 0.98,
            "eps_latest_yearly": 0.24,
            "eps_growth_yearly": 114.07
        },
        "20124": {
            "year_quarter": 20124,
            "year": 2012,
            "quarter": 4,
            "eps": -0.54,
            "eps_growth_year": -891.11,
            "eps_4q": -1.01,
            "eps_4q_growth_year": -188.09,
            "roe": -3.14,
            "roe_4q": -5.760000000000001,
            "gross_profit": -14761,
            "gross_margin": -6.93,
            "gross_margin_4q_avg": 3.87,
            "net_income": -44552,
            "net_income_4q": null,
            "revenue": 213070,
            "revenue_4q": null,
            "common_shares": 834705,
            "book_valuer_per_share": 16.78,
            "book_valuer_per_share_4q_avg": 17.91,
            "equity": 1383711,
            "current_ratio": 210.22,
            "debt_ratio": 58.23,
            "inventory_turnover_ratio": 0.33,
            "account_receivable_turnover_ratio": 1.25,
            "reinvestment_rate": null,
            "research_to_sale_ratio": 1.49,
            "price_fair": 34.3,
            "eps_avg_yearly": 0.98,
            "eps_latest_yearly": 0.24,
            "eps_growth_yearly": 114.07
        },
        "20131": {
            "year_quarter": 20131,
            "year": 2013,
            "quarter": 1,
            "eps": -0.59,
            "eps_growth_year": -1083.33,
            "eps_4q": -1.65,
            "eps_4q_growth_year": -358.15,
            "roe": -3.58,
            "roe_4q": -9.65,
            "gross_profit": -19320,
            "gross_margin": -6.81,
            "gross_margin_4q_avg": -1.78,
            "net_income": -48740,
            "net_income_4q": null,
            "revenue": 283591,
            "revenue_4q": null,
            "common_shares": 834705,
            "book_valuer_per_share": 16.21,
            "book_valuer_per_share_4q_avg": 17.28,
            "equity": 1336779,
            "current_ratio": 175.55,
            "debt_ratio": 59.13,
            "inventory_turnover_ratio": 0.49,
            "account_receivable_turnover_ratio": 1.51,
            "reinvestment_rate": null,
            "research_to_sale_ratio": 0.84,
            "price_fair": 34.3,
            "eps_avg_yearly": 0.98,
            "eps_latest_yearly": 0.24,
            "eps_growth_yearly": 114.07
        },
        "20132": {
            "year_quarter": 20132,
            "year": 2013,
            "quarter": 2,
            "eps": -0.65,
            "eps_growth_year": null,
            "eps_4q": -2.18,
            "eps_4q_growth_year": -792.76,
            "roe": -4.07,
            "roe_4q": -13.030000000000001,
            "gross_profit": -20944,
            "gross_margin": -6.73,
            "gross_margin_4q_avg": -5.15,
            "net_income": -53304,
            "net_income_4q": null,
            "revenue": 311298,
            "revenue_4q": null,
            "common_shares": 834705,
            "book_valuer_per_share": 15.52,
            "book_valuer_per_share_4q_avg": 16.49,
            "equity": 1280083,
            "current_ratio": 93.18,
            "debt_ratio": 60.8,
            "inventory_turnover_ratio": 0.61,
            "account_receivable_turnover_ratio": 1.59,
            "reinvestment_rate": null,
            "research_to_sale_ratio": 0.87,
            "price_fair": 34.3,
            "eps_avg_yearly": 0.98,
            "eps_latest_yearly": 0.24,
            "eps_growth_yearly": 114.07
        },
        "20133": {
            "year_quarter": 20133,
            "year": 2013,
            "quarter": 3,
            "eps": -0.41,
            "eps_growth_year": null,
            "eps_4q": -2.18,
            "eps_4q_growth_year": null,
            "roe": -2.64,
            "roe_4q": -13.430000000000001,
            "gross_profit": -2702,
            "gross_margin": -1.02,
            "gross_margin_4q_avg": -5.37,
            "net_income": -33451,
            "net_income_4q": null,
            "revenue": 265925,
            "revenue_4q": null,
            "common_shares": 834705,
            "book_valuer_per_share": 15.25,
            "book_valuer_per_share_4q_avg": 15.94,
            "equity": 1257634,
            "current_ratio": 107.63,
            "debt_ratio": 60.28,
            "inventory_turnover_ratio": 0.55,
            "account_receivable_turnover_ratio": 1.49,
            "reinvestment_rate": null,
            "research_to_sale_ratio": 1.34,
            "price_fair": 34.3,
            "eps_avg_yearly": 0.98,
            "eps_latest_yearly": 0.24,
            "eps_growth_yearly": 114.07
        },
        "20134": {
            "year_quarter": 20134,
            "year": 2013,
            "quarter": 4,
            "eps": -0.51,
            "eps_growth_year": null,
            "eps_4q": -2.16,
            "eps_4q_growth_year": null,
            "roe": -3.43,
            "roe_4q": -13.72,
            "gross_profit": 116,
            "gross_margin": 0.05,
            "gross_margin_4q_avg": -3.63,
            "net_income": -42426,
            "net_income_4q": null,
            "revenue": 253143,
            "revenue_4q": null,
            "common_shares": 834705,
            "book_valuer_per_share": 14.78,
            "book_valuer_per_share_4q_avg": 15.44,
            "equity": 1218689,
            "current_ratio": 104.9,
            "debt_ratio": 61.55,
            "inventory_turnover_ratio": 0.55,
            "account_receivable_turnover_ratio": 1.52,
            "reinvestment_rate": null,
            "research_to_sale_ratio": 1.83,
            "price_fair": 34.3,
            "eps_avg_yearly": 0.98,
            "eps_latest_yearly": 0.24,
            "eps_growth_yearly": 114.07
        },
        "20141": {
            "year_quarter": 20141,
            "year": 2014,
            "quarter": 1,
            "eps": -0.32,
            "eps_growth_year": null,
            "eps_4q": -1.89,
            "eps_4q_growth_year": null,
            "roe": -2.2,
            "roe_4q": -12.340000000000002,
            "gross_profit": 8155,
            "gross_margin": 2.86,
            "gross_margin_4q_avg": -1.21,
            "net_income": -26652,
            "net_income_4q": null,
            "revenue": 285280,
            "revenue_4q": null,
            "common_shares": 834705,
            "book_valuer_per_share": 14.55,
            "book_valuer_per_share_4q_avg": 15.03,
            "equity": 1200167,
            "current_ratio": 98.77,
            "debt_ratio": 63.44,
            "inventory_turnover_ratio": 0.54,
            "account_receivable_turnover_ratio": 1.64,
            "reinvestment_rate": null,
            "research_to_sale_ratio": 1.92,
            "price_fair": 34.3,
            "eps_avg_yearly": 0.98,
            "eps_latest_yearly": 0.24,
            "eps_growth_yearly": 114.07
        },
        "20142": {
            "year_quarter": 20142,
            "year": 2014,
            "quarter": 2,
            "eps": -0.29,
            "eps_growth_year": null,
            "eps_4q": -1.53,
            "eps_4q_growth_year": null,
            "roe": -2.01,
            "roe_4q": -10.280000000000001,
            "gross_profit": 2690,
            "gross_margin": 0.98,
            "gross_margin_4q_avg": 0.72,
            "net_income": -23994,
            "net_income_4q": null,
            "revenue": 275308,
            "revenue_4q": null,
            "common_shares": 834705,
            "book_valuer_per_share": 14.38,
            "book_valuer_per_share_4q_avg": 14.74,
            "equity": 1186672,
            "current_ratio": 88.6,
            "debt_ratio": 63.86,
            "inventory_turnover_ratio": 0.48,
            "account_receivable_turnover_ratio": 1.59,
            "reinvestment_rate": null,
            "research_to_sale_ratio": 2.38,
            "price_fair": 35.8,
            "eps_avg_yearly": 1.02,
            "eps_latest_yearly": 0.24,
            "eps_growth_yearly": 122.75
        },
        "20143": {
            "year_quarter": 20143,
            "year": 2014,
            "quarter": 3,
            "eps": -0.09,
            "eps_growth_year": null,
            "eps_4q": -0.99,
            "eps_4q_growth_year": null,
            "roe": -0.64,
            "roe_4q": -8.28,
            "gross_profit": 26412,
            "gross_margin": 9.35,
            "gross_margin_4q_avg": 3.31,
            "net_income": -8398,
            "net_income_4q": null,
            "revenue": 282350,
            "revenue_4q": null,
            "common_shares": 1034705,
            "book_valuer_per_share": 13.85,
            "book_valuer_per_share_4q_avg": 14.39,
            "equity": 1419241,
            "current_ratio": 102.33,
            "debt_ratio": 55.76,
            "inventory_turnover_ratio": 0.47,
            "account_receivable_turnover_ratio": 1.67,
            "reinvestment_rate": null,
            "research_to_sale_ratio": 1.83,
            "price_fair": 35.93,
            "eps_avg_yearly": 1.03,
            "eps_latest_yearly": 0.24,
            "eps_growth_yearly": 111.83
        },
        "20144": {
            "year_quarter": 20144,
            "year": 2014,
            "quarter": 4,
            "eps": 0.07,
            "eps_growth_year": null,
            "eps_4q": -0.51,
            "eps_4q_growth_year": null,
            "roe": 0.51,
            "roe_4q": -4.34,
            "gross_profit": 28704,
            "gross_margin": 10.57,
            "gross_margin_4q_avg": 5.94,
            "net_income": 7251,
            "net_income_4q": null,
            "revenue": 271465,
            "revenue_4q": null,
            "common_shares": 1034705,
            "book_valuer_per_share": 13.74,
            "book_valuer_per_share_4q_avg": 14.13,
            "equity": 1407553,
            "current_ratio": 105.03,
            "debt_ratio": 56.38,
            "inventory_turnover_ratio": 0.47,
            "account_receivable_turnover_ratio": 1.46,
            "reinvestment_rate": null,
            "research_to_sale_ratio": 1.69,
            "price_fair": 38.36,
            "eps_avg_yearly": 1.1,
            "eps_latest_yearly": 0.24,
            "eps_growth_yearly": 159.8
        },
        "20151": {
            "year_quarter": 20151,
            "year": 2015,
            "quarter": 1,
            "eps": -0.06,
            "eps_growth_year": null,
            "eps_4q": -0.3,
            "eps_4q_growth_year": null,
            "roe": -0.43,
            "roe_4q": -2.57,
            "gross_profit": 24746,
            "gross_margin": 8.83,
            "gross_margin_4q_avg": 7.43,
            "net_income": -6012,
            "net_income_4q": null,
            "revenue": 280254,
            "revenue_4q": null,
            "common_shares": 1034705,
            "book_valuer_per_share": 13.66,
            "book_valuer_per_share_4q_avg": 13.91,
            "equity": 1400165,
            "current_ratio": 107.07,
            "debt_ratio": 56.73,
            "inventory_turnover_ratio": 0.47,
            "account_receivable_turnover_ratio": 1.41,
            "reinvestment_rate": null,
            "research_to_sale_ratio": 1.44,
            "price_fair": 2.16,
            "eps_avg_yearly": 0.72,
            "eps_latest_yearly": 0.24,
            "eps_growth_yearly": -82.6
        },
        "20152": {
            "year_quarter": 20152,
            "year": 2015,
            "quarter": 2,
            "eps": 0.05,
            "eps_growth_year": null,
            "eps_4q": -0.02,
            "eps_4q_growth_year": null,
            "roe": 0.34,
            "roe_4q": -0.21999999999999997,
            "gross_profit": 22739,
            "gross_margin": 7.39,
            "gross_margin_4q_avg": 9.04,
            "net_income": 4797,
            "net_income_4q": null,
            "revenue": 307754,
            "revenue_4q": null,
            "common_shares": 1034705,
            "book_valuer_per_share": 13.71,
            "book_valuer_per_share_4q_avg": 13.74,
            "equity": 1405235,
            "current_ratio": 118.3,
            "debt_ratio": 57.1,
            "inventory_turnover_ratio": 0.5,
            "account_receivable_turnover_ratio": 1.41,
            "reinvestment_rate": null,
            "research_to_sale_ratio": 1.13,
            "price_fair": 2.04,
            "eps_avg_yearly": 0.68,
            "eps_latest_yearly": 0.24,
            "eps_growth_yearly": -19.88
        },
        "20153": {
            "year_quarter": 20153,
            "year": 2015,
            "quarter": 3,
            "eps": -0.24,
            "eps_growth_year": null,
            "eps_4q": -0.18,
            "eps_4q_growth_year": null,
            "roe": -1.78,
            "roe_4q": -1.3599999999999999,
            "gross_profit": -3168,
            "gross_margin": -1.37,
            "gross_margin_4q_avg": 6.36,
            "net_income": -24770,
            "net_income_4q": null,
            "revenue": 230670,
            "revenue_4q": null,
            "common_shares": 1034705,
            "book_valuer_per_share": 13.39,
            "book_valuer_per_share_4q_avg": 13.63,
            "equity": 1372149,
            "current_ratio": 96.82,
            "debt_ratio": 56.35,
            "inventory_turnover_ratio": 0.41,
            "account_receivable_turnover_ratio": 1.11,
            "reinvestment_rate": null,
            "research_to_sale_ratio": 1.42,
            "price_fair": 0.78,
            "eps_avg_yearly": 0.26,
            "eps_latest_yearly": 0.24,
            "eps_growth_yearly": -191.73
        },
        "20154": {
            "year_quarter": 20154,
            "year": 2015,
            "quarter": 4,
            "eps": -0.86,
            "eps_growth_year": -1317.73,
            "eps_4q": -1.12,
            "eps_4q_growth_year": null,
            "roe": -6.64,
            "roe_4q": -8.51,
            "gross_profit": -52174,
            "gross_margin": -27.32,
            "gross_margin_4q_avg": -3.12,
            "net_income": -88298,
            "net_income_4q": null,
            "revenue": 190977,
            "revenue_4q": null,
            "common_shares": 1024705,
            "book_valuer_per_share": 12.58,
            "book_valuer_per_share_4q_avg": 13.34,
            "equity": 1288817,
            "current_ratio": 87.91,
            "debt_ratio": 57.4,
            "inventory_turnover_ratio": 0.47,
            "account_receivable_turnover_ratio": 1.07,
            "reinvestment_rate": null,
            "research_to_sale_ratio": 6.68,
            "price_fair": 0.72,
            "eps_avg_yearly": 0.24,
            "eps_latest_yearly": 0.24,
            "eps_growth_yearly": -57.14
        },
        "20161": {
            "year_quarter": 20161,
            "year": 2016,
            "quarter": 1,
            "eps": -0.08,
            "eps_growth_year": null,
            "eps_4q": -1.14,
            "eps_4q_growth_year": null,
            "roe": -0.63,
            "roe_4q": -8.709999999999999,
            "gross_profit": 15191,
            "gross_margin": 9.1,
            "gross_margin_4q_avg": -3.05,
            "net_income": -8033,
            "net_income_4q": null,
            "revenue": 166936,
            "revenue_4q": null,
            "common_shares": 1024705,
            "book_valuer_per_share": 12.5,
            "book_valuer_per_share_4q_avg": 13.05,
            "equity": 1281211,
            "current_ratio": 426.77,
            "debt_ratio": 47.77,
            "inventory_turnover_ratio": 0.35,
            "account_receivable_turnover_ratio": 1.15,
            "reinvestment_rate": null,
            "research_to_sale_ratio": 2.44,
            "price_fair": 0,
            "eps_avg_yearly": 0,
            "eps_latest_yearly": 0,
            "eps_growth_yearly": 0
        },
        "20162": {
            "year_quarter": 20162,
            "year": 2016,
            "quarter": 2,
            "eps": 0.1,
            "eps_growth_year": 100,
            "eps_4q": -1.08,
            "eps_4q_growth_year": null,
            "roe": 0.77,
            "roe_4q": -8.28,
            "gross_profit": 28308,
            "gross_margin": 14.99,
            "gross_margin_4q_avg": -1.15,
            "net_income": 9949,
            "net_income_4q": null,
            "revenue": 188789,
            "revenue_4q": null,
            "common_shares": 1024705,
            "book_valuer_per_share": 12.57,
            "book_valuer_per_share_4q_avg": 12.76,
            "equity": 1288392,
            "current_ratio": 447.79,
            "debt_ratio": 47.46,
            "inventory_turnover_ratio": 0.41,
            "account_receivable_turnover_ratio": 1.53,
            "reinvestment_rate": null,
            "research_to_sale_ratio": null,
            "price_fair": 0,
            "eps_avg_yearly": 0,
            "eps_latest_yearly": 0,
            "eps_growth_yearly": 0
        },
        "20163": {
            "year_quarter": 20163,
            "year": 2016,
            "quarter": 3,
            "eps": 0.01,
            "eps_growth_year": null,
            "eps_4q": -1.04,
            "eps_4q_growth_year": null,
            "roe": 0.07,
            "roe_4q": -6.43,
            "gross_profit": 10882,
            "gross_margin": 6.48,
            "gross_margin_4q_avg": 0.81,
            "net_income": 855,
            "net_income_4q": null,
            "revenue": 167957,
            "revenue_4q": null,
            "common_shares": 824705,
            "book_valuer_per_share": 13.26,
            "book_valuer_per_share_4q_avg": 12.73,
            "equity": 1093219,
            "current_ratio": 210.02,
            "debt_ratio": 48.75,
            "inventory_turnover_ratio": 0.43,
            "account_receivable_turnover_ratio": 1.38,
            "reinvestment_rate": null,
            "research_to_sale_ratio": 1.34,
            "price_fair": 0.12,
            "eps_avg_yearly": 0.04,
            "eps_latest_yearly": 0.04,
            "eps_growth_yearly": -360
        },
        "20164": {
            "year_quarter": 20164,
            "year": 2016,
            "quarter": 4,
            "eps": -0.01,
            "eps_growth_year": null,
            "eps_4q": 0.02,
            "eps_4q_growth_year": null,
            "roe": -0.08,
            "roe_4q": 0.13,
            "gross_profit": 15468,
            "gross_margin": 7.21,
            "gross_margin_4q_avg": 9.45,
            "net_income": -880,
            "net_income_4q": null,
            "revenue": 214402,
            "revenue_4q": null,
            "common_shares": 824705,
            "book_valuer_per_share": 13.28,
            "book_valuer_per_share_4q_avg": 12.9,
            "equity": 1094841,
            "current_ratio": 486.03,
            "debt_ratio": 43.31,
            "inventory_turnover_ratio": 0.57,
            "account_receivable_turnover_ratio": 1.66,
            "reinvestment_rate": null,
            "research_to_sale_ratio": 3.56,
            "price_fair": 0.12,
            "eps_avg_yearly": 0.04,
            "eps_latest_yearly": 0.04,
            "eps_growth_yearly": -360
        },
        "20171": {
            "year_quarter": 20171,
            "year": 2017,
            "quarter": 1,
            "eps": -0.17,
            "eps_growth_year": null,
            "eps_4q": -0.05,
            "eps_4q_growth_year": null,
            "roe": -1.36,
            "roe_4q": -0.6000000000000001,
            "gross_profit": 7349,
            "gross_margin": 2.69,
            "gross_margin_4q_avg": 7.84,
            "net_income": -14725,
            "net_income_4q": null,
            "revenue": 272794,
            "revenue_4q": null,
            "common_shares": 824705,
            "book_valuer_per_share": 12.51,
            "book_valuer_per_share_4q_avg": 12.91,
            "equity": 1075597,
            "current_ratio": 144.67,
            "debt_ratio": 55.32,
            "inventory_turnover_ratio": 0.75,
            "account_receivable_turnover_ratio": 1.91,
            "reinvestment_rate": null,
            "research_to_sale_ratio": 0.63,
            "price_fair": 0.12,
            "eps_avg_yearly": 0.04,
            "eps_latest_yearly": 0.04,
            "eps_growth_yearly": -360
        },
        "20172": {
            "year_quarter": 20172,
            "year": 2017,
            "quarter": 2,
            "eps": -0.27,
            "eps_growth_year": -370,
            "eps_4q": -0.45,
            "eps_4q_growth_year": null,
            "roe": -2.13,
            "roe_4q": -3.5000000000000004,
            "gross_profit": 9962,
            "gross_margin": 3.71,
            "gross_margin_4q_avg": 5.02,
            "net_income": -22580,
            "net_income_4q": null,
            "revenue": 268848,
            "revenue_4q": null,
            "common_shares": 824705,
            "book_valuer_per_share": 12.2,
            "book_valuer_per_share_4q_avg": 12.81,
            "equity": 1048888,
            "current_ratio": 139.1,
            "debt_ratio": 56.81,
            "inventory_turnover_ratio": 0.66,
            "account_receivable_turnover_ratio": 1.71,
            "reinvestment_rate": null,
            "research_to_sale_ratio": 1.39,
            "price_fair": 0.12,
            "eps_avg_yearly": 0.04,
            "eps_latest_yearly": 0.04,
            "eps_growth_yearly": -360
        },
        "20173": {
            "year_quarter": 20173,
            "year": 2017,
            "quarter": 3,
            "eps": -0.12,
            "eps_growth_year": -1300,
            "eps_4q": -0.58,
            "eps_4q_growth_year": null,
            "roe": -0.96,
            "roe_4q": -4.53,
            "gross_profit": 8651,
            "gross_margin": 3.68,
            "gross_margin_4q_avg": 4.32,
            "net_income": -10004,
            "net_income_4q": null,
            "revenue": 235298,
            "revenue_4q": null,
            "common_shares": 824705,
            "book_valuer_per_share": 12.1,
            "book_valuer_per_share_4q_avg": 12.52,
            "equity": 1041444,
            "current_ratio": 139.35,
            "debt_ratio": 56.33,
            "inventory_turnover_ratio": 0.54,
            "account_receivable_turnover_ratio": 1.42,
            "reinvestment_rate": null,
            "research_to_sale_ratio": 1.06,
            "price_fair": 0.12,
            "eps_avg_yearly": 0.04,
            "eps_latest_yearly": 0.04,
            "eps_growth_yearly": -360
        },
        "20174": {
            "year_quarter": 20174,
            "year": 2017,
            "quarter": 4,
            "eps": -0.39,
            "eps_growth_year": null,
            "eps_4q": -0.96,
            "eps_4q_growth_year": -4302.77,
            "roe": -3.18,
            "roe_4q": -7.630000000000001,
            "gross_profit": 1462,
            "gross_margin": 0.77,
            "gross_margin_4q_avg": 2.71,
            "net_income": -32540,
            "net_income_4q": null,
            "revenue": 190793,
            "revenue_4q": null,
            "common_shares": 824705,
            "book_valuer_per_share": 11.65,
            "book_valuer_per_share_4q_avg": 12.12,
            "equity": 1004279,
            "current_ratio": 127.37,
            "debt_ratio": 57.55,
            "inventory_turnover_ratio": 0.45,
            "account_receivable_turnover_ratio": 1.49,
            "reinvestment_rate": null,
            "research_to_sale_ratio": 2.94,
            "price_fair": 0.12,
            "eps_avg_yearly": 0.04,
            "eps_latest_yearly": 0.04,
            "eps_growth_yearly": -360
        },
        "20181": {
            "year_quarter": 20181,
            "year": 2018,
            "quarter": 1,
            "eps": -0.4,
            "eps_growth_year": null,
            "eps_4q": -1.19,
            "eps_4q_growth_year": null,
            "roe": -3.35,
            "roe_4q": -9.620000000000001,
            "gross_profit": 5585,
            "gross_margin": 2.92,
            "gross_margin_4q_avg": 2.77,
            "net_income": -33388,
            "net_income_4q": null,
            "revenue": 191201,
            "revenue_4q": null,
            "common_shares": 824705,
            "book_valuer_per_share": 11.47,
            "book_valuer_per_share_4q_avg": 11.86,
            "equity": 990769,
            "current_ratio": 107.26,
            "debt_ratio": 57.78,
            "inventory_turnover_ratio": 0.45,
            "account_receivable_turnover_ratio": 2.16,
            "reinvestment_rate": null,
            "research_to_sale_ratio": 1.03,
            "price_fair": 0.12,
            "eps_avg_yearly": 0.04,
            "eps_latest_yearly": 0.04,
            "eps_growth_yearly": -360
        },
        "20182": {
            "year_quarter": 20182,
            "year": 2018,
            "quarter": 2,
            "eps": -0.1,
            "eps_growth_year": null,
            "eps_4q": -1.02,
            "eps_4q_growth_year": null,
            "roe": -0.84,
            "roe_4q": -8.330000000000002,
            "gross_profit": -8305,
            "gross_margin": -6.16,
            "gross_margin_4q_avg": 0.3,
            "net_income": -8126,
            "net_income_4q": null,
            "revenue": 134903,
            "revenue_4q": null,
            "common_shares": 824705,
            "book_valuer_per_share": 11.01,
            "book_valuer_per_share_4q_avg": 11.56,
            "equity": 949577,
            "current_ratio": 108.91,
            "debt_ratio": 57.13,
            "inventory_turnover_ratio": 0.36,
            "account_receivable_turnover_ratio": 1.84,
            "reinvestment_rate": null,
            "research_to_sale_ratio": 0.92,
            "price_fair": 0.12,
            "eps_avg_yearly": 0.04,
            "eps_latest_yearly": 0.04,
            "eps_growth_yearly": -360
        },
        "20183": {
            "year_quarter": 20183,
            "year": 2018,
            "quarter": 3,
            "eps": -0.04,
            "eps_growth_year": null,
            "eps_4q": -0.93,
            "eps_4q_growth_year": null,
            "roe": -0.23,
            "roe_4q": -7.6,
            "gross_profit": 6614,
            "gross_margin": 6.92,
            "gross_margin_4q_avg": 1.11,
            "net_income": -2139,
            "net_income_4q": null,
            "revenue": 95599,
            "revenue_4q": null,
            "common_shares": 824705,
            "book_valuer_per_share": 10.68,
            "book_valuer_per_share_4q_avg": 11.2,
            "equity": 920877,
            "current_ratio": 98.07,
            "debt_ratio": 56.16,
            "inventory_turnover_ratio": 0.24,
            "account_receivable_turnover_ratio": 1.42,
            "reinvestment_rate": null,
            "research_to_sale_ratio": 1.15,
            "price_fair": 0.12,
            "eps_avg_yearly": 0.04,
            "eps_latest_yearly": 0.04,
            "eps_growth_yearly": -360
        },
        "20184": {
            "year_quarter": 20184,
            "year": 2018,
            "quarter": 4,
            "eps": -0.31,
            "eps_growth_year": null,
            "eps_4q": -0.84,
            "eps_4q_growth_year": null,
            "roe": -2.82,
            "roe_4q": -7.24,
            "gross_profit": 2600,
            "gross_margin": 2.12,
            "gross_margin_4q_avg": 1.45,
            "net_income": -25406,
            "net_income_4q": null,
            "revenue": 122502,
            "revenue_4q": null,
            "common_shares": 824705,
            "book_valuer_per_share": 10.23,
            "book_valuer_per_share_4q_avg": 10.85,
            "equity": 881368,
            "current_ratio": 96.04,
            "debt_ratio": 56.53,
            "inventory_turnover_ratio": 0.32,
            "account_receivable_turnover_ratio": 1.78,
            "reinvestment_rate": null,
            "research_to_sale_ratio": 5.12,
            "price_fair": 0.12,
            "eps_avg_yearly": 0.04,
            "eps_latest_yearly": 0.04,
            "eps_growth_yearly": -360
        },
        "20191": {
            "year_quarter": 20191,
            "year": 2019,
            "quarter": 1,
            "eps": -0.16,
            "eps_growth_year": null,
            "eps_4q": -0.6,
            "eps_4q_growth_year": null,
            "roe": -1.44,
            "roe_4q": -5.33,
            "gross_profit": 2794,
            "gross_margin": 1.56,
            "gross_margin_4q_avg": 1.11,
            "net_income": -13213,
            "net_income_4q": null,
            "revenue": 178806,
            "revenue_4q": null,
            "common_shares": 824705,
            "book_valuer_per_share": 10.97,
            "book_valuer_per_share_4q_avg": 10.72,
            "equity": 953564,
            "current_ratio": 86.35,
            "debt_ratio": 54.93,
            "inventory_turnover_ratio": 0.46,
            "account_receivable_turnover_ratio": 1.9,
            "reinvestment_rate": null,
            "research_to_sale_ratio": 0.68,
            "price_fair": 0.12,
            "eps_avg_yearly": 0.04,
            "eps_latest_yearly": 0.04,
            "eps_growth_yearly": -360
        },
        "20192": {
            "year_quarter": 20192,
            "year": 2019,
            "quarter": 2,
            "eps": -0.12,
            "eps_growth_year": null,
            "eps_4q": -0.63,
            "eps_4q_growth_year": null,
            "roe": -1,
            "roe_4q": -5.49,
            "gross_profit": -1681,
            "gross_margin": -0.75,
            "gross_margin_4q_avg": 2.46,
            "net_income": -9336,
            "net_income_4q": null,
            "revenue": 223599,
            "revenue_4q": null,
            "common_shares": 824705,
            "book_valuer_per_share": 10.49,
            "book_valuer_per_share_4q_avg": 10.59,
            "equity": 910038,
            "current_ratio": 86.67,
            "debt_ratio": 55.96,
            "inventory_turnover_ratio": 0.62,
            "account_receivable_turnover_ratio": 1.84,
            "reinvestment_rate": null,
            "research_to_sale_ratio": 0.51,
            "price_fair": 0.12,
            "eps_avg_yearly": 0.04,
            "eps_latest_yearly": 0.04,
            "eps_growth_yearly": -360
        },
        "20193": {
            "year_quarter": 20193,
            "year": 2019,
            "quarter": 3,
            "eps": -0.15,
            "eps_growth_year": null,
            "eps_4q": -0.74,
            "eps_4q_growth_year": null,
            "roe": -1.37,
            "roe_4q": -6.63,
            "gross_profit": 4316,
            "gross_margin": 1.9,
            "gross_margin_4q_avg": 1.21,
            "net_income": -12162,
            "net_income_4q": null,
            "revenue": 227657,
            "revenue_4q": null,
            "common_shares": 824705,
            "book_valuer_per_share": 10.49,
            "book_valuer_per_share_4q_avg": 10.55,
            "equity": 865817,
            "current_ratio": 81.09,
            "debt_ratio": 56.74,
            "inventory_turnover_ratio": 0.61,
            "account_receivable_turnover_ratio": 1.67,
            "reinvestment_rate": null,
            "research_to_sale_ratio": 0.51,
            "price_fair": 0.12,
            "eps_avg_yearly": 0.04,
            "eps_latest_yearly": 0.04,
            "eps_growth_yearly": -360
        },
        "20194": {
            "year_quarter": 20194,
            "year": 2019,
            "quarter": 4,
            "eps": -0.29,
            "eps_growth_year": null,
            "eps_4q": -0.72,
            "eps_4q_growth_year": null,
            "roe": -2.83,
            "roe_4q": -6.640000000000001,
            "gross_profit": 3456,
            "gross_margin": 1.61,
            "gross_margin_4q_avg": 1.08,
            "net_income": -23861,
            "net_income_4q": null,
            "revenue": 214683,
            "revenue_4q": null,
            "common_shares": 824705,
            "book_valuer_per_share": 9.92,
            "book_valuer_per_share_4q_avg": 10.47,
            "equity": 818864,
            "current_ratio": 141.03,
            "debt_ratio": 60.29,
            "inventory_turnover_ratio": 0.56,
            "account_receivable_turnover_ratio": 1.44,
            "reinvestment_rate": null,
            "research_to_sale_ratio": 2.18,
            "price_fair": 0.12,
            "eps_avg_yearly": 0.04,
            "eps_latest_yearly": 0.04,
            "eps_growth_yearly": -360
        },
        "20201": {
            "year_quarter": 20201,
            "year": 2020,
            "quarter": 1,
            "eps": -0.06,
            "eps_growth_year": null,
            "eps_4q": -0.62,
            "eps_4q_growth_year": null,
            "roe": -0.66,
            "roe_4q": -5.86,
            "gross_profit": 7567,
            "gross_margin": 3.2,
            "gross_margin_4q_avg": 1.49,
            "net_income": -5201,
            "net_income_4q": null,
            "revenue": 236589,
            "revenue_4q": null,
            "common_shares": 824705,
            "book_valuer_per_share": 9.22,
            "book_valuer_per_share_4q_avg": 10.03,
            "equity": 761798,
            "current_ratio": 138.61,
            "debt_ratio": 61.59,
            "inventory_turnover_ratio": 0.6,
            "account_receivable_turnover_ratio": 1.61,
            "reinvestment_rate": null,
            "research_to_sale_ratio": 0.42,
            "price_fair": 0.12,
            "eps_avg_yearly": 0.04,
            "eps_latest_yearly": 0.04,
            "eps_growth_yearly": -360
        },
        "20202": {
            "year_quarter": 20202,
            "year": 2020,
            "quarter": 2,
            "eps": 0.1,
            "eps_growth_year": null,
            "eps_4q": -0.4,
            "eps_4q_growth_year": null,
            "roe": 1.1,
            "roe_4q": -3.7600000000000002,
            "gross_profit": 6730,
            "gross_margin": 4.25,
            "gross_margin_4q_avg": 2.74,
            "net_income": 8481,
            "net_income_4q": null,
            "revenue": 158394,
            "revenue_4q": null,
            "common_shares": 824705,
            "book_valuer_per_share": 9.43,
            "book_valuer_per_share_4q_avg": 9.77,
            "equity": 778041,
            "current_ratio": 142.26,
            "debt_ratio": 59.98,
            "inventory_turnover_ratio": 0.37,
            "account_receivable_turnover_ratio": 1.28,
            "reinvestment_rate": null,
            "research_to_sale_ratio": 0.61,
            "price_fair": 0.12,
            "eps_avg_yearly": 0.04,
            "eps_latest_yearly": 0.04,
            "eps_growth_yearly": -360
        },
        "20203": {
            "year_quarter": 20203,
            "year": 2020,
            "quarter": 3,
            "eps": 0.29,
            "eps_growth_year": null,
            "eps_4q": 0.05,
            "eps_4q_growth_year": null,
            "roe": 3.08,
            "roe_4q": 0.6899999999999995,
            "gross_profit": 28360,
            "gross_margin": 13.76,
            "gross_margin_4q_avg": 5.71,
            "net_income": 24322,
            "net_income_4q": null,
            "revenue": 206072,
            "revenue_4q": null,
            "common_shares": 824705,
            "book_valuer_per_share": 9.69,
            "book_valuer_per_share_4q_avg": 9.57,
            "equity": 799256,
            "current_ratio": 131.69,
            "debt_ratio": 58.87,
            "inventory_turnover_ratio": 0.43,
            "account_receivable_turnover_ratio": 1.49,
            "reinvestment_rate": null,
            "research_to_sale_ratio": 0.51,
            "price_fair": 40.6,
            "eps_avg_yearly": 1.16,
            "eps_latest_yearly": 1.16,
            "eps_growth_yearly": 760
        },
        "20204": {
            "year_quarter": 20204,
            "year": 2020,
            "quarter": 4,
            "eps": 0.07,
            "eps_growth_year": null,
            "eps_4q": 0.41,
            "eps_4q_growth_year": null,
            "roe": 0.72,
            "roe_4q": 4.24,
            "gross_profit": 17188,
            "gross_margin": 9.22,
            "gross_margin_4q_avg": 7.61,
            "net_income": 5866,
            "net_income_4q": null,
            "revenue": 186503,
            "revenue_4q": null,
            "common_shares": 824705,
            "book_valuer_per_share": 10.03,
            "book_valuer_per_share_4q_avg": 9.59,
            "equity": 827345,
            "current_ratio": 125.7,
            "debt_ratio": 60.21,
            "inventory_turnover_ratio": 0.45,
            "account_receivable_turnover_ratio": 1.08,
            "reinvestment_rate": null,
            "research_to_sale_ratio": 0.5,
            "price_fair": 25.2,
            "eps_avg_yearly": 0.72,
            "eps_latest_yearly": 0.28,
            "eps_growth_yearly": 228.28
        },
        "20211": {
            "year_quarter": 20211,
            "year": 2021,
            "quarter": 1,
            "eps": 0.04,
            "eps_growth_year": null,
            "eps_4q": 0.35,
            "eps_4q_growth_year": null,
            "roe": 0.46,
            "roe_4q": 5.359999999999999,
            "gross_profit": 6471,
            "gross_margin": 3.62,
            "gross_margin_4q_avg": 7.71,
            "net_income": 4674,
            "net_income_4q": null,
            "revenue": 178684,
            "revenue_4q": null,
            "common_shares": 1224705,
            "book_valuer_per_share": 9.75,
            "book_valuer_per_share_4q_avg": 9.73,
            "equity": 1194429,
            "current_ratio": 180.1,
            "debt_ratio": 52.24,
            "inventory_turnover_ratio": 0.36,
            "account_receivable_turnover_ratio": 1.12,
            "reinvestment_rate": null,
            "research_to_sale_ratio": 0.84,
            "price_fair": 18.67,
            "eps_avg_yearly": 0.53,
            "eps_latest_yearly": 0.16,
            "eps_growth_yearly": 95.04
        },
        "20212": {
            "year_quarter": 20212,
            "year": 2021,
            "quarter": 2,
            "eps": 0.04,
            "eps_growth_year": -60,
            "eps_4q": 0.33,
            "eps_4q_growth_year": null,
            "roe": 0.42,
            "roe_4q": 4.68,
            "gross_profit": 15843,
            "gross_margin": 7.22,
            "gross_margin_4q_avg": 8.46,
            "net_income": 5319,
            "net_income_4q": null,
            "revenue": 219383,
            "revenue_4q": null,
            "common_shares": 1224705,
            "book_valuer_per_share": 10.86,
            "book_valuer_per_share_4q_avg": 10.08,
            "equity": 1329472,
            "current_ratio": 220.98,
            "debt_ratio": 51.81,
            "inventory_turnover_ratio": 0.29,
            "account_receivable_turnover_ratio": 1.42,
            "reinvestment_rate": null,
            "research_to_sale_ratio": 0.62,
            "price_fair": 15.4,
            "eps_avg_yearly": 0.44,
            "eps_latest_yearly": 0.16,
            "eps_growth_yearly": 71.28
        },
        "20213": {
            "year_quarter": 20213,
            "year": 2021,
            "quarter": 3,
            "eps": 0.13,
            "eps_growth_year": -55.17,
            "eps_4q": 0.26,
            "eps_4q_growth_year": 475.93,
            "roe": 1.21,
            "roe_4q": 2.8099999999999996,
            "gross_profit": 27255,
            "gross_margin": 8.55,
            "gross_margin_4q_avg": 7.15,
            "net_income": 16137,
            "net_income_4q": null,
            "revenue": 318855,
            "revenue_4q": null,
            "common_shares": 1224705,
            "book_valuer_per_share": 10.99,
            "book_valuer_per_share_4q_avg": 10.41,
            "equity": 1345746,
            "current_ratio": 225.35,
            "debt_ratio": 50.6,
            "inventory_turnover_ratio": 0.34,
            "account_receivable_turnover_ratio": 1.59,
            "reinvestment_rate": null,
            "research_to_sale_ratio": 0.57,
            "price_fair": 15.96,
            "eps_avg_yearly": 0.46,
            "eps_latest_yearly": 0.52,
            "eps_growth_yearly": 237.02
        },
        "20214": {
            "year_quarter": 20214,
            "year": 2021,
            "quarter": 4,
            "eps": 0.23,
            "eps_growth_year": 223.27,
            "eps_4q": 0.44,
            "eps_4q_growth_year": 9.25,
            "roe": 2.07,
            "roe_4q": 4.16,
            "gross_profit": 56001,
            "gross_margin": 14.29,
            "gross_margin_4q_avg": 8.42,
            "net_income": 28160,
            "net_income_4q": null,
            "revenue": 391937,
            "revenue_4q": null,
            "common_shares": 1224705,
            "book_valuer_per_share": 11.19,
            "book_valuer_per_share_4q_avg": 10.7,
            "equity": 1371035,
            "current_ratio": 214.72,
            "debt_ratio": 51.36,
            "inventory_turnover_ratio": 0.36,
            "account_receivable_turnover_ratio": 1.5,
            "reinvestment_rate": null,
            "research_to_sale_ratio": 5.14,
            "price_fair": 18.67,
            "eps_avg_yearly": 0.53,
            "eps_latest_yearly": 0.92,
            "eps_growth_yearly": 248.8
        },
        "20221": {
            "year_quarter": 20221,
            "year": 2022,
            "quarter": 1,
            "eps": 0.27,
            "eps_growth_year": 575,
            "eps_4q": 0.67,
            "eps_4q_growth_year": 89.66,
            "roe": 2.34,
            "roe_4q": 6.04,
            "gross_profit": 50199,
            "gross_margin": 15.09,
            "gross_margin_4q_avg": 11.29,
            "net_income": 32577,
            "net_income_4q": null,
            "revenue": 332586,
            "revenue_4q": null,
            "common_shares": 1224705,
            "book_valuer_per_share": 11.52,
            "book_valuer_per_share_4q_avg": 11.14,
            "equity": 1410925,
            "current_ratio": 213.56,
            "debt_ratio": 51.41,
            "inventory_turnover_ratio": 0.28,
            "account_receivable_turnover_ratio": 1.25,
            "reinvestment_rate": -879.64,
            "research_to_sale_ratio": 0.67,
            "price_fair": 21.4,
            "eps_avg_yearly": 0.61,
            "eps_latest_yearly": 1.08,
            "eps_growth_yearly": 223.2
        },
        "20222": {
            "year_quarter": 20222,
            "year": 2022,
            "quarter": 2,
            "eps": 0.36,
            "eps_growth_year": 800,
            "eps_4q": 0.99,
            "eps_4q_growth_year": 201.25,
            "roe": 3.12,
            "roe_4q": 8.739999999999998,
            "gross_profit": 69967,
            "gross_margin": 16.82,
            "gross_margin_4q_avg": 13.69,
            "net_income": 44172,
            "net_income_4q": null,
            "revenue": 415862,
            "revenue_4q": null,
            "common_shares": 1224705,
            "book_valuer_per_share": 11.63,
            "book_valuer_per_share_4q_avg": 11.33,
            "equity": 1424464,
            "current_ratio": 230.57,
            "debt_ratio": 61.07,
            "inventory_turnover_ratio": 0.28,
            "account_receivable_turnover_ratio": 1.36,
            "reinvestment_rate": -270.86,
            "research_to_sale_ratio": 0.56,
            "price_fair": 25.03,
            "eps_avg_yearly": 0.72,
            "eps_latest_yearly": 1.44,
            "eps_growth_yearly": 211.96
        },
        "20223": {
            "year_quarter": 20223,
            "year": 2022,
            "quarter": 3,
            "eps": 0.27,
            "eps_growth_year": 107.69,
            "eps_4q": 0.92,
            "eps_4q_growth_year": 250.24,
            "roe": 2.01,
            "roe_4q": 9.54,
            "gross_profit": 69216,
            "gross_margin": 15.92,
            "gross_margin_4q_avg": 15.53,
            "net_income": 34606,
            "net_income_4q": null,
            "revenue": 434819,
            "revenue_4q": null,
            "common_shares": 1524705,
            "book_valuer_per_share": 13.22,
            "book_valuer_per_share_4q_avg": 11.89,
            "equity": 2014952,
            "current_ratio": 308.77,
            "debt_ratio": 50.44,
            "inventory_turnover_ratio": 0.21,
            "account_receivable_turnover_ratio": 1.16,
            "reinvestment_rate": -137.89,
            "research_to_sale_ratio": 0.42,
            "price_fair": 26.44,
            "eps_avg_yearly": 0.76,
            "eps_latest_yearly": 1.08,
            "eps_growth_yearly": 177.3
        },
        "20224": {
            "year_quarter": 20224,
            "year": 2022,
            "quarter": 4,
            "eps": 0.23,
            "eps_growth_year": 0.05,
            "eps_4q": 0.96,
            "eps_4q_growth_year": 116.65,
            "roe": 1.72,
            "roe_4q": 9.19,
            "gross_profit": 62032,
            "gross_margin": 10.55,
            "gross_margin_4q_avg": 14.6,
            "net_income": 35076,
            "net_income_4q": null,
            "revenue": 587957,
            "revenue_4q": null,
            "common_shares": 1524705,
            "book_valuer_per_share": 13.6,
            "book_valuer_per_share_4q_avg": 12.49,
            "equity": 2073127,
            "current_ratio": 310.51,
            "debt_ratio": 49.18,
            "inventory_turnover_ratio": 0.27,
            "account_receivable_turnover_ratio": 1.52,
            "reinvestment_rate": -50.54,
            "research_to_sale_ratio": 0.44,
            "price_fair": 27.02,
            "eps_avg_yearly": 0.77,
            "eps_latest_yearly": 0.92,
            "eps_growth_yearly": 153.65
        },
        "20231": {
            "year_quarter": 20231,
            "year": 2023,
            "quarter": 1,
            "eps": 0.33,
            "eps_growth_year": 22.22,
            "eps_4q": 1.08,
            "eps_4q_growth_year": 60.56,
            "roe": 2.29,
            "roe_4q": 9.14,
            "gross_profit": 61220,
            "gross_margin": 9.8,
            "gross_margin_4q_avg": 13.27,
            "net_income": 49179,
            "net_income_4q": null,
            "revenue": 624399,
            "revenue_4q": null,
            "common_shares": 1524705,
            "book_valuer_per_share": 14.02,
            "book_valuer_per_share_4q_avg": 13.12,
            "equity": 2217198,
            "current_ratio": 284.72,
            "debt_ratio": 48.1,
            "inventory_turnover_ratio": 0.3,
            "account_receivable_turnover_ratio": 1.38,
            "reinvestment_rate": 7.31,
            "research_to_sale_ratio": 0.41,
            "price_fair": 28.76,
            "eps_avg_yearly": 0.82,
            "eps_latest_yearly": 1.32,
            "eps_growth_yearly": 155.49
        },
        "20232": {
            "year_quarter": 20232,
            "year": 2023,
            "quarter": 2,
            "eps": 0.52,
            "eps_growth_year": 44.44,
            "eps_4q": 1.31,
            "eps_4q_growth_year": 32.04,
            "roe": 3.56,
            "roe_4q": 9.579999999999998,
            "gross_profit": 90656,
            "gross_margin": 13.75,
            "gross_margin_4q_avg": 12.51,
            "net_income": 78502,
            "net_income_4q": null,
            "revenue": 659151,
            "revenue_4q": null,
            "common_shares": 1524705,
            "book_valuer_per_share": 13.9,
            "book_valuer_per_share_4q_avg": 13.69,
            "equity": 2198948,
            "current_ratio": 308.4,
            "debt_ratio": 48.92,
            "inventory_turnover_ratio": 0.32,
            "account_receivable_turnover_ratio": 1.14,
            "reinvestment_rate": 17.82,
            "research_to_sale_ratio": 0.41,
            "price_fair": 32.43,
            "eps_avg_yearly": 0.93,
            "eps_latest_yearly": 2.08,
            "eps_growth_yearly": 161.72
        },
        "20233": {
            "year_quarter": 20233,
            "year": 2023,
            "quarter": 3,
            "eps": 0.49,
            "eps_growth_year": 81.48,
            "eps_4q": 1.3,
            "eps_4q_growth_year": 41.91,
            "roe": 2.97,
            "roe_4q": 10.540000000000001,
            "gross_profit": 96208,
            "gross_margin": 14.16,
            "gross_margin_4q_avg": 12.07,
            "net_income": 84251,
            "net_income_4q": null,
            "revenue": 679449,
            "revenue_4q": null,
            "common_shares": 1924705,
            "book_valuer_per_share": 17.64,
            "book_valuer_per_share_4q_avg": 14.79,
            "equity": 3473897,
            "current_ratio": 416.2,
            "debt_ratio": 34.77,
            "inventory_turnover_ratio": 0.32,
            "account_receivable_turnover_ratio": 1.03,
            "reinvestment_rate": 89.56,
            "research_to_sale_ratio": 0.32,
            "price_fair": 35.22,
            "eps_avg_yearly": 1.01,
            "eps_latest_yearly": 1.96,
            "eps_growth_yearly": 147.51
        },
        "20234": {
            "year_quarter": 20234,
            "year": 2023,
            "quarter": 4,
            "eps": 1.52,
            "eps_growth_year": 558.57,
            "eps_4q": 2.63,
            "eps_4q_growth_year": 173.98,
            "roe": 8.01,
            "roe_4q": 16.830000000000002,
            "gross_profit": 109242,
            "gross_margin": 13.91,
            "gross_margin_4q_avg": 12.91,
            "net_income": 290240,
            "net_income_4q": null,
            "revenue": 785486,
            "revenue_4q": null,
            "common_shares": 1924705,
            "book_valuer_per_share": 19.2,
            "book_valuer_per_share_4q_avg": 16.19,
            "equity": 3772186,
            "current_ratio": 660.98,
            "debt_ratio": 29.49,
            "inventory_turnover_ratio": 0.34,
            "account_receivable_turnover_ratio": 1.13,
            "reinvestment_rate": 86.58,
            "research_to_sale_ratio": 0.33,
            "price_fair": 47.9,
            "eps_avg_yearly": 1.37,
            "eps_latest_yearly": 6.08,
            "eps_growth_yearly": 197.03
        }
    },
    "months": {
        "2006-12": {
            "month": "2006-12",
            "price": "50.79",
            "revenue": 85530
        },
        "2007-01": {
            "month": "2007-01",
            "price": "49.72",
            "revenue": 88300
        },
        "2007-02": {
            "month": "2007-02",
            "price": "52.02",
            "revenue": 82264
        },
        "2007-03": {
            "month": "2007-03",
            "price": "63.02",
            "revenue": 80227
        },
        "2007-04": {
            "month": "2007-04",
            "price": "62.47",
            "revenue": 61673
        },
        "2007-05": {
            "month": "2007-05",
            "price": "58.47",
            "revenue": 69102
        },
        "2007-06": {
            "month": "2007-06",
            "price": "60.32",
            "revenue": 84515
        },
        "2007-07": {
            "month": "2007-07",
            "price": "66.01",
            "revenue": 100017
        },
        "2007-08": {
            "month": "2007-08",
            "price": "63.31",
            "revenue": 85872
        },
        "2007-09": {
            "month": "2007-09",
            "price": "63.73",
            "revenue": 88329
        },
        "2007-10": {
            "month": "2007-10",
            "price": "58.08",
            "revenue": 84637
        },
        "2007-11": {
            "month": "2007-11",
            "price": "43.47",
            "revenue": 89583
        },
        "2007-12": {
            "month": "2007-12",
            "price": "42.08",
            "revenue": 73825
        },
        "2008-01": {
            "month": "2008-01",
            "price": "39.27",
            "revenue": 75764
        },
        "2008-02": {
            "month": "2008-02",
            "price": "38.90",
            "revenue": 60207
        },
        "2008-03": {
            "month": "2008-03",
            "price": "39.76",
            "revenue": 52863
        },
        "2008-04": {
            "month": "2008-04",
            "price": "37.34",
            "revenue": 44231
        },
        "2008-05": {
            "month": "2008-05",
            "price": "29.65",
            "revenue": 63292
        },
        "2008-06": {
            "month": "2008-06",
            "price": "27.76",
            "revenue": 54104
        },
        "2008-07": {
            "month": "2008-07",
            "price": "21.80",
            "revenue": 61127
        },
        "2008-08": {
            "month": "2008-08",
            "price": "17.53",
            "revenue": 58812
        },
        "2008-09": {
            "month": "2008-09",
            "price": "13.66",
            "revenue": 54818
        },
        "2008-10": {
            "month": "2008-10",
            "price": "10.14",
            "revenue": 61596
        },
        "2008-11": {
            "month": "2008-11",
            "price": "10.00",
            "revenue": 64985
        },
        "2008-12": {
            "month": "2008-12",
            "price": "9.84",
            "revenue": 69011
        },
        "2009-01": {
            "month": "2009-01",
            "price": "9.94",
            "revenue": 75731
        },
        "2009-02": {
            "month": "2009-02",
            "price": "11.09",
            "revenue": 68969
        },
        "2009-03": {
            "month": "2009-03",
            "price": "13.68",
            "revenue": 59314
        },
        "2009-04": {
            "month": "2009-04",
            "price": "14.64",
            "revenue": 48506
        },
        "2009-05": {
            "month": "2009-05",
            "price": "14.61",
            "revenue": 43040
        },
        "2009-06": {
            "month": "2009-06",
            "price": "14.05",
            "revenue": 25874
        },
        "2009-07": {
            "month": "2009-07",
            "price": "13.50",
            "revenue": 23991
        },
        "2009-08": {
            "month": "2009-08",
            "price": "12.59",
            "revenue": 24991
        },
        "2009-09": {
            "month": "2009-09",
            "price": "12.23",
            "revenue": 26468
        },
        "2009-10": {
            "month": "2009-10",
            "price": "13.34",
            "revenue": 31392
        },
        "2009-11": {
            "month": "2009-11",
            "price": "13.05",
            "revenue": 31366
        },
        "2009-12": {
            "month": "2009-12",
            "price": "14.85",
            "revenue": 33920
        },
        "2010-01": {
            "month": "2010-01",
            "price": "16.80",
            "revenue": 36634
        },
        "2010-02": {
            "month": "2010-02",
            "price": "15.28",
            "revenue": 43274
        },
        "2010-03": {
            "month": "2010-03",
            "price": "17.44",
            "revenue": 50791
        },
        "2010-04": {
            "month": "2010-04",
            "price": "17.78",
            "revenue": 52514
        },
        "2010-05": {
            "month": "2010-05",
            "price": "15.93",
            "revenue": 51510
        },
        "2010-06": {
            "month": "2010-06",
            "price": "15.96",
            "revenue": 50938
        },
        "2010-07": {
            "month": "2010-07",
            "price": "16.61",
            "revenue": 64458
        },
        "2010-08": {
            "month": "2010-08",
            "price": "20.98",
            "revenue": 67637
        },
        "2010-09": {
            "month": "2010-09",
            "price": "28.93",
            "revenue": 64585
        },
        "2010-10": {
            "month": "2010-10",
            "price": "29.65",
            "revenue": 67863
        },
        "2010-11": {
            "month": "2010-11",
            "price": "27.04",
            "revenue": 65920
        },
        "2010-12": {
            "month": "2010-12",
            "price": "30.99",
            "revenue": 72929
        },
        "2011-01": {
            "month": "2011-01",
            "price": "32.04",
            "revenue": 72170
        },
        "2011-02": {
            "month": "2011-02",
            "price": "32.52",
            "revenue": 60836
        },
        "2011-03": {
            "month": "2011-03",
            "price": "31.51",
            "revenue": 83500
        },
        "2011-04": {
            "month": "2011-04",
            "price": "32.17",
            "revenue": 80655
        },
        "2011-05": {
            "month": "2011-05",
            "price": "35.40",
            "revenue": 86667
        },
        "2011-06": {
            "month": "2011-06",
            "price": "35.98",
            "revenue": 89683
        },
        "2011-07": {
            "month": "2011-07",
            "price": "35.04",
            "revenue": 98562
        },
        "2011-08": {
            "month": "2011-08",
            "price": "37.00",
            "revenue": 102653
        },
        "2011-09": {
            "month": "2011-09",
            "price": "27.22",
            "revenue": 102126
        },
        "2011-10": {
            "month": "2011-10",
            "price": "23.43",
            "revenue": 101531
        },
        "2011-11": {
            "month": "2011-11",
            "price": "24.33",
            "revenue": 102747
        },
        "2011-12": {
            "month": "2011-12",
            "price": "21.49",
            "revenue": 87440
        },
        "2012-01": {
            "month": "2012-01",
            "price": "21.11",
            "revenue": 74193
        },
        "2012-02": {
            "month": "2012-02",
            "price": "24.44",
            "revenue": 76811
        },
        "2012-03": {
            "month": "2012-03",
            "price": "23.88",
            "revenue": 79268
        },
        "2012-04": {
            "month": "2012-04",
            "price": "23.27",
            "revenue": 80498
        },
        "2012-05": {
            "month": "2012-05",
            "price": "21.23",
            "revenue": 74032
        },
        "2012-06": {
            "month": "2012-06",
            "price": "18.81",
            "revenue": 71442
        },
        "2012-07": {
            "month": "2012-07",
            "price": "19.69",
            "revenue": 71765
        },
        "2012-08": {
            "month": "2012-08",
            "price": "19.65",
            "revenue": 71730
        },
        "2012-09": {
            "month": "2012-09",
            "price": "17.97",
            "revenue": 70150
        },
        "2012-10": {
            "month": "2012-10",
            "price": "16.70",
            "revenue": 71945
        },
        "2012-11": {
            "month": "2012-11",
            "price": "13.75",
            "revenue": 70548
        },
        "2012-12": {
            "month": "2012-12",
            "price": "15.42",
            "revenue": 71287
        },
        "2013-01": {
            "month": "2013-01",
            "price": "16.15",
            "revenue": 73716
        },
        "2013-02": {
            "month": "2013-02",
            "price": "15.62",
            "revenue": 83083
        },
        "2013-03": {
            "month": "2013-03",
            "price": "14.75",
            "revenue": 126792
        },
        "2013-04": {
            "month": "2013-04",
            "price": "14.92",
            "revenue": 124216
        },
        "2013-05": {
            "month": "2013-05",
            "price": "15.12",
            "revenue": 83572
        },
        "2013-06": {
            "month": "2013-06",
            "price": "14.48",
            "revenue": 103510
        },
        "2013-07": {
            "month": "2013-07",
            "price": "14.20",
            "revenue": 93614
        },
        "2013-08": {
            "month": "2013-08",
            "price": "13.85",
            "revenue": 88532
        },
        "2013-09": {
            "month": "2013-09",
            "price": "14.07",
            "revenue": 83779
        },
        "2013-10": {
            "month": "2013-10",
            "price": "13.78",
            "revenue": 83712
        },
        "2013-11": {
            "month": "2013-11",
            "price": "13.54",
            "revenue": 76211
        },
        "2013-12": {
            "month": "2013-12",
            "price": "13.61",
            "revenue": 93220
        },
        "2014-01": {
            "month": "2014-01",
            "price": "14.34",
            "revenue": 99549
        },
        "2014-02": {
            "month": "2014-02",
            "price": "15.80",
            "revenue": 93717
        },
        "2014-03": {
            "month": "2014-03",
            "price": "15.83",
            "revenue": 92014
        },
        "2014-04": {
            "month": "2014-04",
            "price": "14.67",
            "revenue": 90279
        },
        "2014-05": {
            "month": "2014-05",
            "price": "13.94",
            "revenue": 92053
        },
        "2014-06": {
            "month": "2014-06",
            "price": "13.90",
            "revenue": 92976
        },
        "2014-07": {
            "month": "2014-07",
            "price": "13.39",
            "revenue": 96205
        },
        "2014-08": {
            "month": "2014-08",
            "price": "12.42",
            "revenue": 93100
        },
        "2014-09": {
            "month": "2014-09",
            "price": "12.10",
            "revenue": 93046
        },
        "2014-10": {
            "month": "2014-10",
            "price": "10.99",
            "revenue": 80012
        },
        "2014-11": {
            "month": "2014-11",
            "price": "10.83",
            "revenue": 91949
        },
        "2014-12": {
            "month": "2014-12",
            "price": "11.37",
            "revenue": 99503
        },
        "2015-01": {
            "month": "2015-01",
            "price": "11.44",
            "revenue": 92281
        },
        "2015-02": {
            "month": "2015-02",
            "price": "11.50",
            "revenue": 84448
        },
        "2015-03": {
            "month": "2015-03",
            "price": "11.68",
            "revenue": 103525
        },
        "2015-04": {
            "month": "2015-04",
            "price": "14.28",
            "revenue": 95784
        },
        "2015-05": {
            "month": "2015-05",
            "price": "14.08",
            "revenue": 117908
        },
        "2015-06": {
            "month": "2015-06",
            "price": "14.14",
            "revenue": 90096
        },
        "2015-07": {
            "month": "2015-07",
            "price": "14.38",
            "revenue": 91860
        },
        "2015-08": {
            "month": "2015-08",
            "price": "12.88",
            "revenue": 87116
        },
        "2015-09": {
            "month": "2015-09",
            "price": "14.10",
            "revenue": 51693
        },
        "2015-10": {
            "month": "2015-10",
            "price": "13.43",
            "revenue": 43143
        },
        "2015-11": {
            "month": "2015-11",
            "price": "13.26",
            "revenue": 65507
        },
        "2015-12": {
            "month": "2015-12",
            "price": "13.88",
            "revenue": 82327
        },
        "2016-01": {
            "month": "2016-01",
            "price": "12.89",
            "revenue": 60938
        },
        "2016-02": {
            "month": "2016-02",
            "price": "13.34",
            "revenue": 46653
        },
        "2016-03": {
            "month": "2016-03",
            "price": "14.64",
            "revenue": 59345
        },
        "2016-04": {
            "month": "2016-04",
            "price": "13.54",
            "revenue": 58223
        },
        "2016-05": {
            "month": "2016-05",
            "price": "12.28",
            "revenue": 68699
        },
        "2016-06": {
            "month": "2016-06",
            "price": "12.76",
            "revenue": 61865
        },
        "2016-07": {
            "month": "2016-07",
            "price": "13.91",
            "revenue": 60500
        },
        "2016-08": {
            "month": "2016-08",
            "price": "14.54",
            "revenue": 47279
        },
        "2016-09": {
            "month": "2016-09",
            "price": "14.09",
            "revenue": 60179
        },
        "2016-10": {
            "month": "2016-10",
            "price": "14.19",
            "revenue": 65483
        },
        "2016-11": {
            "month": "2016-11",
            "price": "15.47",
            "revenue": 62565
        },
        "2016-12": {
            "month": "2016-12",
            "price": "14.84",
            "revenue": 85119
        },
        "2017-01": {
            "month": "2017-01",
            "price": "15.34",
            "revenue": 75038
        },
        "2017-02": {
            "month": "2017-02",
            "price": "16.11",
            "revenue": 92246
        },
        "2017-03": {
            "month": "2017-03",
            "price": "16.95",
            "revenue": 94057
        },
        "2017-04": {
            "month": "2017-04",
            "price": "17.63",
            "revenue": 84857
        },
        "2017-05": {
            "month": "2017-05",
            "price": "14.00",
            "revenue": 92587
        },
        "2017-06": {
            "month": "2017-06",
            "price": "12.43",
            "revenue": 90803
        },
        "2017-07": {
            "month": "2017-07",
            "price": "12.66",
            "revenue": 74763
        },
        "2017-08": {
            "month": "2017-08",
            "price": "12.60",
            "revenue": 87503
        },
        "2017-09": {
            "month": "2017-09",
            "price": "12.42",
            "revenue": 77536
        },
        "2017-10": {
            "month": "2017-10",
            "price": "11.78",
            "revenue": 62863
        },
        "2017-11": {
            "month": "2017-11",
            "price": "11.57",
            "revenue": 64380
        },
        "2017-12": {
            "month": "2017-12",
            "price": "11.20",
            "revenue": 61875
        },
        "2018-01": {
            "month": "2018-01",
            "price": "11.90",
            "revenue": 62273
        },
        "2018-02": {
            "month": "2018-02",
            "price": "11.72",
            "revenue": 54681
        },
        "2018-03": {
            "month": "2018-03",
            "price": "11.47",
            "revenue": 74415
        },
        "2018-04": {
            "month": "2018-04",
            "price": "11.24",
            "revenue": 50209
        },
        "2018-05": {
            "month": "2018-05",
            "price": "10.20",
            "revenue": 50257
        },
        "2018-06": {
            "month": "2018-06",
            "price": "8.95",
            "revenue": 34268
        },
        "2018-07": {
            "month": "2018-07",
            "price": "7.46",
            "revenue": 34345
        },
        "2018-08": {
            "month": "2018-08",
            "price": "7.62",
            "revenue": 25986
        },
        "2018-09": {
            "month": "2018-09",
            "price": "7.80",
            "revenue": 35269
        },
        "2018-10": {
            "month": "2018-10",
            "price": "6.59",
            "revenue": 37363
        },
        "2018-11": {
            "month": "2018-11",
            "price": "6.34",
            "revenue": 42999
        },
        "2018-12": {
            "month": "2018-12",
            "price": "6.79",
            "revenue": 42140
        },
        "2019-01": {
            "month": "2019-01",
            "price": "6.87",
            "revenue": 56174
        },
        "2019-02": {
            "month": "2019-02",
            "price": "7.64",
            "revenue": 53810
        },
        "2019-03": {
            "month": "2019-03",
            "price": "8.07",
            "revenue": 68822
        },
        "2019-04": {
            "month": "2019-04",
            "price": "8.00",
            "revenue": 73007
        },
        "2019-05": {
            "month": "2019-05",
            "price": "8.58",
            "revenue": 72776
        },
        "2019-06": {
            "month": "2019-06",
            "price": "9.28",
            "revenue": 77816
        },
        "2019-07": {
            "month": "2019-07",
            "price": "9.82",
            "revenue": 73564
        },
        "2019-08": {
            "month": "2019-08",
            "price": "9.43",
            "revenue": 77346
        },
        "2019-09": {
            "month": "2019-09",
            "price": "9.25",
            "revenue": 76747
        },
        "2019-10": {
            "month": "2019-10",
            "price": "8.97",
            "revenue": 72750
        },
        "2019-11": {
            "month": "2019-11",
            "price": "8.83",
            "revenue": 70544
        },
        "2019-12": {
            "month": "2019-12",
            "price": "8.96",
            "revenue": 71388
        },
        "2020-01": {
            "month": "2020-01",
            "price": "9.06",
            "revenue": 79927
        },
        "2020-02": {
            "month": "2020-02",
            "price": "8.76",
            "revenue": 82528
        },
        "2020-03": {
            "month": "2020-03",
            "price": "8.03",
            "revenue": 74134
        },
        "2020-04": {
            "month": "2020-04",
            "price": "7.70",
            "revenue": 68407
        },
        "2020-05": {
            "month": "2020-05",
            "price": "7.28",
            "revenue": 37485
        },
        "2020-06": {
            "month": "2020-06",
            "price": "7.60",
            "revenue": 52501
        },
        "2020-07": {
            "month": "2020-07",
            "price": "7.85",
            "revenue": 69952
        },
        "2020-08": {
            "month": "2020-08",
            "price": "7.92",
            "revenue": 75318
        },
        "2020-09": {
            "month": "2020-09",
            "price": "8.96",
            "revenue": 60803
        },
        "2020-10": {
            "month": "2020-10",
            "price": "9.16",
            "revenue": 52275
        },
        "2020-11": {
            "month": "2020-11",
            "price": "10.23",
            "revenue": 62207
        },
        "2020-12": {
            "month": "2020-12",
            "price": "11.95",
            "revenue": 72020
        },
        "2021-01": {
            "month": "2021-01",
            "price": "11.13",
            "revenue": 67527
        },
        "2021-02": {
            "month": "2021-02",
            "price": "11.31",
            "revenue": 40069
        },
        "2021-03": {
            "month": "2021-03",
            "price": "11.83",
            "revenue": 71088
        },
        "2021-04": {
            "month": "2021-04",
            "price": "14.82",
            "revenue": 74531
        },
        "2021-05": {
            "month": "2021-05",
            "price": "13.38",
            "revenue": 69915
        },
        "2021-06": {
            "month": "2021-06",
            "price": "12.45",
            "revenue": 74937
        },
        "2021-07": {
            "month": "2021-07",
            "price": "14.46",
            "revenue": 106389
        },
        "2021-08": {
            "month": "2021-08",
            "price": "14.53",
            "revenue": 112323
        },
        "2021-09": {
            "month": "2021-09",
            "price": "18.44",
            "revenue": 100143
        },
        "2021-10": {
            "month": "2021-10",
            "price": "19.78",
            "revenue": 133784
        },
        "2021-11": {
            "month": "2021-11",
            "price": "18.39",
            "revenue": 127970
        },
        "2021-12": {
            "month": "2021-12",
            "price": "17.55",
            "revenue": 130183
        },
        "2022-01": {
            "month": "2022-01",
            "price": "16.81",
            "revenue": 120456
        },
        "2022-02": {
            "month": "2022-02",
            "price": "17.71",
            "revenue": 80038
        },
        "2022-03": {
            "month": "2022-03",
            "price": "17.85",
            "revenue": 132092
        },
        "2022-04": {
            "month": "2022-04",
            "price": "20.22",
            "revenue": 132880
        },
        "2022-05": {
            "month": "2022-05",
            "price": "23.49",
            "revenue": 131223
        },
        "2022-06": {
            "month": "2022-06",
            "price": "20.62",
            "revenue": 151759
        },
        "2022-07": {
            "month": "2022-07",
            "price": "18.90",
            "revenue": 172086
        },
        "2022-08": {
            "month": "2022-08",
            "price": "21.15",
            "revenue": 129328
        },
        "2022-09": {
            "month": "2022-09",
            "price": "18.40",
            "revenue": 133405
        },
        "2022-10": {
            "month": "2022-10",
            "price": "16.30",
            "revenue": 147012
        },
        "2022-11": {
            "month": "2022-11",
            "price": "18.74",
            "revenue": 178935
        },
        "2022-12": {
            "month": "2022-12",
            "price": "23.52",
            "revenue": 262009
        },
        "2023-01": {
            "month": "2023-01",
            "price": "23.04",
            "revenue": 148297
        },
        "2023-02": {
            "month": "2023-02",
            "price": "27.03",
            "revenue": 253218
        },
        "2023-03": {
            "month": "2023-03",
            "price": "30.12",
            "revenue": 224227
        },
        "2023-04": {
            "month": "2023-04",
            "price": "38.40",
            "revenue": 215749
        },
        "2023-05": {
            "month": "2023-05",
            "price": "37.46",
            "revenue": 224557
        },
        "2023-06": {
            "month": "2023-06",
            "price": "37.94",
            "revenue": 203277
        },
        "2023-07": {
            "month": "2023-07",
            "price": "36.28",
            "revenue": 227341
        },
        "2023-08": {
            "month": "2023-08",
            "price": "33.06",
            "revenue": 255866
        },
        "2023-09": {
            "month": "2023-09",
            "price": "35.67",
            "revenue": 210465
        },
        "2023-10": {
            "month": "2023-10",
            "price": "34.10",
            "revenue": 273357
        },
        "2023-11": {
            "month": "2023-11",
            "price": "34.35",
            "revenue": 267635
        },
        "2023-12": {
            "month": "2023-12",
            "price": "36.32",
            "revenue": 244495
        }
    }
}
