{
    "summary": {
        "stock_name": "和勤",
        "stock_id": "1586",
        "category": "電機機械",
        "main_business": "各類電子及汽車零件之加工製造買賣之產品業務",
        "website_url": "http://www.cftc.tw",
        "ceo": "黃亦翔",
        "pe_ratio": -29,
        "report_year_from": 2007,
        "report_year_to": 2023,
        "age": 17,
        "eps_negative_percentage": 21,
        "eps_growth_avg": {
            "last_all": -8.4,
            "last_2y": -61.67,
            "last_4y": -33.18,
            "last_8y": -23.7,
            "last_12y": -8.4,
            "last_16y": null,
            "last_20y": null,
            "at_2006_last_3y": null,
            "at_2007_last_3y": null,
            "at_2008_last_3y": null,
            "at_2009_last_3y": null,
            "at_2010_last_3y": null,
            "at_2011_last_3y": null,
            "at_2012_last_3y": null,
            "at_2013_last_3y": null,
            "at_2014_last_3y": 18.37,
            "at_2015_last_3y": 14.74,
            "at_2016_last_3y": 19.66,
            "at_2017_last_3y": -20.51,
            "at_2018_last_3y": 0,
            "at_2019_last_3y": 9.56,
            "at_2020_last_3y": 39.71,
            "at_2021_last_3y": 23.6,
            "at_2022_last_3y": -16.48,
            "at_2023_last_3y": -21.25,
            "at_2024_last_3y": -21.25,
            "at_2006_last_all": null,
            "at_2007_last_all": null,
            "at_2008_last_all": null,
            "at_2009_last_all": null,
            "at_2010_last_all": null,
            "at_2011_last_all": null,
            "at_2012_last_all": -42.74,
            "at_2013_last_all": 4.84,
            "at_2014_last_all": 18.37,
            "at_2015_last_all": -5.3,
            "at_2016_last_all": -5.3,
            "at_2017_last_all": -5.3,
            "at_2018_last_all": 12.25,
            "at_2019_last_all": -1.06,
            "at_2020_last_all": 11.58,
            "at_2021_last_all": 7.54,
            "at_2022_last_all": 0.76,
            "at_2023_last_all": -8.4,
            "at_2024_last_all": -8.4
        },
        "latest_eps": -1.12,
        "latest_price": 32.6,
        "latest_roe": -5.95,
        "latest_gross_margin": 12.55,
        "latest_equity": 1467334,
        "latest_revenue": 587442,
        "latest_gross_profit": 73729,
        "latest_net_income": -10381,
        "latest_debt_ratio": 64.35,
        "latest_current_ratio": 147.72,
        "latest_account_receivable_turnover_ratio": 0.89,
        "latest_inventory_turnover_ratio": 0.86,
        "latest_reinvestment_rate": 365.8,
        "latest_research_to_sale_ratio": 4.68
    },
    "eps_dividends": {
        "2001": {
            "cash": 0,
            "stock": 0,
            "eps": 0
        },
        "2002": {
            "cash": 0,
            "stock": 0,
            "eps": 0
        },
        "2003": {
            "cash": 0,
            "stock": 0,
            "eps": 0
        },
        "2004": {
            "cash": 0,
            "stock": 0,
            "eps": 0
        },
        "2005": {
            "cash": 0,
            "stock": 0,
            "eps": 0
        },
        "2006": {
            "cash": 0,
            "stock": 0,
            "eps": 0
        },
        "2007": {
            "cash": 0,
            "stock": 0,
            "eps": 0
        },
        "2008": {
            "cash": 1,
            "stock": 0,
            "eps": 0
        },
        "2009": {
            "cash": 1.5,
            "stock": 0,
            "eps": 0
        },
        "2010": {
            "cash": 1.48,
            "stock": 0,
            "eps": 1.24
        },
        "2011": {
            "cash": 0.8,
            "stock": 0.5,
            "eps": 0.18
        },
        "2012": {
            "cash": 0.5,
            "stock": 0,
            "eps": 0.18
        },
        "2013": {
            "cash": 1,
            "stock": 0,
            "eps": 0.78
        },
        "2014": {
            "cash": 1,
            "stock": 0,
            "eps": 1.24
        },
        "2015": {
            "cash": 1,
            "stock": 0,
            "eps": -0.27
        },
        "2016": {
            "cash": 0,
            "stock": 1,
            "eps": -0.84
        },
        "2017": {
            "cash": 0,
            "stock": 0,
            "eps": 0.42
        },
        "2018": {
            "cash": 0.2,
            "stock": 0.1,
            "eps": 1.36
        },
        "2019": {
            "cash": 0.5,
            "stock": 0.5,
            "eps": 0.26
        },
        "2020": {
            "cash": 0.06,
            "stock": 0.48,
            "eps": 1.74
        },
        "2021": {
            "cash": 0.8,
            "stock": 0.2,
            "eps": 1.31
        },
        "2022": {
            "cash": 0.65,
            "stock": 0,
            "eps": 0.52
        },
        "2023": {
            "cash": 0.2,
            "stock": 0.05,
            "eps": -0.93
        }
    },
    "dividends": {
        "2008-05-12": {
            "cash": 1,
            "stock": 0
        },
        "2009-03-30": {
            "cash": 1.5,
            "stock": 0
        },
        "2010-03-17": {
            "cash": 1.48,
            "stock": 0
        },
        "2011-04-12": {
            "cash": 0.8,
            "stock": 0.5
        },
        "2012-03-26": {
            "cash": 0.5,
            "stock": 0
        },
        "2013-06-28": {
            "cash": 1,
            "stock": 0
        },
        "2014-05-29": {
            "cash": 1,
            "stock": 0
        },
        "2015-10-23": {
            "cash": 1,
            "stock": 0
        },
        "2016-02-26": {
            "cash": 0,
            "stock": 1
        },
        "2018-09-27": {
            "cash": 0.2,
            "stock": 0.1
        },
        "2019-09-30": {
            "cash": 0.5,
            "stock": 0.5
        },
        "2020-10-30": {
            "cash": 0.06,
            "stock": 0.48
        },
        "2021-11-04": {
            "cash": 0.8,
            "stock": 0.2
        },
        "2022-09-28": {
            "cash": 0.65,
            "stock": 0
        },
        "2023-11-06": {
            "cash": 0.2,
            "stock": 0.05
        }
    },
    "prices": {
        "200101": "無",
        "200102": "無",
        "200103": "無",
        "200104": "無",
        "200105": "無",
        "200106": "無",
        "200107": "無",
        "200108": "無",
        "200109": "無",
        "200110": "無",
        "200111": "無",
        "200112": "無",
        "200201": "無",
        "200202": "無",
        "200203": "無",
        "200204": "無",
        "200205": "無",
        "200206": "無",
        "200207": "無",
        "200208": "無",
        "200209": "無",
        "200210": "無",
        "200211": "無",
        "200212": "無",
        "200301": "無",
        "200302": "無",
        "200303": "無",
        "200304": "無",
        "200305": "無",
        "200306": "無",
        "200307": "無",
        "200308": "無",
        "200309": "無",
        "200310": "無",
        "200311": "無",
        "200312": "無",
        "200401": "無",
        "200402": "無",
        "200403": "無",
        "200404": "無",
        "200405": "無",
        "200406": "無",
        "200407": "無",
        "200408": "無",
        "200409": "無",
        "200410": "無",
        "200411": "無",
        "200412": "無",
        "200501": "無",
        "200502": "無",
        "200503": "無",
        "200504": "無",
        "200505": "無",
        "200506": "無",
        "200507": "無",
        "200508": "無",
        "200509": "無",
        "200510": "無",
        "200511": "無",
        "200512": "無",
        "200601": "無",
        "200602": "無",
        "200603": "無",
        "200604": "無",
        "200605": "無",
        "200606": "無",
        "200607": "無",
        "200608": "無",
        "200609": "無",
        "200610": "無",
        "200611": "無",
        "200612": "無",
        "200701": "無",
        "200702": "無",
        "200703": "無",
        "200704": "無",
        "200705": "無",
        "200706": "無",
        "200707": "無",
        "200708": "無",
        "200709": "無",
        "200710": "無",
        "200711": "無",
        "200712": "無",
        "200801": "無",
        "200802": "無",
        "200803": "無",
        "200804": "無",
        "200805": "無",
        "200806": "無",
        "200807": "無",
        "200808": "無",
        "200809": "無",
        "200810": "無",
        "200811": "無",
        "200812": "無",
        "200901": "無",
        "200902": "無",
        "200903": "無",
        "200904": "無",
        "200905": "無",
        "200906": "無",
        "200907": "無",
        "200908": "無",
        "200909": "無",
        "200910": "無",
        "200911": "34.34",
        "200912": "35.01",
        "201001": "38.33",
        "201002": "37.41",
        "201003": "44.82",
        "201004": "47.35",
        "201005": "47.94",
        "201006": "47.17",
        "201007": "48.55",
        "201008": "45.22",
        "201009": "46.62",
        "201010": "44.88",
        "201011": "45.29",
        "201012": "44.79",
        "201101": "42.33",
        "201102": "40.28",
        "201103": "39.16",
        "201104": "37.24",
        "201105": "39.68",
        "201106": "39.28",
        "201107": "36.78",
        "201108": "32.92",
        "201109": "27.47",
        "201110": "26.11",
        "201111": "24.33",
        "201112": "23.67",
        "201201": "19.80",
        "201202": "26.83",
        "201203": "26.60",
        "201204": "23.66",
        "201205": "21.23",
        "201206": "20.23",
        "201207": "19.77",
        "201208": "19.61",
        "201209": "20.12",
        "201210": "17.41",
        "201211": "15.93",
        "201212": "16.68",
        "201301": "16.59",
        "201302": "16.94",
        "201303": "16.93",
        "201304": "17.30",
        "201305": "18.26",
        "201306": "19.62",
        "201307": "21.30",
        "201308": "22.64",
        "201309": "20.99",
        "201310": "21.19",
        "201311": "20.74",
        "201312": "26.11",
        "201401": "30.96",
        "201402": "36.54",
        "201403": "36.15",
        "201404": "38.41",
        "201405": "36.49",
        "201406": "36.80",
        "201407": "38.20",
        "201408": "34.00",
        "201409": "30.62",
        "201410": "27.76",
        "201411": "28.22",
        "201412": "28.85",
        "201501": "30.43",
        "201502": "28.07",
        "201503": "29.92",
        "201504": "30.03",
        "201505": "27.21",
        "201506": "23.95",
        "201507": "22.72",
        "201508": "21.05",
        "201509": "21.42",
        "201510": "22.61",
        "201511": "27.58",
        "201512": "30.56",
        "201601": "31.49",
        "201602": "33.69",
        "201603": "32.97",
        "201604": "32.06",
        "201605": "33.08",
        "201606": "31.84",
        "201607": "34.48",
        "201608": "33.68",
        "201609": "27.52",
        "201610": "21.96",
        "201611": "21.57",
        "201612": "21.89",
        "201701": "22.91",
        "201702": "26.50",
        "201703": "27.58",
        "201704": "27.69",
        "201705": "28.92",
        "201706": "29.73",
        "201707": "28.99",
        "201708": "30.83",
        "201709": "39.53",
        "201710": "43.45",
        "201711": "45.57",
        "201712": "47.39",
        "201801": "48.90",
        "201802": "44.49",
        "201803": "44.72",
        "201804": "42.36",
        "201805": "36.88",
        "201806": "39.53",
        "201807": "39.17",
        "201808": "38.70",
        "201809": "38.96",
        "201810": "37.37",
        "201811": "37.33",
        "201812": "37.09",
        "201901": "35.84",
        "201902": "35.31",
        "201903": "34.13",
        "201904": "33.63",
        "201905": "33.26",
        "201906": "34.84",
        "201907": "33.37",
        "201908": "33.25",
        "201909": "32.73",
        "201910": "32.67",
        "201911": "32.27",
        "201912": "34.35",
        "202001": "37.27",
        "202002": "38.63",
        "202003": "35.49",
        "202004": "34.80",
        "202005": "38.08",
        "202006": "38.20",
        "202007": "38.63",
        "202008": "42.54",
        "202009": "43.30",
        "202010": "41.14",
        "202011": "39.60",
        "202012": "41.61",
        "202101": "47.38",
        "202102": "46.38",
        "202103": "45.40",
        "202104": "47.38",
        "202105": "43.57",
        "202106": "42.50",
        "202107": "43.76",
        "202108": "40.68",
        "202109": "40.17",
        "202110": "40.22",
        "202111": "41.63",
        "202112": "41.20",
        "202201": "40.82",
        "202202": "41.02",
        "202203": "40.51",
        "202204": "39.45",
        "202205": "38.61",
        "202206": "38.22",
        "202207": "37.99",
        "202208": "37.94",
        "202209": "37.63",
        "202210": "35.50",
        "202211": "33.36",
        "202212": "33.65",
        "202301": "34.23",
        "202302": "33.92",
        "202303": "33.55",
        "202304": "33.70",
        "202305": "34.25",
        "202306": "33.52",
        "202307": "32.72",
        "202308": "31.38",
        "202309": "33.33",
        "202310": "32.46",
        "202311": "31.55",
        "202312": "32.93"
    },
    "quarters": {
        "20011": {
            "year_quarter": 20011,
            "year": 2001,
            "quarter": 1,
            "eps": null,
            "eps_growth_year": null,
            "eps_4q": null,
            "eps_4q_growth_year": null,
            "roe": null,
            "roe_4q": 0,
            "gross_profit": null,
            "gross_margin": null,
            "gross_margin_4q_avg": 0,
            "net_income": null,
            "net_income_4q": null,
            "revenue": null,
            "revenue_4q": null,
            "common_shares": null,
            "book_valuer_per_share": null,
            "book_valuer_per_share_4q_avg": 0,
            "equity": null,
            "current_ratio": null,
            "debt_ratio": null,
            "inventory_turnover_ratio": null,
            "account_receivable_turnover_ratio": null,
            "reinvestment_rate": null,
            "research_to_sale_ratio": null,
            "price_fair": 0,
            "eps_avg_yearly": 0,
            "eps_latest_yearly": 0,
            "eps_growth_yearly": 0
        },
        "20012": {
            "year_quarter": 20012,
            "year": 2001,
            "quarter": 2,
            "eps": null,
            "eps_growth_year": null,
            "eps_4q": null,
            "eps_4q_growth_year": null,
            "roe": null,
            "roe_4q": 0,
            "gross_profit": null,
            "gross_margin": null,
            "gross_margin_4q_avg": 0,
            "net_income": null,
            "net_income_4q": null,
            "revenue": null,
            "revenue_4q": null,
            "common_shares": null,
            "book_valuer_per_share": null,
            "book_valuer_per_share_4q_avg": 0,
            "equity": null,
            "current_ratio": null,
            "debt_ratio": null,
            "inventory_turnover_ratio": null,
            "account_receivable_turnover_ratio": null,
            "reinvestment_rate": null,
            "research_to_sale_ratio": null,
            "price_fair": 0,
            "eps_avg_yearly": 0,
            "eps_latest_yearly": 0,
            "eps_growth_yearly": 0
        },
        "20013": {
            "year_quarter": 20013,
            "year": 2001,
            "quarter": 3,
            "eps": null,
            "eps_growth_year": null,
            "eps_4q": null,
            "eps_4q_growth_year": null,
            "roe": null,
            "roe_4q": 0,
            "gross_profit": null,
            "gross_margin": null,
            "gross_margin_4q_avg": 0,
            "net_income": null,
            "net_income_4q": null,
            "revenue": null,
            "revenue_4q": null,
            "common_shares": null,
            "book_valuer_per_share": null,
            "book_valuer_per_share_4q_avg": 0,
            "equity": null,
            "current_ratio": null,
            "debt_ratio": null,
            "inventory_turnover_ratio": null,
            "account_receivable_turnover_ratio": null,
            "reinvestment_rate": null,
            "research_to_sale_ratio": null,
            "price_fair": 0,
            "eps_avg_yearly": 0,
            "eps_latest_yearly": 0,
            "eps_growth_yearly": 0
        },
        "20014": {
            "year_quarter": 20014,
            "year": 2001,
            "quarter": 4,
            "eps": null,
            "eps_growth_year": null,
            "eps_4q": null,
            "eps_4q_growth_year": null,
            "roe": null,
            "roe_4q": 0,
            "gross_profit": null,
            "gross_margin": null,
            "gross_margin_4q_avg": 0,
            "net_income": null,
            "net_income_4q": null,
            "revenue": null,
            "revenue_4q": null,
            "common_shares": null,
            "book_valuer_per_share": null,
            "book_valuer_per_share_4q_avg": 0,
            "equity": null,
            "current_ratio": null,
            "debt_ratio": null,
            "inventory_turnover_ratio": null,
            "account_receivable_turnover_ratio": null,
            "reinvestment_rate": null,
            "research_to_sale_ratio": null,
            "price_fair": 0,
            "eps_avg_yearly": 0,
            "eps_latest_yearly": 0,
            "eps_growth_yearly": 0
        },
        "20021": {
            "year_quarter": 20021,
            "year": 2002,
            "quarter": 1,
            "eps": null,
            "eps_growth_year": null,
            "eps_4q": null,
            "eps_4q_growth_year": null,
            "roe": null,
            "roe_4q": 0,
            "gross_profit": null,
            "gross_margin": null,
            "gross_margin_4q_avg": 0,
            "net_income": null,
            "net_income_4q": null,
            "revenue": null,
            "revenue_4q": null,
            "common_shares": null,
            "book_valuer_per_share": null,
            "book_valuer_per_share_4q_avg": 0,
            "equity": null,
            "current_ratio": null,
            "debt_ratio": null,
            "inventory_turnover_ratio": null,
            "account_receivable_turnover_ratio": null,
            "reinvestment_rate": null,
            "research_to_sale_ratio": null,
            "price_fair": 0,
            "eps_avg_yearly": 0,
            "eps_latest_yearly": 0,
            "eps_growth_yearly": 0
        },
        "20022": {
            "year_quarter": 20022,
            "year": 2002,
            "quarter": 2,
            "eps": null,
            "eps_growth_year": null,
            "eps_4q": null,
            "eps_4q_growth_year": null,
            "roe": null,
            "roe_4q": 0,
            "gross_profit": null,
            "gross_margin": null,
            "gross_margin_4q_avg": 0,
            "net_income": null,
            "net_income_4q": null,
            "revenue": null,
            "revenue_4q": null,
            "common_shares": null,
            "book_valuer_per_share": null,
            "book_valuer_per_share_4q_avg": 0,
            "equity": null,
            "current_ratio": null,
            "debt_ratio": null,
            "inventory_turnover_ratio": null,
            "account_receivable_turnover_ratio": null,
            "reinvestment_rate": null,
            "research_to_sale_ratio": null,
            "price_fair": 0,
            "eps_avg_yearly": 0,
            "eps_latest_yearly": 0,
            "eps_growth_yearly": 0
        },
        "20023": {
            "year_quarter": 20023,
            "year": 2002,
            "quarter": 3,
            "eps": null,
            "eps_growth_year": null,
            "eps_4q": null,
            "eps_4q_growth_year": null,
            "roe": null,
            "roe_4q": 0,
            "gross_profit": null,
            "gross_margin": null,
            "gross_margin_4q_avg": 0,
            "net_income": null,
            "net_income_4q": null,
            "revenue": null,
            "revenue_4q": null,
            "common_shares": null,
            "book_valuer_per_share": null,
            "book_valuer_per_share_4q_avg": 0,
            "equity": null,
            "current_ratio": null,
            "debt_ratio": null,
            "inventory_turnover_ratio": null,
            "account_receivable_turnover_ratio": null,
            "reinvestment_rate": null,
            "research_to_sale_ratio": null,
            "price_fair": 0,
            "eps_avg_yearly": 0,
            "eps_latest_yearly": 0,
            "eps_growth_yearly": 0
        },
        "20024": {
            "year_quarter": 20024,
            "year": 2002,
            "quarter": 4,
            "eps": null,
            "eps_growth_year": null,
            "eps_4q": null,
            "eps_4q_growth_year": null,
            "roe": null,
            "roe_4q": 0,
            "gross_profit": null,
            "gross_margin": null,
            "gross_margin_4q_avg": 0,
            "net_income": null,
            "net_income_4q": null,
            "revenue": null,
            "revenue_4q": null,
            "common_shares": null,
            "book_valuer_per_share": null,
            "book_valuer_per_share_4q_avg": 0,
            "equity": null,
            "current_ratio": null,
            "debt_ratio": null,
            "inventory_turnover_ratio": null,
            "account_receivable_turnover_ratio": null,
            "reinvestment_rate": null,
            "research_to_sale_ratio": null,
            "price_fair": 0,
            "eps_avg_yearly": 0,
            "eps_latest_yearly": 0,
            "eps_growth_yearly": 0
        },
        "20031": {
            "year_quarter": 20031,
            "year": 2003,
            "quarter": 1,
            "eps": null,
            "eps_growth_year": null,
            "eps_4q": null,
            "eps_4q_growth_year": null,
            "roe": null,
            "roe_4q": 0,
            "gross_profit": null,
            "gross_margin": null,
            "gross_margin_4q_avg": 0,
            "net_income": null,
            "net_income_4q": null,
            "revenue": null,
            "revenue_4q": null,
            "common_shares": null,
            "book_valuer_per_share": null,
            "book_valuer_per_share_4q_avg": 0,
            "equity": null,
            "current_ratio": null,
            "debt_ratio": null,
            "inventory_turnover_ratio": null,
            "account_receivable_turnover_ratio": null,
            "reinvestment_rate": null,
            "research_to_sale_ratio": null,
            "price_fair": 0,
            "eps_avg_yearly": 0,
            "eps_latest_yearly": 0,
            "eps_growth_yearly": 0
        },
        "20032": {
            "year_quarter": 20032,
            "year": 2003,
            "quarter": 2,
            "eps": null,
            "eps_growth_year": null,
            "eps_4q": null,
            "eps_4q_growth_year": null,
            "roe": null,
            "roe_4q": 0,
            "gross_profit": null,
            "gross_margin": null,
            "gross_margin_4q_avg": 0,
            "net_income": null,
            "net_income_4q": null,
            "revenue": null,
            "revenue_4q": null,
            "common_shares": null,
            "book_valuer_per_share": null,
            "book_valuer_per_share_4q_avg": 0,
            "equity": null,
            "current_ratio": null,
            "debt_ratio": null,
            "inventory_turnover_ratio": null,
            "account_receivable_turnover_ratio": null,
            "reinvestment_rate": null,
            "research_to_sale_ratio": null,
            "price_fair": 0,
            "eps_avg_yearly": 0,
            "eps_latest_yearly": 0,
            "eps_growth_yearly": 0
        },
        "20033": {
            "year_quarter": 20033,
            "year": 2003,
            "quarter": 3,
            "eps": null,
            "eps_growth_year": null,
            "eps_4q": null,
            "eps_4q_growth_year": null,
            "roe": null,
            "roe_4q": 0,
            "gross_profit": null,
            "gross_margin": null,
            "gross_margin_4q_avg": 0,
            "net_income": null,
            "net_income_4q": null,
            "revenue": null,
            "revenue_4q": null,
            "common_shares": null,
            "book_valuer_per_share": null,
            "book_valuer_per_share_4q_avg": 0,
            "equity": null,
            "current_ratio": null,
            "debt_ratio": null,
            "inventory_turnover_ratio": null,
            "account_receivable_turnover_ratio": null,
            "reinvestment_rate": null,
            "research_to_sale_ratio": null,
            "price_fair": 0,
            "eps_avg_yearly": 0,
            "eps_latest_yearly": 0,
            "eps_growth_yearly": 0
        },
        "20034": {
            "year_quarter": 20034,
            "year": 2003,
            "quarter": 4,
            "eps": null,
            "eps_growth_year": null,
            "eps_4q": null,
            "eps_4q_growth_year": null,
            "roe": null,
            "roe_4q": 0,
            "gross_profit": null,
            "gross_margin": null,
            "gross_margin_4q_avg": 0,
            "net_income": null,
            "net_income_4q": null,
            "revenue": null,
            "revenue_4q": null,
            "common_shares": 163700,
            "book_valuer_per_share": 13.06,
            "book_valuer_per_share_4q_avg": 3.27,
            "equity": 213842,
            "current_ratio": 57.18,
            "debt_ratio": 70.85,
            "inventory_turnover_ratio": null,
            "account_receivable_turnover_ratio": null,
            "reinvestment_rate": null,
            "research_to_sale_ratio": null,
            "price_fair": 0,
            "eps_avg_yearly": 0,
            "eps_latest_yearly": 0,
            "eps_growth_yearly": 0
        },
        "20041": {
            "year_quarter": 20041,
            "year": 2004,
            "quarter": 1,
            "eps": null,
            "eps_growth_year": null,
            "eps_4q": null,
            "eps_4q_growth_year": null,
            "roe": null,
            "roe_4q": 0,
            "gross_profit": null,
            "gross_margin": null,
            "gross_margin_4q_avg": 0,
            "net_income": null,
            "net_income_4q": null,
            "revenue": null,
            "revenue_4q": null,
            "common_shares": null,
            "book_valuer_per_share": null,
            "book_valuer_per_share_4q_avg": 3.27,
            "equity": null,
            "current_ratio": null,
            "debt_ratio": null,
            "inventory_turnover_ratio": null,
            "account_receivable_turnover_ratio": null,
            "reinvestment_rate": null,
            "research_to_sale_ratio": null,
            "price_fair": 0,
            "eps_avg_yearly": 0,
            "eps_latest_yearly": 0,
            "eps_growth_yearly": 0
        },
        "20042": {
            "year_quarter": 20042,
            "year": 2004,
            "quarter": 2,
            "eps": null,
            "eps_growth_year": null,
            "eps_4q": null,
            "eps_4q_growth_year": null,
            "roe": null,
            "roe_4q": 0,
            "gross_profit": null,
            "gross_margin": null,
            "gross_margin_4q_avg": 0,
            "net_income": null,
            "net_income_4q": null,
            "revenue": null,
            "revenue_4q": null,
            "common_shares": null,
            "book_valuer_per_share": null,
            "book_valuer_per_share_4q_avg": 3.27,
            "equity": null,
            "current_ratio": null,
            "debt_ratio": null,
            "inventory_turnover_ratio": null,
            "account_receivable_turnover_ratio": null,
            "reinvestment_rate": null,
            "research_to_sale_ratio": null,
            "price_fair": 0,
            "eps_avg_yearly": 0,
            "eps_latest_yearly": 0,
            "eps_growth_yearly": 0
        },
        "20043": {
            "year_quarter": 20043,
            "year": 2004,
            "quarter": 3,
            "eps": null,
            "eps_growth_year": null,
            "eps_4q": null,
            "eps_4q_growth_year": null,
            "roe": null,
            "roe_4q": 0,
            "gross_profit": null,
            "gross_margin": null,
            "gross_margin_4q_avg": 0,
            "net_income": null,
            "net_income_4q": null,
            "revenue": null,
            "revenue_4q": null,
            "common_shares": null,
            "book_valuer_per_share": null,
            "book_valuer_per_share_4q_avg": 3.27,
            "equity": null,
            "current_ratio": null,
            "debt_ratio": null,
            "inventory_turnover_ratio": null,
            "account_receivable_turnover_ratio": null,
            "reinvestment_rate": null,
            "research_to_sale_ratio": null,
            "price_fair": 0,
            "eps_avg_yearly": 0,
            "eps_latest_yearly": 0,
            "eps_growth_yearly": 0
        },
        "20044": {
            "year_quarter": 20044,
            "year": 2004,
            "quarter": 4,
            "eps": null,
            "eps_growth_year": null,
            "eps_4q": null,
            "eps_4q_growth_year": null,
            "roe": null,
            "roe_4q": 0,
            "gross_profit": null,
            "gross_margin": null,
            "gross_margin_4q_avg": 0,
            "net_income": null,
            "net_income_4q": null,
            "revenue": null,
            "revenue_4q": null,
            "common_shares": 207700,
            "book_valuer_per_share": 7.64,
            "book_valuer_per_share_4q_avg": 1.91,
            "equity": 158587,
            "current_ratio": 52.13,
            "debt_ratio": 76.64,
            "inventory_turnover_ratio": null,
            "account_receivable_turnover_ratio": null,
            "reinvestment_rate": null,
            "research_to_sale_ratio": null,
            "price_fair": 0,
            "eps_avg_yearly": 0,
            "eps_latest_yearly": 0,
            "eps_growth_yearly": 0
        },
        "20051": {
            "year_quarter": 20051,
            "year": 2005,
            "quarter": 1,
            "eps": null,
            "eps_growth_year": null,
            "eps_4q": null,
            "eps_4q_growth_year": null,
            "roe": null,
            "roe_4q": 0,
            "gross_profit": null,
            "gross_margin": null,
            "gross_margin_4q_avg": 0,
            "net_income": null,
            "net_income_4q": null,
            "revenue": null,
            "revenue_4q": null,
            "common_shares": null,
            "book_valuer_per_share": null,
            "book_valuer_per_share_4q_avg": 1.91,
            "equity": null,
            "current_ratio": null,
            "debt_ratio": null,
            "inventory_turnover_ratio": null,
            "account_receivable_turnover_ratio": null,
            "reinvestment_rate": null,
            "research_to_sale_ratio": null,
            "price_fair": 0,
            "eps_avg_yearly": 0,
            "eps_latest_yearly": 0,
            "eps_growth_yearly": 0
        },
        "20052": {
            "year_quarter": 20052,
            "year": 2005,
            "quarter": 2,
            "eps": null,
            "eps_growth_year": null,
            "eps_4q": null,
            "eps_4q_growth_year": null,
            "roe": null,
            "roe_4q": 0,
            "gross_profit": null,
            "gross_margin": null,
            "gross_margin_4q_avg": 0,
            "net_income": null,
            "net_income_4q": null,
            "revenue": null,
            "revenue_4q": null,
            "common_shares": null,
            "book_valuer_per_share": null,
            "book_valuer_per_share_4q_avg": 1.91,
            "equity": null,
            "current_ratio": null,
            "debt_ratio": null,
            "inventory_turnover_ratio": null,
            "account_receivable_turnover_ratio": null,
            "reinvestment_rate": null,
            "research_to_sale_ratio": null,
            "price_fair": 0,
            "eps_avg_yearly": 0,
            "eps_latest_yearly": 0,
            "eps_growth_yearly": 0
        },
        "20053": {
            "year_quarter": 20053,
            "year": 2005,
            "quarter": 3,
            "eps": null,
            "eps_growth_year": null,
            "eps_4q": null,
            "eps_4q_growth_year": null,
            "roe": null,
            "roe_4q": 0,
            "gross_profit": null,
            "gross_margin": null,
            "gross_margin_4q_avg": 0,
            "net_income": null,
            "net_income_4q": null,
            "revenue": null,
            "revenue_4q": null,
            "common_shares": null,
            "book_valuer_per_share": null,
            "book_valuer_per_share_4q_avg": 1.91,
            "equity": null,
            "current_ratio": null,
            "debt_ratio": null,
            "inventory_turnover_ratio": null,
            "account_receivable_turnover_ratio": null,
            "reinvestment_rate": null,
            "research_to_sale_ratio": null,
            "price_fair": 0,
            "eps_avg_yearly": 0,
            "eps_latest_yearly": 0,
            "eps_growth_yearly": 0
        },
        "20054": {
            "year_quarter": 20054,
            "year": 2005,
            "quarter": 4,
            "eps": null,
            "eps_growth_year": null,
            "eps_4q": null,
            "eps_4q_growth_year": null,
            "roe": null,
            "roe_4q": 0,
            "gross_profit": null,
            "gross_margin": null,
            "gross_margin_4q_avg": 0,
            "net_income": null,
            "net_income_4q": null,
            "revenue": null,
            "revenue_4q": null,
            "common_shares": 240000,
            "book_valuer_per_share": 10.53,
            "book_valuer_per_share_4q_avg": 2.63,
            "equity": 252622,
            "current_ratio": 71.13,
            "debt_ratio": 67.69,
            "inventory_turnover_ratio": null,
            "account_receivable_turnover_ratio": null,
            "reinvestment_rate": null,
            "research_to_sale_ratio": null,
            "price_fair": 0,
            "eps_avg_yearly": 0,
            "eps_latest_yearly": 0,
            "eps_growth_yearly": 0
        },
        "20061": {
            "year_quarter": 20061,
            "year": 2006,
            "quarter": 1,
            "eps": null,
            "eps_growth_year": null,
            "eps_4q": null,
            "eps_4q_growth_year": null,
            "roe": null,
            "roe_4q": 0,
            "gross_profit": null,
            "gross_margin": null,
            "gross_margin_4q_avg": 0,
            "net_income": null,
            "net_income_4q": null,
            "revenue": null,
            "revenue_4q": null,
            "common_shares": null,
            "book_valuer_per_share": null,
            "book_valuer_per_share_4q_avg": 2.63,
            "equity": null,
            "current_ratio": null,
            "debt_ratio": null,
            "inventory_turnover_ratio": null,
            "account_receivable_turnover_ratio": null,
            "reinvestment_rate": null,
            "research_to_sale_ratio": null,
            "price_fair": 0,
            "eps_avg_yearly": 0,
            "eps_latest_yearly": 0,
            "eps_growth_yearly": 0
        },
        "20062": {
            "year_quarter": 20062,
            "year": 2006,
            "quarter": 2,
            "eps": null,
            "eps_growth_year": null,
            "eps_4q": null,
            "eps_4q_growth_year": null,
            "roe": null,
            "roe_4q": 0,
            "gross_profit": null,
            "gross_margin": null,
            "gross_margin_4q_avg": 0,
            "net_income": null,
            "net_income_4q": null,
            "revenue": null,
            "revenue_4q": null,
            "common_shares": null,
            "book_valuer_per_share": null,
            "book_valuer_per_share_4q_avg": 2.63,
            "equity": null,
            "current_ratio": null,
            "debt_ratio": null,
            "inventory_turnover_ratio": null,
            "account_receivable_turnover_ratio": null,
            "reinvestment_rate": null,
            "research_to_sale_ratio": null,
            "price_fair": 0,
            "eps_avg_yearly": 0,
            "eps_latest_yearly": 0,
            "eps_growth_yearly": 0
        },
        "20063": {
            "year_quarter": 20063,
            "year": 2006,
            "quarter": 3,
            "eps": null,
            "eps_growth_year": null,
            "eps_4q": null,
            "eps_4q_growth_year": null,
            "roe": null,
            "roe_4q": 0,
            "gross_profit": null,
            "gross_margin": null,
            "gross_margin_4q_avg": 0,
            "net_income": null,
            "net_income_4q": null,
            "revenue": null,
            "revenue_4q": null,
            "common_shares": null,
            "book_valuer_per_share": null,
            "book_valuer_per_share_4q_avg": 2.63,
            "equity": null,
            "current_ratio": null,
            "debt_ratio": null,
            "inventory_turnover_ratio": null,
            "account_receivable_turnover_ratio": null,
            "reinvestment_rate": null,
            "research_to_sale_ratio": null,
            "price_fair": 0,
            "eps_avg_yearly": 0,
            "eps_latest_yearly": 0,
            "eps_growth_yearly": 0
        },
        "20064": {
            "year_quarter": 20064,
            "year": 2006,
            "quarter": 4,
            "eps": null,
            "eps_growth_year": null,
            "eps_4q": null,
            "eps_4q_growth_year": null,
            "roe": null,
            "roe_4q": 0,
            "gross_profit": null,
            "gross_margin": null,
            "gross_margin_4q_avg": 0,
            "net_income": null,
            "net_income_4q": null,
            "revenue": null,
            "revenue_4q": null,
            "common_shares": 240000,
            "book_valuer_per_share": 14.92,
            "book_valuer_per_share_4q_avg": 3.73,
            "equity": 358197,
            "current_ratio": 92.8,
            "debt_ratio": 62.01,
            "inventory_turnover_ratio": null,
            "account_receivable_turnover_ratio": null,
            "reinvestment_rate": null,
            "research_to_sale_ratio": null,
            "price_fair": 0,
            "eps_avg_yearly": 0,
            "eps_latest_yearly": 0,
            "eps_growth_yearly": 0
        },
        "20071": {
            "year_quarter": 20071,
            "year": 2007,
            "quarter": 1,
            "eps": null,
            "eps_growth_year": null,
            "eps_4q": null,
            "eps_4q_growth_year": null,
            "roe": null,
            "roe_4q": 0,
            "gross_profit": null,
            "gross_margin": null,
            "gross_margin_4q_avg": 0,
            "net_income": null,
            "net_income_4q": null,
            "revenue": null,
            "revenue_4q": null,
            "common_shares": null,
            "book_valuer_per_share": null,
            "book_valuer_per_share_4q_avg": 3.73,
            "equity": null,
            "current_ratio": null,
            "debt_ratio": null,
            "inventory_turnover_ratio": null,
            "account_receivable_turnover_ratio": null,
            "reinvestment_rate": null,
            "research_to_sale_ratio": null,
            "price_fair": 0,
            "eps_avg_yearly": 0,
            "eps_latest_yearly": 0,
            "eps_growth_yearly": 0
        },
        "20072": {
            "year_quarter": 20072,
            "year": 2007,
            "quarter": 2,
            "eps": null,
            "eps_growth_year": null,
            "eps_4q": null,
            "eps_4q_growth_year": null,
            "roe": null,
            "roe_4q": 0,
            "gross_profit": null,
            "gross_margin": null,
            "gross_margin_4q_avg": 0,
            "net_income": null,
            "net_income_4q": null,
            "revenue": null,
            "revenue_4q": null,
            "common_shares": null,
            "book_valuer_per_share": null,
            "book_valuer_per_share_4q_avg": 3.73,
            "equity": null,
            "current_ratio": null,
            "debt_ratio": null,
            "inventory_turnover_ratio": null,
            "account_receivable_turnover_ratio": null,
            "reinvestment_rate": null,
            "research_to_sale_ratio": null,
            "price_fair": 0,
            "eps_avg_yearly": 0,
            "eps_latest_yearly": 0,
            "eps_growth_yearly": 0
        },
        "20073": {
            "year_quarter": 20073,
            "year": 2007,
            "quarter": 3,
            "eps": null,
            "eps_growth_year": null,
            "eps_4q": null,
            "eps_4q_growth_year": null,
            "roe": null,
            "roe_4q": 0,
            "gross_profit": null,
            "gross_margin": null,
            "gross_margin_4q_avg": 0,
            "net_income": null,
            "net_income_4q": null,
            "revenue": null,
            "revenue_4q": null,
            "common_shares": null,
            "book_valuer_per_share": null,
            "book_valuer_per_share_4q_avg": 3.73,
            "equity": null,
            "current_ratio": null,
            "debt_ratio": null,
            "inventory_turnover_ratio": null,
            "account_receivable_turnover_ratio": null,
            "reinvestment_rate": null,
            "research_to_sale_ratio": null,
            "price_fair": 0,
            "eps_avg_yearly": 0,
            "eps_latest_yearly": 0,
            "eps_growth_yearly": 0
        },
        "20074": {
            "year_quarter": 20074,
            "year": 2007,
            "quarter": 4,
            "eps": null,
            "eps_growth_year": null,
            "eps_4q": null,
            "eps_4q_growth_year": null,
            "roe": null,
            "roe_4q": 0,
            "gross_profit": null,
            "gross_margin": null,
            "gross_margin_4q_avg": 0,
            "net_income": null,
            "net_income_4q": null,
            "revenue": null,
            "revenue_4q": null,
            "common_shares": 373903,
            "book_valuer_per_share": 19.66,
            "book_valuer_per_share_4q_avg": 4.92,
            "equity": 734946,
            "current_ratio": 166.79,
            "debt_ratio": 41.86,
            "inventory_turnover_ratio": null,
            "account_receivable_turnover_ratio": null,
            "reinvestment_rate": null,
            "research_to_sale_ratio": null,
            "price_fair": 0,
            "eps_avg_yearly": 0,
            "eps_latest_yearly": 0,
            "eps_growth_yearly": 0
        },
        "20081": {
            "year_quarter": 20081,
            "year": 2008,
            "quarter": 1,
            "eps": null,
            "eps_growth_year": null,
            "eps_4q": null,
            "eps_4q_growth_year": null,
            "roe": null,
            "roe_4q": 0,
            "gross_profit": null,
            "gross_margin": null,
            "gross_margin_4q_avg": 0,
            "net_income": null,
            "net_income_4q": null,
            "revenue": null,
            "revenue_4q": null,
            "common_shares": null,
            "book_valuer_per_share": null,
            "book_valuer_per_share_4q_avg": 4.92,
            "equity": null,
            "current_ratio": null,
            "debt_ratio": null,
            "inventory_turnover_ratio": null,
            "account_receivable_turnover_ratio": null,
            "reinvestment_rate": null,
            "research_to_sale_ratio": null,
            "price_fair": 0,
            "eps_avg_yearly": 0,
            "eps_latest_yearly": 0,
            "eps_growth_yearly": 0
        },
        "20082": {
            "year_quarter": 20082,
            "year": 2008,
            "quarter": 2,
            "eps": null,
            "eps_growth_year": null,
            "eps_4q": null,
            "eps_4q_growth_year": null,
            "roe": null,
            "roe_4q": 0,
            "gross_profit": null,
            "gross_margin": null,
            "gross_margin_4q_avg": 0,
            "net_income": null,
            "net_income_4q": null,
            "revenue": null,
            "revenue_4q": null,
            "common_shares": null,
            "book_valuer_per_share": null,
            "book_valuer_per_share_4q_avg": 4.92,
            "equity": null,
            "current_ratio": null,
            "debt_ratio": null,
            "inventory_turnover_ratio": null,
            "account_receivable_turnover_ratio": null,
            "reinvestment_rate": null,
            "research_to_sale_ratio": null,
            "price_fair": 0,
            "eps_avg_yearly": 0,
            "eps_latest_yearly": 0,
            "eps_growth_yearly": 0
        },
        "20083": {
            "year_quarter": 20083,
            "year": 2008,
            "quarter": 3,
            "eps": null,
            "eps_growth_year": null,
            "eps_4q": null,
            "eps_4q_growth_year": null,
            "roe": null,
            "roe_4q": 0,
            "gross_profit": null,
            "gross_margin": null,
            "gross_margin_4q_avg": 0,
            "net_income": null,
            "net_income_4q": null,
            "revenue": null,
            "revenue_4q": null,
            "common_shares": null,
            "book_valuer_per_share": null,
            "book_valuer_per_share_4q_avg": 4.92,
            "equity": null,
            "current_ratio": null,
            "debt_ratio": null,
            "inventory_turnover_ratio": null,
            "account_receivable_turnover_ratio": null,
            "reinvestment_rate": null,
            "research_to_sale_ratio": null,
            "price_fair": 0,
            "eps_avg_yearly": 0,
            "eps_latest_yearly": 0,
            "eps_growth_yearly": 0
        },
        "20084": {
            "year_quarter": 20084,
            "year": 2008,
            "quarter": 4,
            "eps": null,
            "eps_growth_year": null,
            "eps_4q": null,
            "eps_4q_growth_year": null,
            "roe": null,
            "roe_4q": 0,
            "gross_profit": null,
            "gross_margin": null,
            "gross_margin_4q_avg": 0,
            "net_income": null,
            "net_income_4q": null,
            "revenue": null,
            "revenue_4q": null,
            "common_shares": 379903,
            "book_valuer_per_share": 21.31,
            "book_valuer_per_share_4q_avg": 5.33,
            "equity": 809560,
            "current_ratio": 195.76,
            "debt_ratio": 32.36,
            "inventory_turnover_ratio": null,
            "account_receivable_turnover_ratio": null,
            "reinvestment_rate": null,
            "research_to_sale_ratio": null,
            "price_fair": 0,
            "eps_avg_yearly": 0,
            "eps_latest_yearly": 0,
            "eps_growth_yearly": 0
        },
        "20091": {
            "year_quarter": 20091,
            "year": 2009,
            "quarter": 1,
            "eps": null,
            "eps_growth_year": null,
            "eps_4q": null,
            "eps_4q_growth_year": null,
            "roe": null,
            "roe_4q": 0,
            "gross_profit": null,
            "gross_margin": null,
            "gross_margin_4q_avg": 0,
            "net_income": null,
            "net_income_4q": null,
            "revenue": null,
            "revenue_4q": null,
            "common_shares": null,
            "book_valuer_per_share": null,
            "book_valuer_per_share_4q_avg": 5.33,
            "equity": null,
            "current_ratio": null,
            "debt_ratio": null,
            "inventory_turnover_ratio": null,
            "account_receivable_turnover_ratio": null,
            "reinvestment_rate": null,
            "research_to_sale_ratio": null,
            "price_fair": 0,
            "eps_avg_yearly": 0,
            "eps_latest_yearly": 0,
            "eps_growth_yearly": 0
        },
        "20092": {
            "year_quarter": 20092,
            "year": 2009,
            "quarter": 2,
            "eps": null,
            "eps_growth_year": null,
            "eps_4q": null,
            "eps_4q_growth_year": null,
            "roe": null,
            "roe_4q": 0,
            "gross_profit": null,
            "gross_margin": null,
            "gross_margin_4q_avg": 0,
            "net_income": null,
            "net_income_4q": null,
            "revenue": null,
            "revenue_4q": null,
            "common_shares": 379903,
            "book_valuer_per_share": null,
            "book_valuer_per_share_4q_avg": 5.33,
            "equity": 783177,
            "current_ratio": null,
            "debt_ratio": null,
            "inventory_turnover_ratio": null,
            "account_receivable_turnover_ratio": null,
            "reinvestment_rate": null,
            "research_to_sale_ratio": null,
            "price_fair": 0,
            "eps_avg_yearly": 0,
            "eps_latest_yearly": 0,
            "eps_growth_yearly": 0
        },
        "20093": {
            "year_quarter": 20093,
            "year": 2009,
            "quarter": 3,
            "eps": null,
            "eps_growth_year": null,
            "eps_4q": null,
            "eps_4q_growth_year": null,
            "roe": null,
            "roe_4q": 0,
            "gross_profit": null,
            "gross_margin": null,
            "gross_margin_4q_avg": 0,
            "net_income": null,
            "net_income_4q": null,
            "revenue": null,
            "revenue_4q": null,
            "common_shares": null,
            "book_valuer_per_share": null,
            "book_valuer_per_share_4q_avg": 5.33,
            "equity": null,
            "current_ratio": null,
            "debt_ratio": null,
            "inventory_turnover_ratio": null,
            "account_receivable_turnover_ratio": null,
            "reinvestment_rate": null,
            "research_to_sale_ratio": null,
            "price_fair": 0,
            "eps_avg_yearly": 0,
            "eps_latest_yearly": 0,
            "eps_growth_yearly": 0
        },
        "20094": {
            "year_quarter": 20094,
            "year": 2009,
            "quarter": 4,
            "eps": null,
            "eps_growth_year": null,
            "eps_4q": null,
            "eps_4q_growth_year": null,
            "roe": null,
            "roe_4q": 0,
            "gross_profit": null,
            "gross_margin": null,
            "gross_margin_4q_avg": 0,
            "net_income": null,
            "net_income_4q": null,
            "revenue": null,
            "revenue_4q": null,
            "common_shares": 379903,
            "book_valuer_per_share": 22.78,
            "book_valuer_per_share_4q_avg": 5.7,
            "equity": 865513,
            "current_ratio": 200.97,
            "debt_ratio": 35.95,
            "inventory_turnover_ratio": null,
            "account_receivable_turnover_ratio": null,
            "reinvestment_rate": null,
            "research_to_sale_ratio": null,
            "price_fair": 0,
            "eps_avg_yearly": 0,
            "eps_latest_yearly": 0,
            "eps_growth_yearly": 0
        },
        "20101": {
            "year_quarter": 20101,
            "year": 2010,
            "quarter": 1,
            "eps": null,
            "eps_growth_year": null,
            "eps_4q": null,
            "eps_4q_growth_year": null,
            "roe": null,
            "roe_4q": 0,
            "gross_profit": 73456,
            "gross_margin": null,
            "gross_margin_4q_avg": 0,
            "net_income": 61769,
            "net_income_4q": null,
            "revenue": 347116,
            "revenue_4q": null,
            "common_shares": 388603,
            "book_valuer_per_share": 24.25,
            "book_valuer_per_share_4q_avg": 11.76,
            "equity": 942486,
            "current_ratio": 201.68,
            "debt_ratio": 29.79,
            "inventory_turnover_ratio": null,
            "account_receivable_turnover_ratio": null,
            "reinvestment_rate": null,
            "research_to_sale_ratio": null,
            "price_fair": 0,
            "eps_avg_yearly": 0,
            "eps_latest_yearly": 0,
            "eps_growth_yearly": 0
        },
        "20102": {
            "year_quarter": 20102,
            "year": 2010,
            "quarter": 2,
            "eps": 1.24,
            "eps_growth_year": null,
            "eps_4q": null,
            "eps_4q_growth_year": null,
            "roe": 5.17,
            "roe_4q": 5.17,
            "gross_profit": 141957,
            "gross_margin": 32.8,
            "gross_margin_4q_avg": 8.2,
            "net_income": 48950,
            "net_income_4q": null,
            "revenue": 432824,
            "revenue_4q": null,
            "common_shares": 393203,
            "book_valuer_per_share": 24.15,
            "book_valuer_per_share_4q_avg": 17.8,
            "equity": 949601,
            "current_ratio": 180.21,
            "debt_ratio": 42.38,
            "inventory_turnover_ratio": 2.02,
            "account_receivable_turnover_ratio": 2.1,
            "reinvestment_rate": null,
            "research_to_sale_ratio": null,
            "price_fair": 0,
            "eps_avg_yearly": 0,
            "eps_latest_yearly": 0,
            "eps_growth_yearly": 0
        },
        "20103": {
            "year_quarter": 20103,
            "year": 2010,
            "quarter": 3,
            "eps": null,
            "eps_growth_year": null,
            "eps_4q": null,
            "eps_4q_growth_year": null,
            "roe": null,
            "roe_4q": 5.17,
            "gross_profit": 54218,
            "gross_margin": null,
            "gross_margin_4q_avg": 8.2,
            "net_income": 12004,
            "net_income_4q": null,
            "revenue": 295255,
            "revenue_4q": null,
            "common_shares": 393203,
            "book_valuer_per_share": 24.26,
            "book_valuer_per_share_4q_avg": 23.86,
            "equity": 953780,
            "current_ratio": 196.66,
            "debt_ratio": 26.89,
            "inventory_turnover_ratio": null,
            "account_receivable_turnover_ratio": null,
            "reinvestment_rate": null,
            "research_to_sale_ratio": null,
            "price_fair": 0,
            "eps_avg_yearly": 0,
            "eps_latest_yearly": 0,
            "eps_growth_yearly": 0
        },
        "20104": {
            "year_quarter": 20104,
            "year": 2010,
            "quarter": 4,
            "eps": null,
            "eps_growth_year": null,
            "eps_4q": null,
            "eps_4q_growth_year": null,
            "roe": null,
            "roe_4q": 5.17,
            "gross_profit": 348201,
            "gross_margin": null,
            "gross_margin_4q_avg": 8.2,
            "net_income": 117295,
            "net_income_4q": null,
            "revenue": 1482114,
            "revenue_4q": null,
            "common_shares": 394603,
            "book_valuer_per_share": 23.19,
            "book_valuer_per_share_4q_avg": 23.96,
            "equity": 915243,
            "current_ratio": 175.88,
            "debt_ratio": 40.92,
            "inventory_turnover_ratio": null,
            "account_receivable_turnover_ratio": null,
            "reinvestment_rate": null,
            "research_to_sale_ratio": null,
            "price_fair": 0,
            "eps_avg_yearly": 0,
            "eps_latest_yearly": 0,
            "eps_growth_yearly": 0
        },
        "20111": {
            "year_quarter": 20111,
            "year": 2011,
            "quarter": 1,
            "eps": null,
            "eps_growth_year": null,
            "eps_4q": null,
            "eps_4q_growth_year": null,
            "roe": null,
            "roe_4q": 5.17,
            "gross_profit": 67127,
            "gross_margin": null,
            "gross_margin_4q_avg": 8.2,
            "net_income": 22151,
            "net_income_4q": null,
            "revenue": 339951,
            "revenue_4q": null,
            "common_shares": 394603,
            "book_valuer_per_share": 24,
            "book_valuer_per_share_4q_avg": 23.9,
            "equity": 947104,
            "current_ratio": 167.36,
            "debt_ratio": 42.61,
            "inventory_turnover_ratio": null,
            "account_receivable_turnover_ratio": null,
            "reinvestment_rate": null,
            "research_to_sale_ratio": null,
            "price_fair": 0,
            "eps_avg_yearly": 0,
            "eps_latest_yearly": 0,
            "eps_growth_yearly": 0
        },
        "20112": {
            "year_quarter": 20112,
            "year": 2011,
            "quarter": 2,
            "eps": -0.13,
            "eps_growth_year": -110.42,
            "eps_4q": -0.13,
            "eps_4q_growth_year": null,
            "roe": -0.58,
            "roe_4q": -0.58,
            "gross_profit": 53536,
            "gross_margin": 16.41,
            "gross_margin_4q_avg": 4.1,
            "net_income": -5373,
            "net_income_4q": null,
            "revenue": 326291,
            "revenue_4q": null,
            "common_shares": 394603,
            "book_valuer_per_share": 22.89,
            "book_valuer_per_share_4q_avg": 23.59,
            "equity": 903200,
            "current_ratio": 156.27,
            "debt_ratio": 45.02,
            "inventory_turnover_ratio": 0.99,
            "account_receivable_turnover_ratio": 1.88,
            "reinvestment_rate": null,
            "research_to_sale_ratio": null,
            "price_fair": 0,
            "eps_avg_yearly": 0,
            "eps_latest_yearly": 0,
            "eps_growth_yearly": 0
        },
        "20113": {
            "year_quarter": 20113,
            "year": 2011,
            "quarter": 3,
            "eps": 0.53,
            "eps_growth_year": null,
            "eps_4q": 0.4,
            "eps_4q_growth_year": null,
            "roe": 2.33,
            "roe_4q": 1.75,
            "gross_profit": 50354,
            "gross_margin": 15.18,
            "gross_margin_4q_avg": 7.9,
            "net_income": 21843,
            "net_income_4q": null,
            "revenue": 331684,
            "revenue_4q": null,
            "common_shares": 414533,
            "book_valuer_per_share": 23.41,
            "book_valuer_per_share_4q_avg": 23.37,
            "equity": 970290,
            "current_ratio": 152.41,
            "debt_ratio": 42.37,
            "inventory_turnover_ratio": 1.1,
            "account_receivable_turnover_ratio": 0.92,
            "reinvestment_rate": null,
            "research_to_sale_ratio": 1.82,
            "price_fair": 0,
            "eps_avg_yearly": 0,
            "eps_latest_yearly": 0,
            "eps_growth_yearly": 0
        },
        "20114": {
            "year_quarter": 20114,
            "year": 2011,
            "quarter": 4,
            "eps": -0.22,
            "eps_growth_year": null,
            "eps_4q": 0.18,
            "eps_4q_growth_year": null,
            "roe": -0.93,
            "roe_4q": 0.82,
            "gross_profit": 22022,
            "gross_margin": 8.37,
            "gross_margin_4q_avg": 9.99,
            "net_income": -8946,
            "net_income_4q": null,
            "revenue": 263180,
            "revenue_4q": null,
            "common_shares": 414533,
            "book_valuer_per_share": 22.93,
            "book_valuer_per_share_4q_avg": 23.31,
            "equity": 950668,
            "current_ratio": 158.44,
            "debt_ratio": 40.87,
            "inventory_turnover_ratio": 0.95,
            "account_receivable_turnover_ratio": 0.77,
            "reinvestment_rate": null,
            "research_to_sale_ratio": 2.13,
            "price_fair": 0,
            "eps_avg_yearly": 0,
            "eps_latest_yearly": 0,
            "eps_growth_yearly": 0
        },
        "20121": {
            "year_quarter": 20121,
            "year": 2012,
            "quarter": 1,
            "eps": -0.27,
            "eps_growth_year": null,
            "eps_4q": -0.11,
            "eps_4q_growth_year": null,
            "roe": -1.29,
            "roe_4q": -0.4700000000000001,
            "gross_profit": 20420,
            "gross_margin": 8.15,
            "gross_margin_4q_avg": 12.03,
            "net_income": -12730,
            "net_income_4q": null,
            "revenue": 250511,
            "revenue_4q": null,
            "common_shares": 466433,
            "book_valuer_per_share": 21.93,
            "book_valuer_per_share_4q_avg": 22.79,
            "equity": 1022723,
            "current_ratio": 181.66,
            "debt_ratio": 35.98,
            "inventory_turnover_ratio": 0.96,
            "account_receivable_turnover_ratio": 0.82,
            "reinvestment_rate": null,
            "research_to_sale_ratio": 2.22,
            "price_fair": 0,
            "eps_avg_yearly": 0,
            "eps_latest_yearly": 0,
            "eps_growth_yearly": 0
        },
        "20122": {
            "year_quarter": 20122,
            "year": 2012,
            "quarter": 2,
            "eps": 0.34,
            "eps_growth_year": null,
            "eps_4q": 0.35,
            "eps_4q_growth_year": null,
            "roe": 1.57,
            "roe_4q": 1.6800000000000002,
            "gross_profit": 56077,
            "gross_margin": 16.82,
            "gross_margin_4q_avg": 12.13,
            "net_income": 16053,
            "net_income_4q": null,
            "revenue": 333416,
            "revenue_4q": null,
            "common_shares": 466433,
            "book_valuer_per_share": 21.84,
            "book_valuer_per_share_4q_avg": 22.53,
            "equity": 1018605,
            "current_ratio": 166.51,
            "debt_ratio": 38.73,
            "inventory_turnover_ratio": 1.23,
            "account_receivable_turnover_ratio": 0.98,
            "reinvestment_rate": null,
            "research_to_sale_ratio": 2.3,
            "price_fair": 0,
            "eps_avg_yearly": 0,
            "eps_latest_yearly": 0,
            "eps_growth_yearly": 0
        },
        "20123": {
            "year_quarter": 20123,
            "year": 2012,
            "quarter": 3,
            "eps": -0.16,
            "eps_growth_year": -129.93,
            "eps_4q": -0.28,
            "eps_4q_growth_year": -170.21,
            "roe": -0.73,
            "roe_4q": -1.38,
            "gross_profit": 28607,
            "gross_margin": 9.85,
            "gross_margin_4q_avg": 10.8,
            "net_income": -7314,
            "net_income_4q": null,
            "revenue": 290416,
            "revenue_4q": null,
            "common_shares": 466433,
            "book_valuer_per_share": 21.42,
            "book_valuer_per_share_4q_avg": 22.03,
            "equity": 993564,
            "current_ratio": 179.93,
            "debt_ratio": 35.68,
            "inventory_turnover_ratio": 1.16,
            "account_receivable_turnover_ratio": 0.83,
            "reinvestment_rate": null,
            "research_to_sale_ratio": 2.54,
            "price_fair": 0,
            "eps_avg_yearly": 0,
            "eps_latest_yearly": 0,
            "eps_growth_yearly": 0
        },
        "20124": {
            "year_quarter": 20124,
            "year": 2012,
            "quarter": 4,
            "eps": 0.27,
            "eps_growth_year": null,
            "eps_4q": 0.18,
            "eps_4q_growth_year": -2.38,
            "roe": 1.21,
            "roe_4q": 0.7599999999999998,
            "gross_profit": 41953,
            "gross_margin": 13.81,
            "gross_margin_4q_avg": 12.16,
            "net_income": 12006,
            "net_income_4q": null,
            "revenue": 303790,
            "revenue_4q": null,
            "common_shares": 466433,
            "book_valuer_per_share": 21.8,
            "book_valuer_per_share_4q_avg": 21.75,
            "equity": 986108,
            "current_ratio": 185.06,
            "debt_ratio": 34.67,
            "inventory_turnover_ratio": 1.24,
            "account_receivable_turnover_ratio": 0.94,
            "reinvestment_rate": null,
            "research_to_sale_ratio": 2.3,
            "price_fair": 0,
            "eps_avg_yearly": 0,
            "eps_latest_yearly": 0,
            "eps_growth_yearly": 0
        },
        "20131": {
            "year_quarter": 20131,
            "year": 2013,
            "quarter": 1,
            "eps": 0.17,
            "eps_growth_year": null,
            "eps_4q": 0.64,
            "eps_4q_growth_year": null,
            "roe": 0.81,
            "roe_4q": 2.8600000000000003,
            "gross_profit": 45606,
            "gross_margin": 15.62,
            "gross_margin_4q_avg": 14.03,
            "net_income": 8044,
            "net_income_4q": null,
            "revenue": 291939,
            "revenue_4q": null,
            "common_shares": 466433,
            "book_valuer_per_share": 22.59,
            "book_valuer_per_share_4q_avg": 21.91,
            "equity": 1008475,
            "current_ratio": 170.45,
            "debt_ratio": 37.07,
            "inventory_turnover_ratio": 1.22,
            "account_receivable_turnover_ratio": 0.84,
            "reinvestment_rate": null,
            "research_to_sale_ratio": 2.44,
            "price_fair": 2.04,
            "eps_avg_yearly": 0.68,
            "eps_latest_yearly": 0.68,
            "eps_growth_yearly": -148.15
        },
        "20132": {
            "year_quarter": 20132,
            "year": 2013,
            "quarter": 2,
            "eps": 0.1,
            "eps_growth_year": -70.94,
            "eps_4q": 0.39,
            "eps_4q_growth_year": 11.75,
            "roe": 0.46,
            "roe_4q": 1.75,
            "gross_profit": 48652,
            "gross_margin": 15.17,
            "gross_margin_4q_avg": 13.61,
            "net_income": 4610,
            "net_income_4q": null,
            "revenue": 320735,
            "revenue_4q": null,
            "common_shares": 466433,
            "book_valuer_per_share": 22.02,
            "book_valuer_per_share_4q_avg": 21.96,
            "equity": 982666,
            "current_ratio": 157.25,
            "debt_ratio": 41.47,
            "inventory_turnover_ratio": 1.28,
            "account_receivable_turnover_ratio": 0.85,
            "reinvestment_rate": null,
            "research_to_sale_ratio": 1.89,
            "price_fair": 1.62,
            "eps_avg_yearly": 0.54,
            "eps_latest_yearly": 0.4,
            "eps_growth_yearly": -156.43
        },
        "20133": {
            "year_quarter": 20133,
            "year": 2013,
            "quarter": 3,
            "eps": 0.09,
            "eps_growth_year": null,
            "eps_4q": 0.64,
            "eps_4q_growth_year": null,
            "roe": 0.42,
            "roe_4q": 2.9,
            "gross_profit": 57752,
            "gross_margin": 18.06,
            "gross_margin_4q_avg": 15.67,
            "net_income": 4149,
            "net_income_4q": null,
            "revenue": 319831,
            "revenue_4q": null,
            "common_shares": 466433,
            "book_valuer_per_share": 21.93,
            "book_valuer_per_share_4q_avg": 22.09,
            "equity": 985501,
            "current_ratio": 154.46,
            "debt_ratio": 41.22,
            "inventory_turnover_ratio": 1.25,
            "account_receivable_turnover_ratio": 0.84,
            "reinvestment_rate": null,
            "research_to_sale_ratio": 2.57,
            "price_fair": 1.44,
            "eps_avg_yearly": 0.48,
            "eps_latest_yearly": 0.36,
            "eps_growth_yearly": -117.62
        },
        "20134": {
            "year_quarter": 20134,
            "year": 2013,
            "quarter": 4,
            "eps": 0.42,
            "eps_growth_year": 57.98,
            "eps_4q": 0.79,
            "eps_4q_growth_year": 347.68,
            "roe": 1.88,
            "roe_4q": 3.57,
            "gross_profit": 72594,
            "gross_margin": 18.59,
            "gross_margin_4q_avg": 16.86,
            "net_income": 18841,
            "net_income_4q": null,
            "revenue": 390518,
            "revenue_4q": null,
            "common_shares": 466433,
            "book_valuer_per_share": 22.7,
            "book_valuer_per_share_4q_avg": 22.31,
            "equity": 1020170,
            "current_ratio": 153.95,
            "debt_ratio": 46.04,
            "inventory_turnover_ratio": 1.53,
            "account_receivable_turnover_ratio": 0.96,
            "reinvestment_rate": -140.17,
            "research_to_sale_ratio": 2.89,
            "price_fair": 27.3,
            "eps_avg_yearly": 0.78,
            "eps_latest_yearly": 1.68,
            "eps_growth_yearly": 278.45
        },
        "20141": {
            "year_quarter": 20141,
            "year": 2014,
            "quarter": 1,
            "eps": 0.45,
            "eps_growth_year": 164.71,
            "eps_4q": 1.06,
            "eps_4q_growth_year": 64.47,
            "roe": 1.95,
            "roe_4q": 4.71,
            "gross_profit": 65913,
            "gross_margin": 17.61,
            "gross_margin_4q_avg": 17.36,
            "net_income": 20067,
            "net_income_4q": null,
            "revenue": 374398,
            "revenue_4q": null,
            "common_shares": 466433,
            "book_valuer_per_share": 23.14,
            "book_valuer_per_share_4q_avg": 22.45,
            "equity": 1039814,
            "current_ratio": 149.47,
            "debt_ratio": 46.36,
            "inventory_turnover_ratio": 1.3,
            "account_receivable_turnover_ratio": 0.85,
            "reinvestment_rate": 189.8,
            "research_to_sale_ratio": 1.83,
            "price_fair": 34.44,
            "eps_avg_yearly": 0.98,
            "eps_latest_yearly": 1.8,
            "eps_growth_yearly": 228.48
        },
        "20142": {
            "year_quarter": 20142,
            "year": 2014,
            "quarter": 2,
            "eps": 0.15,
            "eps_growth_year": 50,
            "eps_4q": 1.12,
            "eps_4q_growth_year": 187.05,
            "roe": 0.7,
            "roe_4q": 4.949999999999999,
            "gross_profit": 67072,
            "gross_margin": 16.76,
            "gross_margin_4q_avg": 17.76,
            "net_income": 7069,
            "net_income_4q": null,
            "revenue": 400298,
            "revenue_4q": null,
            "common_shares": 466433,
            "book_valuer_per_share": 21.99,
            "book_valuer_per_share_4q_avg": 22.44,
            "equity": 988225,
            "current_ratio": 137.78,
            "debt_ratio": 51.3,
            "inventory_turnover_ratio": 1.27,
            "account_receivable_turnover_ratio": 0.88,
            "reinvestment_rate": -227.7,
            "research_to_sale_ratio": 2.25,
            "price_fair": 32.2,
            "eps_avg_yearly": 0.92,
            "eps_latest_yearly": 0.6,
            "eps_growth_yearly": 145.95
        },
        "20143": {
            "year_quarter": 20143,
            "year": 2014,
            "quarter": 3,
            "eps": 0.3,
            "eps_growth_year": 233.33,
            "eps_4q": 1.32,
            "eps_4q_growth_year": 105.31,
            "roe": 1.34,
            "roe_4q": 5.87,
            "gross_profit": 60694,
            "gross_margin": 13.79,
            "gross_margin_4q_avg": 16.69,
            "net_income": 13566,
            "net_income_4q": null,
            "revenue": 440051,
            "revenue_4q": null,
            "common_shares": 466433,
            "book_valuer_per_share": 22.86,
            "book_valuer_per_share_4q_avg": 22.67,
            "equity": 1034153,
            "current_ratio": 127.8,
            "debt_ratio": 54.76,
            "inventory_turnover_ratio": 1.44,
            "account_receivable_turnover_ratio": 0.9,
            "reinvestment_rate": 250.37,
            "research_to_sale_ratio": 2.02,
            "price_fair": 33.6,
            "eps_avg_yearly": 0.96,
            "eps_latest_yearly": 1.2,
            "eps_growth_yearly": 182.25
        },
        "20144": {
            "year_quarter": 20144,
            "year": 2014,
            "quarter": 4,
            "eps": 0.34,
            "eps_growth_year": -19.29,
            "eps_4q": 1.24,
            "eps_4q_growth_year": 56.1,
            "roe": 1.45,
            "roe_4q": 5.44,
            "gross_profit": 75788,
            "gross_margin": 16.4,
            "gross_margin_4q_avg": 16.14,
            "net_income": 15308,
            "net_income_4q": null,
            "revenue": 462086,
            "revenue_4q": null,
            "common_shares": 466433,
            "book_valuer_per_share": 23.76,
            "book_valuer_per_share_4q_avg": 22.94,
            "equity": 1074758,
            "current_ratio": 119.91,
            "debt_ratio": 55.14,
            "inventory_turnover_ratio": 1.39,
            "account_receivable_turnover_ratio": 0.88,
            "reinvestment_rate": -362,
            "research_to_sale_ratio": 2.55,
            "price_fair": 35.35,
            "eps_avg_yearly": 1.01,
            "eps_latest_yearly": 1.36,
            "eps_growth_yearly": 166.13
        },
        "20151": {
            "year_quarter": 20151,
            "year": 2015,
            "quarter": 1,
            "eps": 0.06,
            "eps_growth_year": -86.67,
            "eps_4q": 0.85,
            "eps_4q_growth_year": -19.88,
            "roe": 0.25,
            "roe_4q": 3.74,
            "gross_profit": 68158,
            "gross_margin": 16.13,
            "gross_margin_4q_avg": 15.77,
            "net_income": 2699,
            "net_income_4q": null,
            "revenue": 422502,
            "revenue_4q": null,
            "common_shares": 466433,
            "book_valuer_per_share": 23.91,
            "book_valuer_per_share_4q_avg": 23.13,
            "equity": 1087044,
            "current_ratio": 156.85,
            "debt_ratio": 55.16,
            "inventory_turnover_ratio": 1.11,
            "account_receivable_turnover_ratio": 0.82,
            "reinvestment_rate": 195.66,
            "research_to_sale_ratio": 2.52,
            "price_fair": 32.36,
            "eps_avg_yearly": 0.92,
            "eps_latest_yearly": 0.24,
            "eps_growth_yearly": 111.07
        },
        "20152": {
            "year_quarter": 20152,
            "year": 2015,
            "quarter": 2,
            "eps": -0.36,
            "eps_growth_year": -340,
            "eps_4q": 0.34,
            "eps_4q_growth_year": -69.79,
            "roe": -1.55,
            "roe_4q": 1.49,
            "gross_profit": 50239,
            "gross_margin": 12.43,
            "gross_margin_4q_avg": 14.69,
            "net_income": -16253,
            "net_income_4q": null,
            "revenue": 404087,
            "revenue_4q": null,
            "common_shares": 466433,
            "book_valuer_per_share": 22.28,
            "book_valuer_per_share_4q_avg": 23.2,
            "equity": 1012727,
            "current_ratio": 133.74,
            "debt_ratio": 59.32,
            "inventory_turnover_ratio": 1.04,
            "account_receivable_turnover_ratio": 0.82,
            "reinvestment_rate": -345.62,
            "research_to_sale_ratio": 3.19,
            "price_fair": 32.36,
            "eps_avg_yearly": 0.92,
            "eps_latest_yearly": 0.24,
            "eps_growth_yearly": 111.07
        },
        "20153": {
            "year_quarter": 20153,
            "year": 2015,
            "quarter": 3,
            "eps": -0.34,
            "eps_growth_year": -213.33,
            "eps_4q": -0.31,
            "eps_4q_growth_year": -123.28,
            "roe": -1.5,
            "roe_4q": -1.3499999999999999,
            "gross_profit": 39672,
            "gross_margin": 10.56,
            "gross_margin_4q_avg": 13.88,
            "net_income": -14879,
            "net_income_4q": null,
            "revenue": 375809,
            "revenue_4q": null,
            "common_shares": 451063,
            "book_valuer_per_share": 22.83,
            "book_valuer_per_share_4q_avg": 23.2,
            "equity": 977729,
            "current_ratio": 130.51,
            "debt_ratio": 62.88,
            "inventory_turnover_ratio": 1.03,
            "account_receivable_turnover_ratio": 0.71,
            "reinvestment_rate": -621.55,
            "research_to_sale_ratio": 3.08,
            "price_fair": 32.36,
            "eps_avg_yearly": 0.92,
            "eps_latest_yearly": 0.24,
            "eps_growth_yearly": 111.07
        },
        "20154": {
            "year_quarter": 20154,
            "year": 2015,
            "quarter": 4,
            "eps": 0.37,
            "eps_growth_year": 8.63,
            "eps_4q": -0.27,
            "eps_4q_growth_year": -122.11,
            "roe": 1.65,
            "roe_4q": -1.1500000000000001,
            "gross_profit": 96381,
            "gross_margin": 19.37,
            "gross_margin_4q_avg": 14.62,
            "net_income": 16296,
            "net_income_4q": null,
            "revenue": 497484,
            "revenue_4q": null,
            "common_shares": 451063,
            "book_valuer_per_share": 22.41,
            "book_valuer_per_share_4q_avg": 22.86,
            "equity": 993557,
            "current_ratio": 132.8,
            "debt_ratio": 61.98,
            "inventory_turnover_ratio": 1.33,
            "account_receivable_turnover_ratio": 0.86,
            "reinvestment_rate": -370.8,
            "research_to_sale_ratio": 2.44,
            "price_fair": 32.36,
            "eps_avg_yearly": 0.92,
            "eps_latest_yearly": 0.24,
            "eps_growth_yearly": 111.07
        },
        "20161": {
            "year_quarter": 20161,
            "year": 2016,
            "quarter": 1,
            "eps": 0,
            "eps_growth_year": -100,
            "eps_4q": -0.31,
            "eps_4q_growth_year": -136.77,
            "roe": -0.01,
            "roe_4q": -1.4100000000000001,
            "gross_profit": 60479,
            "gross_margin": 13.64,
            "gross_margin_4q_avg": 14,
            "net_income": -91,
            "net_income_4q": null,
            "revenue": 443538,
            "revenue_4q": null,
            "common_shares": 477683,
            "book_valuer_per_share": 22.57,
            "book_valuer_per_share_4q_avg": 22.52,
            "equity": 1078220,
            "current_ratio": 112.21,
            "debt_ratio": 59.3,
            "inventory_turnover_ratio": 1.3,
            "account_receivable_turnover_ratio": 0.75,
            "reinvestment_rate": -368.29,
            "research_to_sale_ratio": 2.51,
            "price_fair": 32.36,
            "eps_avg_yearly": 0.92,
            "eps_latest_yearly": 0.24,
            "eps_growth_yearly": 111.07
        },
        "20162": {
            "year_quarter": 20162,
            "year": 2016,
            "quarter": 2,
            "eps": -0.64,
            "eps_growth_year": null,
            "eps_4q": -0.55,
            "eps_4q_growth_year": -261.81,
            "roe": -2.84,
            "roe_4q": -2.6999999999999997,
            "gross_profit": 35145,
            "gross_margin": 8.57,
            "gross_margin_4q_avg": 13.04,
            "net_income": -29837,
            "net_income_4q": null,
            "revenue": 410021,
            "revenue_4q": null,
            "common_shares": 477683,
            "book_valuer_per_share": 21.38,
            "book_valuer_per_share_4q_avg": 22.3,
            "equity": 1021121,
            "current_ratio": 113.45,
            "debt_ratio": 61.06,
            "inventory_turnover_ratio": 1.18,
            "account_receivable_turnover_ratio": 0.74,
            "reinvestment_rate": -673.19,
            "research_to_sale_ratio": 3.08,
            "price_fair": 32.36,
            "eps_avg_yearly": 0.92,
            "eps_latest_yearly": 0.24,
            "eps_growth_yearly": 111.07
        },
        "20163": {
            "year_quarter": 20163,
            "year": 2016,
            "quarter": 3,
            "eps": -0.44,
            "eps_growth_year": null,
            "eps_4q": -0.69,
            "eps_4q_growth_year": null,
            "roe": -2.34,
            "roe_4q": -3.5399999999999996,
            "gross_profit": 64786,
            "gross_margin": 12.47,
            "gross_margin_4q_avg": 13.51,
            "net_income": -23901,
            "net_income_4q": null,
            "revenue": 519484,
            "revenue_4q": null,
            "common_shares": 545694,
            "book_valuer_per_share": 18.76,
            "book_valuer_per_share_4q_avg": 21.28,
            "equity": 1023897,
            "current_ratio": 117.02,
            "debt_ratio": 60.79,
            "inventory_turnover_ratio": 1.58,
            "account_receivable_turnover_ratio": 0.93,
            "reinvestment_rate": -1126.62,
            "research_to_sale_ratio": 2.4,
            "price_fair": 32.36,
            "eps_avg_yearly": 0.92,
            "eps_latest_yearly": 0.24,
            "eps_growth_yearly": 111.07
        },
        "20164": {
            "year_quarter": 20164,
            "year": 2016,
            "quarter": 4,
            "eps": 0.24,
            "eps_growth_year": -33.89,
            "eps_4q": -0.53,
            "eps_4q_growth_year": null,
            "roe": 1.44,
            "roe_4q": -3.7499999999999996,
            "gross_profit": 130765,
            "gross_margin": 23.35,
            "gross_margin_4q_avg": 14.51,
            "net_income": 16906,
            "net_income_4q": null,
            "revenue": 560139,
            "revenue_4q": null,
            "common_shares": 695694,
            "book_valuer_per_share": 18.94,
            "book_valuer_per_share_4q_avg": 20.41,
            "equity": 1317718,
            "current_ratio": 140.47,
            "debt_ratio": 52.16,
            "inventory_turnover_ratio": 1.72,
            "account_receivable_turnover_ratio": 0.85,
            "reinvestment_rate": -985.5,
            "research_to_sale_ratio": 3.44,
            "price_fair": 32.36,
            "eps_avg_yearly": 0.92,
            "eps_latest_yearly": 0.24,
            "eps_growth_yearly": 111.07
        },
        "20171": {
            "year_quarter": 20171,
            "year": 2017,
            "quarter": 1,
            "eps": 0.09,
            "eps_growth_year": null,
            "eps_4q": -0.44,
            "eps_4q_growth_year": null,
            "roe": 0.46,
            "roe_4q": -3.28,
            "gross_profit": 122091,
            "gross_margin": 22.48,
            "gross_margin_4q_avg": 16.72,
            "net_income": 5979,
            "net_income_4q": null,
            "revenue": 543221,
            "revenue_4q": null,
            "common_shares": 695694,
            "book_valuer_per_share": 18.6,
            "book_valuer_per_share_4q_avg": 19.42,
            "equity": 1293883,
            "current_ratio": 127.75,
            "debt_ratio": 51.77,
            "inventory_turnover_ratio": 1.6,
            "account_receivable_turnover_ratio": 0.72,
            "reinvestment_rate": 712.37,
            "research_to_sale_ratio": 2.06,
            "price_fair": 31.11,
            "eps_avg_yearly": 0.89,
            "eps_latest_yearly": 0.36,
            "eps_growth_yearly": 99.75
        },
        "20172": {
            "year_quarter": 20172,
            "year": 2017,
            "quarter": 2,
            "eps": -0.06,
            "eps_growth_year": null,
            "eps_4q": -0.07,
            "eps_4q_growth_year": null,
            "roe": -0.32,
            "roe_4q": -0.7599999999999998,
            "gross_profit": 89699,
            "gross_margin": 19.76,
            "gross_margin_4q_avg": 19.52,
            "net_income": -4114,
            "net_income_4q": null,
            "revenue": 454056,
            "revenue_4q": null,
            "common_shares": 701601,
            "book_valuer_per_share": 18.73,
            "book_valuer_per_share_4q_avg": 18.76,
            "equity": 1314074,
            "current_ratio": 119.27,
            "debt_ratio": 52.96,
            "inventory_turnover_ratio": 1.17,
            "account_receivable_turnover_ratio": 0.6,
            "reinvestment_rate": 927.53,
            "research_to_sale_ratio": 3.35,
            "price_fair": 33.25,
            "eps_avg_yearly": 0.95,
            "eps_latest_yearly": 0.36,
            "eps_growth_yearly": 132.81
        },
        "20173": {
            "year_quarter": 20173,
            "year": 2017,
            "quarter": 3,
            "eps": 0.22,
            "eps_growth_year": null,
            "eps_4q": 0.47,
            "eps_4q_growth_year": null,
            "roe": 1.15,
            "roe_4q": 2.7299999999999995,
            "gross_profit": 110967,
            "gross_margin": 18.76,
            "gross_margin_4q_avg": 21.09,
            "net_income": 15714,
            "net_income_4q": null,
            "revenue": 591445,
            "revenue_4q": null,
            "common_shares": 701601,
            "book_valuer_per_share": 20.12,
            "book_valuer_per_share_4q_avg": 19.1,
            "equity": 1411695,
            "current_ratio": 123.44,
            "debt_ratio": 49.42,
            "inventory_turnover_ratio": 1.41,
            "account_receivable_turnover_ratio": 0.83,
            "reinvestment_rate": 682.22,
            "research_to_sale_ratio": 2.16,
            "price_fair": 36.2,
            "eps_avg_yearly": 1.03,
            "eps_latest_yearly": 0.36,
            "eps_growth_yearly": 157.5
        },
        "20174": {
            "year_quarter": 20174,
            "year": 2017,
            "quarter": 4,
            "eps": 0.17,
            "eps_growth_year": -31.48,
            "eps_4q": 0.4,
            "eps_4q_growth_year": null,
            "roe": 0.87,
            "roe_4q": 2.16,
            "gross_profit": 133364,
            "gross_margin": 21,
            "gross_margin_4q_avg": 20.5,
            "net_income": 12610,
            "net_income_4q": null,
            "revenue": 635096,
            "revenue_4q": null,
            "common_shares": 730057,
            "book_valuer_per_share": 20.5,
            "book_valuer_per_share_4q_avg": 19.49,
            "equity": 1496855,
            "current_ratio": 139.69,
            "debt_ratio": 49.65,
            "inventory_turnover_ratio": 1.37,
            "account_receivable_turnover_ratio": 0.87,
            "reinvestment_rate": 825.54,
            "research_to_sale_ratio": 2.44,
            "price_fair": 2.67,
            "eps_avg_yearly": 0.89,
            "eps_latest_yearly": 0.68,
            "eps_growth_yearly": -65.01
        },
        "20181": {
            "year_quarter": 20181,
            "year": 2018,
            "quarter": 1,
            "eps": 0.2,
            "eps_growth_year": 122.22,
            "eps_4q": 0.52,
            "eps_4q_growth_year": null,
            "roe": 1,
            "roe_4q": 2.7,
            "gross_profit": 99280,
            "gross_margin": 16.47,
            "gross_margin_4q_avg": 19,
            "net_income": 15154,
            "net_income_4q": null,
            "revenue": 602633,
            "revenue_4q": null,
            "common_shares": 757315,
            "book_valuer_per_share": 20.2,
            "book_valuer_per_share_4q_avg": 19.89,
            "equity": 1530141,
            "current_ratio": 138.06,
            "debt_ratio": 48.55,
            "inventory_turnover_ratio": 1.15,
            "account_receivable_turnover_ratio": 0.85,
            "reinvestment_rate": 873.53,
            "research_to_sale_ratio": 2.12,
            "price_fair": 2.25,
            "eps_avg_yearly": 0.75,
            "eps_latest_yearly": 0.8,
            "eps_growth_yearly": -59.01
        },
        "20182": {
            "year_quarter": 20182,
            "year": 2018,
            "quarter": 2,
            "eps": 0.56,
            "eps_growth_year": null,
            "eps_4q": 1.16,
            "eps_4q_growth_year": null,
            "roe": 2.85,
            "roe_4q": 5.869999999999999,
            "gross_profit": 122046,
            "gross_margin": 18.75,
            "gross_margin_4q_avg": 18.75,
            "net_income": 42114,
            "net_income_4q": null,
            "revenue": 650997,
            "revenue_4q": null,
            "common_shares": 757315,
            "book_valuer_per_share": 19.63,
            "book_valuer_per_share_4q_avg": 20.11,
            "equity": 1427899,
            "current_ratio": 125.7,
            "debt_ratio": 54.89,
            "inventory_turnover_ratio": 1.08,
            "account_receivable_turnover_ratio": 0.92,
            "reinvestment_rate": 513.62,
            "research_to_sale_ratio": 1.86,
            "price_fair": 34.4,
            "eps_avg_yearly": 0.98,
            "eps_latest_yearly": 2.24,
            "eps_growth_yearly": 81.94
        },
        "20183": {
            "year_quarter": 20183,
            "year": 2018,
            "quarter": 3,
            "eps": 0.58,
            "eps_growth_year": 163.64,
            "eps_4q": 1.49,
            "eps_4q_growth_year": 214.73,
            "roe": 2.94,
            "roe_4q": 7.66,
            "gross_profit": 137162,
            "gross_margin": 20.96,
            "gross_margin_4q_avg": 19.3,
            "net_income": 43475,
            "net_income_4q": null,
            "revenue": 654259,
            "revenue_4q": null,
            "common_shares": 764888,
            "book_valuer_per_share": 20.13,
            "book_valuer_per_share_4q_avg": 20.12,
            "equity": 1534652,
            "current_ratio": 133.65,
            "debt_ratio": 54.04,
            "inventory_turnover_ratio": 1,
            "account_receivable_turnover_ratio": 0.9,
            "reinvestment_rate": 243.6,
            "research_to_sale_ratio": 1.52,
            "price_fair": 40,
            "eps_avg_yearly": 1.14,
            "eps_latest_yearly": 2.32,
            "eps_growth_yearly": 26.84
        },
        "20184": {
            "year_quarter": 20184,
            "year": 2018,
            "quarter": 4,
            "eps": 0.02,
            "eps_growth_year": -89.62,
            "eps_4q": 1.39,
            "eps_4q_growth_year": 249.36,
            "roe": 0.09,
            "roe_4q": 6.88,
            "gross_profit": 98914,
            "gross_margin": 18.13,
            "gross_margin_4q_avg": 18.58,
            "net_income": 1266,
            "net_income_4q": null,
            "revenue": 545475,
            "revenue_4q": null,
            "common_shares": 764888,
            "book_valuer_per_share": 19.6,
            "book_valuer_per_share_4q_avg": 19.89,
            "equity": 1435669,
            "current_ratio": 124.16,
            "debt_ratio": 53.71,
            "inventory_turnover_ratio": 0.81,
            "account_receivable_turnover_ratio": 0.78,
            "reinvestment_rate": 240.04,
            "research_to_sale_ratio": 1.79,
            "price_fair": 2.88,
            "eps_avg_yearly": 0.96,
            "eps_latest_yearly": 0.08,
            "eps_growth_yearly": -35.95
        },
        "20191": {
            "year_quarter": 20191,
            "year": 2019,
            "quarter": 1,
            "eps": -0.46,
            "eps_growth_year": -330,
            "eps_4q": 0.72,
            "eps_4q_growth_year": 38.7,
            "roe": -2.38,
            "roe_4q": 3.5,
            "gross_profit": 34485,
            "gross_margin": 8.01,
            "gross_margin_4q_avg": 16.46,
            "net_income": -34048,
            "net_income_4q": null,
            "revenue": 430685,
            "revenue_4q": null,
            "common_shares": 764888,
            "book_valuer_per_share": 19.54,
            "book_valuer_per_share_4q_avg": 19.73,
            "equity": 1431377,
            "current_ratio": 122.13,
            "debt_ratio": 53.76,
            "inventory_turnover_ratio": 0.71,
            "account_receivable_turnover_ratio": 0.68,
            "reinvestment_rate": 165.04,
            "research_to_sale_ratio": 2.33,
            "price_fair": 24.8,
            "eps_avg_yearly": 1.08,
            "eps_latest_yearly": 0.08,
            "eps_growth_yearly": 12.96
        },
        "20192": {
            "year_quarter": 20192,
            "year": 2019,
            "quarter": 2,
            "eps": 0.45,
            "eps_growth_year": -19.64,
            "eps_4q": 0.57,
            "eps_4q_growth_year": -50.68,
            "roe": 2.36,
            "roe_4q": 3.01,
            "gross_profit": 84954,
            "gross_margin": 15.8,
            "gross_margin_4q_avg": 15.73,
            "net_income": 33487,
            "net_income_4q": null,
            "revenue": 537583,
            "revenue_4q": null,
            "common_shares": 764888,
            "book_valuer_per_share": 19.28,
            "book_valuer_per_share_4q_avg": 19.64,
            "equity": 1412212,
            "current_ratio": 116.79,
            "debt_ratio": 54.16,
            "inventory_turnover_ratio": 0.87,
            "account_receivable_turnover_ratio": 0.9,
            "reinvestment_rate": 47.33,
            "research_to_sale_ratio": 2.08,
            "price_fair": 24.8,
            "eps_avg_yearly": 1.08,
            "eps_latest_yearly": 0.08,
            "eps_growth_yearly": 12.96
        },
        "20193": {
            "year_quarter": 20193,
            "year": 2019,
            "quarter": 3,
            "eps": 0.02,
            "eps_growth_year": -96.55,
            "eps_4q": 0.03,
            "eps_4q_growth_year": -98.12,
            "roe": 0.1,
            "roe_4q": 0.17000000000000007,
            "gross_profit": 67861,
            "gross_margin": 13.57,
            "gross_margin_4q_avg": 13.88,
            "net_income": 1444,
            "net_income_4q": null,
            "revenue": 500139,
            "revenue_4q": null,
            "common_shares": 801512,
            "book_valuer_per_share": 17.77,
            "book_valuer_per_share_4q_avg": 19.05,
            "equity": 1366812,
            "current_ratio": 114.49,
            "debt_ratio": 56.6,
            "inventory_turnover_ratio": 0.88,
            "account_receivable_turnover_ratio": 0.85,
            "reinvestment_rate": 117.58,
            "research_to_sale_ratio": 2.38,
            "price_fair": 2.81,
            "eps_avg_yearly": 0.94,
            "eps_latest_yearly": 0.08,
            "eps_growth_yearly": -43.49
        },
        "20194": {
            "year_quarter": 20194,
            "year": 2019,
            "quarter": 4,
            "eps": 0.25,
            "eps_growth_year": 1342.72,
            "eps_4q": 0.26,
            "eps_4q_growth_year": -81.27,
            "roe": 1.4,
            "roe_4q": 1.48,
            "gross_profit": 122917,
            "gross_margin": 19.69,
            "gross_margin_4q_avg": 14.27,
            "net_income": 19178,
            "net_income_4q": null,
            "revenue": 624373,
            "revenue_4q": null,
            "common_shares": 801512,
            "book_valuer_per_share": 17.84,
            "book_valuer_per_share_4q_avg": 18.61,
            "equity": 1372271,
            "current_ratio": 115.29,
            "debt_ratio": 62.41,
            "inventory_turnover_ratio": 1.05,
            "account_receivable_turnover_ratio": 1.05,
            "reinvestment_rate": 632.47,
            "research_to_sale_ratio": 2.13,
            "price_fair": 33.08,
            "eps_avg_yearly": 0.95,
            "eps_latest_yearly": 1,
            "eps_growth_yearly": 536.94
        },
        "20201": {
            "year_quarter": 20201,
            "year": 2020,
            "quarter": 1,
            "eps": 0.17,
            "eps_growth_year": null,
            "eps_4q": 0.87,
            "eps_4q_growth_year": 20.65,
            "roe": 0.94,
            "roe_4q": 4.8,
            "gross_profit": 82941,
            "gross_margin": 19.8,
            "gross_margin_4q_avg": 17.22,
            "net_income": 12971,
            "net_income_4q": null,
            "revenue": 418813,
            "revenue_4q": null,
            "common_shares": 801512,
            "book_valuer_per_share": 17.86,
            "book_valuer_per_share_4q_avg": 18.19,
            "equity": 1377112,
            "current_ratio": 114.27,
            "debt_ratio": 61.98,
            "inventory_turnover_ratio": 0.69,
            "account_receivable_turnover_ratio": 0.73,
            "reinvestment_rate": 582.04,
            "research_to_sale_ratio": 2.11,
            "price_fair": 32.04,
            "eps_avg_yearly": 0.92,
            "eps_latest_yearly": 0.68,
            "eps_growth_yearly": 463.06
        },
        "20202": {
            "year_quarter": 20202,
            "year": 2020,
            "quarter": 2,
            "eps": 0.57,
            "eps_growth_year": 26.67,
            "eps_4q": 0.97,
            "eps_4q_growth_year": 68.55,
            "roe": 3.19,
            "roe_4q": 5.629999999999999,
            "gross_profit": 125467,
            "gross_margin": 22.4,
            "gross_margin_4q_avg": 18.87,
            "net_income": 43869,
            "net_income_4q": null,
            "revenue": 560102,
            "revenue_4q": null,
            "common_shares": 801512,
            "book_valuer_per_share": 17.99,
            "book_valuer_per_share_4q_avg": 17.87,
            "equity": 1371842,
            "current_ratio": 126.83,
            "debt_ratio": 61.32,
            "inventory_turnover_ratio": 0.88,
            "account_receivable_turnover_ratio": 1.05,
            "reinvestment_rate": 381.62,
            "research_to_sale_ratio": 2.32,
            "price_fair": 36.82,
            "eps_avg_yearly": 1.05,
            "eps_latest_yearly": 2.28,
            "eps_growth_yearly": 510.87
        },
        "20203": {
            "year_quarter": 20203,
            "year": 2020,
            "quarter": 3,
            "eps": 0.48,
            "eps_growth_year": 2300,
            "eps_4q": 1.43,
            "eps_4q_growth_year": 5017.74,
            "roe": 2.74,
            "roe_4q": 8.27,
            "gross_profit": 145723,
            "gross_margin": 23.23,
            "gross_margin_4q_avg": 21.28,
            "net_income": 38731,
            "net_income_4q": null,
            "revenue": 627223,
            "revenue_4q": null,
            "common_shares": 838841,
            "book_valuer_per_share": 18.12,
            "book_valuer_per_share_4q_avg": 17.95,
            "equity": 1453912,
            "current_ratio": 148.7,
            "debt_ratio": 61.64,
            "inventory_turnover_ratio": 0.97,
            "account_receivable_turnover_ratio": 1.05,
            "reinvestment_rate": 351.2,
            "research_to_sale_ratio": 2.45,
            "price_fair": 39.58,
            "eps_avg_yearly": 1.13,
            "eps_latest_yearly": 1.92,
            "eps_growth_yearly": 458.69
        },
        "20204": {
            "year_quarter": 20204,
            "year": 2020,
            "quarter": 4,
            "eps": 0.52,
            "eps_growth_year": 106.64,
            "eps_4q": 1.69,
            "eps_4q_growth_year": 546.4,
            "roe": 2.78,
            "roe_4q": 9.649999999999999,
            "gross_profit": 140904,
            "gross_margin": 20.44,
            "gross_margin_4q_avg": 21.47,
            "net_income": 42061,
            "net_income_4q": null,
            "revenue": 689437,
            "revenue_4q": null,
            "common_shares": 838841,
            "book_valuer_per_share": 19.21,
            "book_valuer_per_share_4q_avg": 18.3,
            "equity": 1567931,
            "current_ratio": 163.27,
            "debt_ratio": 61.64,
            "inventory_turnover_ratio": 1.09,
            "account_receivable_turnover_ratio": 1.02,
            "reinvestment_rate": 339.16,
            "research_to_sale_ratio": 2.75,
            "price_fair": 42.35,
            "eps_avg_yearly": 1.21,
            "eps_latest_yearly": 2.08,
            "eps_growth_yearly": 423.24
        },
        "20211": {
            "year_quarter": 20211,
            "year": 2021,
            "quarter": 1,
            "eps": 0.48,
            "eps_growth_year": 182.35,
            "eps_4q": 2,
            "eps_4q_growth_year": 130.17,
            "roe": 2.52,
            "roe_4q": 11.229999999999999,
            "gross_profit": 127414,
            "gross_margin": 20.34,
            "gross_margin_4q_avg": 21.6,
            "net_income": 39315,
            "net_income_4q": null,
            "revenue": 626461,
            "revenue_4q": null,
            "common_shares": 841572,
            "book_valuer_per_share": 19.02,
            "book_valuer_per_share_4q_avg": 18.59,
            "equity": 1557651,
            "current_ratio": 160.14,
            "debt_ratio": 63.06,
            "inventory_turnover_ratio": 0.95,
            "account_receivable_turnover_ratio": 0.91,
            "reinvestment_rate": 326.51,
            "research_to_sale_ratio": 2.83,
            "price_fair": 46.9,
            "eps_avg_yearly": 1.34,
            "eps_latest_yearly": 1.92,
            "eps_growth_yearly": 441.51
        },
        "20212": {
            "year_quarter": 20212,
            "year": 2021,
            "quarter": 2,
            "eps": 0.36,
            "eps_growth_year": -36.84,
            "eps_4q": 1.85,
            "eps_4q_growth_year": 91.33,
            "roe": 1.92,
            "roe_4q": 9.959999999999999,
            "gross_profit": 132795,
            "gross_margin": 20.26,
            "gross_margin_4q_avg": 21.07,
            "net_income": 29693,
            "net_income_4q": null,
            "revenue": 655402,
            "revenue_4q": null,
            "common_shares": 841806,
            "book_valuer_per_share": 18.94,
            "book_valuer_per_share_4q_avg": 18.82,
            "equity": 1531828,
            "current_ratio": 158.12,
            "debt_ratio": 63.64,
            "inventory_turnover_ratio": 0.93,
            "account_receivable_turnover_ratio": 1.01,
            "reinvestment_rate": 310.05,
            "research_to_sale_ratio": 3.32,
            "price_fair": 47.17,
            "eps_avg_yearly": 1.35,
            "eps_latest_yearly": 1.44,
            "eps_growth_yearly": 399.86
        },
        "20213": {
            "year_quarter": 20213,
            "year": 2021,
            "quarter": 3,
            "eps": 0.34,
            "eps_growth_year": -29.17,
            "eps_4q": 1.66,
            "eps_4q_growth_year": 16.1,
            "roe": 1.76,
            "roe_4q": 8.979999999999999,
            "gross_profit": 134846,
            "gross_margin": 20.27,
            "gross_margin_4q_avg": 20.33,
            "net_income": 27506,
            "net_income_4q": null,
            "revenue": 665201,
            "revenue_4q": null,
            "common_shares": 842039,
            "book_valuer_per_share": 19.52,
            "book_valuer_per_share_4q_avg": 19.17,
            "equity": 1597740,
            "current_ratio": 161.29,
            "debt_ratio": 62.94,
            "inventory_turnover_ratio": 0.89,
            "account_receivable_turnover_ratio": 0.95,
            "reinvestment_rate": 298.6,
            "research_to_sale_ratio": 3.44,
            "price_fair": 47.2,
            "eps_avg_yearly": 1.35,
            "eps_latest_yearly": 1.36,
            "eps_growth_yearly": 369.71
        },
        "20214": {
            "year_quarter": 20214,
            "year": 2021,
            "quarter": 4,
            "eps": 0.13,
            "eps_growth_year": -74.08,
            "eps_4q": 1.29,
            "eps_4q_growth_year": -23.5,
            "roe": 0.69,
            "roe_4q": 6.890000000000001,
            "gross_profit": 116561,
            "gross_margin": 16.83,
            "gross_margin_4q_avg": 19.43,
            "net_income": 11148,
            "net_income_4q": null,
            "revenue": 692594,
            "revenue_4q": null,
            "common_shares": 858419,
            "book_valuer_per_share": 19.43,
            "book_valuer_per_share_4q_avg": 19.23,
            "equity": 1621504,
            "current_ratio": 157.54,
            "debt_ratio": 63.24,
            "inventory_turnover_ratio": 0.91,
            "account_receivable_turnover_ratio": 0.93,
            "reinvestment_rate": 302.86,
            "research_to_sale_ratio": 3.72,
            "price_fair": 46.8,
            "eps_avg_yearly": 1.34,
            "eps_latest_yearly": 0.52,
            "eps_growth_yearly": 358.55
        },
        "20221": {
            "year_quarter": 20221,
            "year": 2022,
            "quarter": 1,
            "eps": 0.32,
            "eps_growth_year": -33.33,
            "eps_4q": 1.15,
            "eps_4q_growth_year": -42.65,
            "roe": 1.63,
            "roe_4q": 6,
            "gross_profit": 118584,
            "gross_margin": 16.38,
            "gross_margin_4q_avg": 18.44,
            "net_income": 26351,
            "net_income_4q": null,
            "revenue": 724048,
            "revenue_4q": null,
            "common_shares": 858419,
            "book_valuer_per_share": 19.48,
            "book_valuer_per_share_4q_avg": 19.34,
            "equity": 1606732,
            "current_ratio": 149.51,
            "debt_ratio": 63.67,
            "inventory_turnover_ratio": 0.92,
            "account_receivable_turnover_ratio": 0.97,
            "reinvestment_rate": 301.63,
            "research_to_sale_ratio": 3.32,
            "price_fair": 48,
            "eps_avg_yearly": 1.37,
            "eps_latest_yearly": 1.28,
            "eps_growth_yearly": 395.27
        },
        "20222": {
            "year_quarter": 20222,
            "year": 2022,
            "quarter": 2,
            "eps": 0.42,
            "eps_growth_year": 16.67,
            "eps_4q": 1.23,
            "eps_4q_growth_year": -33.83,
            "roe": 2.19,
            "roe_4q": 6.27,
            "gross_profit": 108048,
            "gross_margin": 17.39,
            "gross_margin_4q_avg": 17.72,
            "net_income": 34987,
            "net_income_4q": null,
            "revenue": 621493,
            "revenue_4q": null,
            "common_shares": 858419,
            "book_valuer_per_share": 19.44,
            "book_valuer_per_share_4q_avg": 19.47,
            "equity": 1585386,
            "current_ratio": 145.06,
            "debt_ratio": 64.28,
            "inventory_turnover_ratio": 0.73,
            "account_receivable_turnover_ratio": 0.8,
            "reinvestment_rate": 283.04,
            "research_to_sale_ratio": 3.92,
            "price_fair": 46.6,
            "eps_avg_yearly": 1.33,
            "eps_latest_yearly": 1.68,
            "eps_growth_yearly": 352.77
        },
        "20223": {
            "year_quarter": 20223,
            "year": 2022,
            "quarter": 3,
            "eps": -0.03,
            "eps_growth_year": -108.82,
            "eps_4q": 0.86,
            "eps_4q_growth_year": -48.15,
            "roe": -0.15,
            "roe_4q": 4.359999999999999,
            "gross_profit": 52057,
            "gross_margin": 8.58,
            "gross_margin_4q_avg": 14.8,
            "net_income": -2417,
            "net_income_4q": null,
            "revenue": 606657,
            "revenue_4q": null,
            "common_shares": 858716,
            "book_valuer_per_share": 19.52,
            "book_valuer_per_share_4q_avg": 19.47,
            "equity": 1588663,
            "current_ratio": 115.26,
            "debt_ratio": 64.18,
            "inventory_turnover_ratio": 0.73,
            "account_receivable_turnover_ratio": 0.81,
            "reinvestment_rate": 340.29,
            "research_to_sale_ratio": 3.93,
            "price_fair": 43.94,
            "eps_avg_yearly": 1.26,
            "eps_latest_yearly": 1.68,
            "eps_growth_yearly": 378.81
        },
        "20224": {
            "year_quarter": 20224,
            "year": 2022,
            "quarter": 4,
            "eps": -0.19,
            "eps_growth_year": -245.74,
            "eps_4q": 0.53,
            "eps_4q_growth_year": -58.77,
            "roe": -1.01,
            "roe_4q": 2.66,
            "gross_profit": 49950,
            "gross_margin": 8.5,
            "gross_margin_4q_avg": 12.71,
            "net_income": -15787,
            "net_income_4q": null,
            "revenue": 587483,
            "revenue_4q": null,
            "common_shares": 858988,
            "book_valuer_per_share": 19.01,
            "book_valuer_per_share_4q_avg": 19.36,
            "equity": 1542155,
            "current_ratio": 110.64,
            "debt_ratio": 63.91,
            "inventory_turnover_ratio": 0.72,
            "account_receivable_turnover_ratio": 0.8,
            "reinvestment_rate": 353.09,
            "research_to_sale_ratio": 3.75,
            "price_fair": 47.37,
            "eps_avg_yearly": 1.35,
            "eps_latest_yearly": 1.68,
            "eps_growth_yearly": 442.56
        },
        "20231": {
            "year_quarter": 20231,
            "year": 2023,
            "quarter": 1,
            "eps": -0.7,
            "eps_growth_year": -318.75,
            "eps_4q": -0.49,
            "eps_4q_growth_year": -142.58,
            "roe": -3.74,
            "roe_4q": -2.7100000000000004,
            "gross_profit": 8469,
            "gross_margin": 1.76,
            "gross_margin_4q_avg": 9.06,
            "net_income": -56305,
            "net_income_4q": null,
            "revenue": 480902,
            "revenue_4q": null,
            "common_shares": 858988,
            "book_valuer_per_share": 18.16,
            "book_valuer_per_share_4q_avg": 19.03,
            "equity": 1468217,
            "current_ratio": 106.43,
            "debt_ratio": 64.5,
            "inventory_turnover_ratio": 0.68,
            "account_receivable_turnover_ratio": 0.69,
            "reinvestment_rate": 375.82,
            "research_to_sale_ratio": 3.82,
            "price_fair": 47.37,
            "eps_avg_yearly": 1.35,
            "eps_latest_yearly": 1.68,
            "eps_growth_yearly": 442.56
        },
        "20232": {
            "year_quarter": 20232,
            "year": 2023,
            "quarter": 2,
            "eps": -0.1,
            "eps_growth_year": -123.81,
            "eps_4q": -1.02,
            "eps_4q_growth_year": -183.32,
            "roe": -0.59,
            "roe_4q": -5.49,
            "gross_profit": 57254,
            "gross_margin": 10.5,
            "gross_margin_4q_avg": 7.34,
            "net_income": -8478,
            "net_income_4q": null,
            "revenue": 545294,
            "revenue_4q": null,
            "common_shares": 858988,
            "book_valuer_per_share": 17.46,
            "book_valuer_per_share_4q_avg": 18.54,
            "equity": 1411377,
            "current_ratio": 109.2,
            "debt_ratio": 66.14,
            "inventory_turnover_ratio": 0.77,
            "account_receivable_turnover_ratio": 0.82,
            "reinvestment_rate": 413.95,
            "research_to_sale_ratio": 4.11,
            "price_fair": 47.37,
            "eps_avg_yearly": 1.35,
            "eps_latest_yearly": 1.68,
            "eps_growth_yearly": 442.56
        },
        "20233": {
            "year_quarter": 20233,
            "year": 2023,
            "quarter": 3,
            "eps": -0.13,
            "eps_growth_year": null,
            "eps_4q": -1.12,
            "eps_4q_growth_year": -230.05,
            "roe": -0.72,
            "roe_4q": -6.0600000000000005,
            "gross_profit": 73729,
            "gross_margin": 12.55,
            "gross_margin_4q_avg": 8.33,
            "net_income": -10381,
            "net_income_4q": null,
            "revenue": 587442,
            "revenue_4q": null,
            "common_shares": 858988,
            "book_valuer_per_share": 18.15,
            "book_valuer_per_share_4q_avg": 18.2,
            "equity": 1467334,
            "current_ratio": 147.72,
            "debt_ratio": 64.35,
            "inventory_turnover_ratio": 0.86,
            "account_receivable_turnover_ratio": 0.89,
            "reinvestment_rate": 365.8,
            "research_to_sale_ratio": 4.68,
            "price_fair": 51.42,
            "eps_avg_yearly": 1.47,
            "eps_latest_yearly": 1.68,
            "eps_growth_yearly": 517.54
        }
    },
    "months": {
        "2009-11": {
            "month": "2009-11",
            "price": "34.34",
            "revenue": 122943
        },
        "2009-12": {
            "month": "2009-12",
            "price": "35.01",
            "revenue": 126669
        },
        "2010-01": {
            "month": "2010-01",
            "price": "38.33",
            "revenue": 123916
        },
        "2010-02": {
            "month": "2010-02",
            "price": "37.41",
            "revenue": 99914
        },
        "2010-03": {
            "month": "2010-03",
            "price": "44.82",
            "revenue": 125094
        },
        "2010-04": {
            "month": "2010-04",
            "price": "47.35",
            "revenue": 127917
        },
        "2010-05": {
            "month": "2010-05",
            "price": "47.94",
            "revenue": 117894
        },
        "2010-06": {
            "month": "2010-06",
            "price": "47.17",
            "revenue": 106994
        },
        "2010-07": {
            "month": "2010-07",
            "price": "48.55",
            "revenue": 105324
        },
        "2010-08": {
            "month": "2010-08",
            "price": "45.22",
            "revenue": 102919
        },
        "2010-09": {
            "month": "2010-09",
            "price": "46.62",
            "revenue": 87012
        },
        "2010-10": {
            "month": "2010-10",
            "price": "44.88",
            "revenue": 83089
        },
        "2010-11": {
            "month": "2010-11",
            "price": "45.29",
            "revenue": 107313
        },
        "2010-12": {
            "month": "2010-12",
            "price": "44.79",
            "revenue": 106763
        },
        "2011-01": {
            "month": "2011-01",
            "price": "42.33",
            "revenue": 96787
        },
        "2011-02": {
            "month": "2011-02",
            "price": "40.28",
            "revenue": 79582
        },
        "2011-03": {
            "month": "2011-03",
            "price": "39.16",
            "revenue": 107272
        },
        "2011-04": {
            "month": "2011-04",
            "price": "37.24",
            "revenue": 98720
        },
        "2011-05": {
            "month": "2011-05",
            "price": "39.68",
            "revenue": 94309
        },
        "2011-06": {
            "month": "2011-06",
            "price": "39.28",
            "revenue": 93093
        },
        "2011-07": {
            "month": "2011-07",
            "price": "36.78",
            "revenue": 93620
        },
        "2011-08": {
            "month": "2011-08",
            "price": "32.92",
            "revenue": 98272
        },
        "2011-09": {
            "month": "2011-09",
            "price": "27.47",
            "revenue": 78256
        },
        "2011-10": {
            "month": "2011-10",
            "price": "26.11",
            "revenue": 69377
        },
        "2011-11": {
            "month": "2011-11",
            "price": "24.33",
            "revenue": 61510
        },
        "2011-12": {
            "month": "2011-12",
            "price": "23.67",
            "revenue": 80602
        },
        "2012-01": {
            "month": "2012-01",
            "price": "19.80",
            "revenue": 56468
        },
        "2012-02": {
            "month": "2012-02",
            "price": "26.83",
            "revenue": 60024
        },
        "2012-03": {
            "month": "2012-03",
            "price": "26.60",
            "revenue": 72257
        },
        "2012-04": {
            "month": "2012-04",
            "price": "23.66",
            "revenue": 110695
        },
        "2012-05": {
            "month": "2012-05",
            "price": "21.23",
            "revenue": 120987
        },
        "2012-06": {
            "month": "2012-06",
            "price": "20.23",
            "revenue": 106186
        },
        "2012-07": {
            "month": "2012-07",
            "price": "19.77",
            "revenue": 102345
        },
        "2012-08": {
            "month": "2012-08",
            "price": "19.61",
            "revenue": 82847
        },
        "2012-09": {
            "month": "2012-09",
            "price": "20.12",
            "revenue": 104707
        },
        "2012-10": {
            "month": "2012-10",
            "price": "17.41",
            "revenue": 91981
        },
        "2012-11": {
            "month": "2012-11",
            "price": "15.93",
            "revenue": 99468
        },
        "2012-12": {
            "month": "2012-12",
            "price": "16.68",
            "revenue": 109342
        },
        "2013-01": {
            "month": "2013-01",
            "price": "16.59",
            "revenue": 102941
        },
        "2013-02": {
            "month": "2013-02",
            "price": "16.94",
            "revenue": 82096
        },
        "2013-03": {
            "month": "2013-03",
            "price": "16.93",
            "revenue": 107427
        },
        "2013-04": {
            "month": "2013-04",
            "price": "17.30",
            "revenue": 116706
        },
        "2013-05": {
            "month": "2013-05",
            "price": "18.26",
            "revenue": 108595
        },
        "2013-06": {
            "month": "2013-06",
            "price": "19.62",
            "revenue": 94692
        },
        "2013-07": {
            "month": "2013-07",
            "price": "21.30",
            "revenue": 107845
        },
        "2013-08": {
            "month": "2013-08",
            "price": "22.64",
            "revenue": 99649
        },
        "2013-09": {
            "month": "2013-09",
            "price": "20.99",
            "revenue": 112689
        },
        "2013-10": {
            "month": "2013-10",
            "price": "21.19",
            "revenue": 123933
        },
        "2013-11": {
            "month": "2013-11",
            "price": "20.74",
            "revenue": 135083
        },
        "2013-12": {
            "month": "2013-12",
            "price": "26.11",
            "revenue": 131559
        },
        "2014-01": {
            "month": "2014-01",
            "price": "30.96",
            "revenue": 137030
        },
        "2014-02": {
            "month": "2014-02",
            "price": "36.54",
            "revenue": 107866
        },
        "2014-03": {
            "month": "2014-03",
            "price": "36.15",
            "revenue": 129501
        },
        "2014-04": {
            "month": "2014-04",
            "price": "38.41",
            "revenue": 144085
        },
        "2014-05": {
            "month": "2014-05",
            "price": "36.49",
            "revenue": 134880
        },
        "2014-06": {
            "month": "2014-06",
            "price": "36.80",
            "revenue": 121334
        },
        "2014-07": {
            "month": "2014-07",
            "price": "38.20",
            "revenue": 147754
        },
        "2014-08": {
            "month": "2014-08",
            "price": "34.00",
            "revenue": 140709
        },
        "2014-09": {
            "month": "2014-09",
            "price": "30.62",
            "revenue": 151588
        },
        "2014-10": {
            "month": "2014-10",
            "price": "27.76",
            "revenue": 150874
        },
        "2014-11": {
            "month": "2014-11",
            "price": "28.22",
            "revenue": 150629
        },
        "2014-12": {
            "month": "2014-12",
            "price": "28.85",
            "revenue": 160583
        },
        "2015-01": {
            "month": "2015-01",
            "price": "30.43",
            "revenue": 149124
        },
        "2015-02": {
            "month": "2015-02",
            "price": "28.07",
            "revenue": 127776
        },
        "2015-03": {
            "month": "2015-03",
            "price": "29.92",
            "revenue": 145602
        },
        "2015-04": {
            "month": "2015-04",
            "price": "30.03",
            "revenue": 145132
        },
        "2015-05": {
            "month": "2015-05",
            "price": "27.21",
            "revenue": 133300
        },
        "2015-06": {
            "month": "2015-06",
            "price": "23.95",
            "revenue": 125655
        },
        "2015-07": {
            "month": "2015-07",
            "price": "22.72",
            "revenue": 133827
        },
        "2015-08": {
            "month": "2015-08",
            "price": "21.05",
            "revenue": 121169
        },
        "2015-09": {
            "month": "2015-09",
            "price": "21.42",
            "revenue": 120813
        },
        "2015-10": {
            "month": "2015-10",
            "price": "22.61",
            "revenue": 141730
        },
        "2015-11": {
            "month": "2015-11",
            "price": "27.58",
            "revenue": 165994
        },
        "2015-12": {
            "month": "2015-12",
            "price": "30.56",
            "revenue": 189759
        },
        "2016-01": {
            "month": "2016-01",
            "price": "31.49",
            "revenue": 186846
        },
        "2016-02": {
            "month": "2016-02",
            "price": "33.69",
            "revenue": 102565
        },
        "2016-03": {
            "month": "2016-03",
            "price": "32.97",
            "revenue": 154127
        },
        "2016-04": {
            "month": "2016-04",
            "price": "32.06",
            "revenue": 130390
        },
        "2016-05": {
            "month": "2016-05",
            "price": "33.08",
            "revenue": 155754
        },
        "2016-06": {
            "month": "2016-06",
            "price": "31.84",
            "revenue": 123877
        },
        "2016-07": {
            "month": "2016-07",
            "price": "34.48",
            "revenue": 156423
        },
        "2016-08": {
            "month": "2016-08",
            "price": "33.68",
            "revenue": 168383
        },
        "2016-09": {
            "month": "2016-09",
            "price": "27.52",
            "revenue": 194678
        },
        "2016-10": {
            "month": "2016-10",
            "price": "21.96",
            "revenue": 172995
        },
        "2016-11": {
            "month": "2016-11",
            "price": "21.57",
            "revenue": 189459
        },
        "2016-12": {
            "month": "2016-12",
            "price": "21.89",
            "revenue": 199243
        },
        "2017-01": {
            "month": "2017-01",
            "price": "22.91",
            "revenue": 185742
        },
        "2017-02": {
            "month": "2017-02",
            "price": "26.50",
            "revenue": 157909
        },
        "2017-03": {
            "month": "2017-03",
            "price": "27.58",
            "revenue": 198107
        },
        "2017-04": {
            "month": "2017-04",
            "price": "27.69",
            "revenue": 159830
        },
        "2017-05": {
            "month": "2017-05",
            "price": "28.92",
            "revenue": 163811
        },
        "2017-06": {
            "month": "2017-06",
            "price": "29.73",
            "revenue": 131878
        },
        "2017-07": {
            "month": "2017-07",
            "price": "28.99",
            "revenue": 199731
        },
        "2017-08": {
            "month": "2017-08",
            "price": "30.83",
            "revenue": 198314
        },
        "2017-09": {
            "month": "2017-09",
            "price": "39.53",
            "revenue": 191948
        },
        "2017-10": {
            "month": "2017-10",
            "price": "43.45",
            "revenue": 197685
        },
        "2017-11": {
            "month": "2017-11",
            "price": "45.57",
            "revenue": 210968
        },
        "2017-12": {
            "month": "2017-12",
            "price": "47.39",
            "revenue": 231746
        },
        "2018-01": {
            "month": "2018-01",
            "price": "48.90",
            "revenue": 206606
        },
        "2018-02": {
            "month": "2018-02",
            "price": "44.49",
            "revenue": 154285
        },
        "2018-03": {
            "month": "2018-03",
            "price": "44.72",
            "revenue": 236314
        },
        "2018-04": {
            "month": "2018-04",
            "price": "42.36",
            "revenue": 194792
        },
        "2018-05": {
            "month": "2018-05",
            "price": "36.88",
            "revenue": 209715
        },
        "2018-06": {
            "month": "2018-06",
            "price": "39.53",
            "revenue": 246455
        },
        "2018-07": {
            "month": "2018-07",
            "price": "39.17",
            "revenue": 202622
        },
        "2018-08": {
            "month": "2018-08",
            "price": "38.70",
            "revenue": 210780
        },
        "2018-09": {
            "month": "2018-09",
            "price": "38.96",
            "revenue": 241297
        },
        "2018-10": {
            "month": "2018-10",
            "price": "37.37",
            "revenue": 197901
        },
        "2018-11": {
            "month": "2018-11",
            "price": "37.33",
            "revenue": 166391
        },
        "2018-12": {
            "month": "2018-12",
            "price": "37.09",
            "revenue": 184371
        },
        "2019-01": {
            "month": "2019-01",
            "price": "35.84",
            "revenue": 162322
        },
        "2019-02": {
            "month": "2019-02",
            "price": "35.31",
            "revenue": 102876
        },
        "2019-03": {
            "month": "2019-03",
            "price": "34.13",
            "revenue": 160161
        },
        "2019-04": {
            "month": "2019-04",
            "price": "33.63",
            "revenue": 196388
        },
        "2019-05": {
            "month": "2019-05",
            "price": "33.26",
            "revenue": 196899
        },
        "2019-06": {
            "month": "2019-06",
            "price": "34.84",
            "revenue": 146699
        },
        "2019-07": {
            "month": "2019-07",
            "price": "33.37",
            "revenue": 151837
        },
        "2019-08": {
            "month": "2019-08",
            "price": "33.25",
            "revenue": 167589
        },
        "2019-09": {
            "month": "2019-09",
            "price": "32.73",
            "revenue": 180741
        },
        "2019-10": {
            "month": "2019-10",
            "price": "32.67",
            "revenue": 190616
        },
        "2019-11": {
            "month": "2019-11",
            "price": "32.27",
            "revenue": 209430
        },
        "2019-12": {
            "month": "2019-12",
            "price": "34.35",
            "revenue": 229601
        },
        "2020-01": {
            "month": "2020-01",
            "price": "37.27",
            "revenue": 190331
        },
        "2020-02": {
            "month": "2020-02",
            "price": "38.63",
            "revenue": 79865
        },
        "2020-03": {
            "month": "2020-03",
            "price": "35.49",
            "revenue": 148616
        },
        "2020-04": {
            "month": "2020-04",
            "price": "34.80",
            "revenue": 202289
        },
        "2020-05": {
            "month": "2020-05",
            "price": "38.08",
            "revenue": 201534
        },
        "2020-06": {
            "month": "2020-06",
            "price": "38.20",
            "revenue": 156280
        },
        "2020-07": {
            "month": "2020-07",
            "price": "38.63",
            "revenue": 196919
        },
        "2020-08": {
            "month": "2020-08",
            "price": "42.54",
            "revenue": 203173
        },
        "2020-09": {
            "month": "2020-09",
            "price": "43.30",
            "revenue": 227131
        },
        "2020-10": {
            "month": "2020-10",
            "price": "41.14",
            "revenue": 209756
        },
        "2020-11": {
            "month": "2020-11",
            "price": "39.60",
            "revenue": 236919
        },
        "2020-12": {
            "month": "2020-12",
            "price": "41.61",
            "revenue": 255387
        },
        "2021-01": {
            "month": "2021-01",
            "price": "47.38",
            "revenue": 253364
        },
        "2021-02": {
            "month": "2021-02",
            "price": "46.38",
            "revenue": 168728
        },
        "2021-03": {
            "month": "2021-03",
            "price": "45.40",
            "revenue": 204367
        },
        "2021-04": {
            "month": "2021-04",
            "price": "47.38",
            "revenue": 205459
        },
        "2021-05": {
            "month": "2021-05",
            "price": "43.57",
            "revenue": 208039
        },
        "2021-06": {
            "month": "2021-06",
            "price": "42.50",
            "revenue": 241905
        },
        "2021-07": {
            "month": "2021-07",
            "price": "43.76",
            "revenue": 204428
        },
        "2021-08": {
            "month": "2021-08",
            "price": "40.68",
            "revenue": 213477
        },
        "2021-09": {
            "month": "2021-09",
            "price": "40.17",
            "revenue": 247297
        },
        "2021-10": {
            "month": "2021-10",
            "price": "40.22",
            "revenue": 209880
        },
        "2021-11": {
            "month": "2021-11",
            "price": "41.63",
            "revenue": 237596
        },
        "2021-12": {
            "month": "2021-12",
            "price": "41.20",
            "revenue": 249324
        },
        "2022-01": {
            "month": "2022-01",
            "price": "40.82",
            "revenue": 271944
        },
        "2022-02": {
            "month": "2022-02",
            "price": "41.02",
            "revenue": 189688
        },
        "2022-03": {
            "month": "2022-03",
            "price": "40.51",
            "revenue": 259666
        },
        "2022-04": {
            "month": "2022-04",
            "price": "39.45",
            "revenue": 172468
        },
        "2022-05": {
            "month": "2022-05",
            "price": "38.61",
            "revenue": 176548
        },
        "2022-06": {
            "month": "2022-06",
            "price": "38.22",
            "revenue": 272472
        },
        "2022-07": {
            "month": "2022-07",
            "price": "37.99",
            "revenue": 239884
        },
        "2022-08": {
            "month": "2022-08",
            "price": "37.94",
            "revenue": 177083
        },
        "2022-09": {
            "month": "2022-09",
            "price": "37.63",
            "revenue": 189692
        },
        "2022-10": {
            "month": "2022-10",
            "price": "35.50",
            "revenue": 183921
        },
        "2022-11": {
            "month": "2022-11",
            "price": "33.36",
            "revenue": 199176
        },
        "2022-12": {
            "month": "2022-12",
            "price": "33.65",
            "revenue": 206186
        },
        "2023-01": {
            "month": "2023-01",
            "price": "34.23",
            "revenue": 125054
        },
        "2023-02": {
            "month": "2023-02",
            "price": "33.92",
            "revenue": 153690
        },
        "2023-03": {
            "month": "2023-03",
            "price": "33.55",
            "revenue": 202157
        },
        "2023-04": {
            "month": "2023-04",
            "price": "33.70",
            "revenue": 209248
        },
        "2023-05": {
            "month": "2023-05",
            "price": "34.25",
            "revenue": 175660
        },
        "2023-06": {
            "month": "2023-06",
            "price": "33.52",
            "revenue": 160389
        },
        "2023-07": {
            "month": "2023-07",
            "price": "32.72",
            "revenue": 174896
        },
        "2023-08": {
            "month": "2023-08",
            "price": "31.38",
            "revenue": 196276
        },
        "2023-09": {
            "month": "2023-09",
            "price": "33.33",
            "revenue": 216274
        },
        "2023-10": {
            "month": "2023-10",
            "price": "32.46",
            "revenue": 226050
        },
        "2023-11": {
            "month": "2023-11",
            "price": "31.55",
            "revenue": 235108
        },
        "2023-12": {
            "month": "2023-12",
            "price": "32.93",
            "revenue": 231337
        }
    }
}
