{
    "summary": {
        "stock_name": "吉茂",
        "stock_id": "1587",
        "category": "汽車",
        "main_business": "有關各種車輛之金屬製水箱製造加工買賣內外銷<br>有關生產水箱之專用機械買賣內外銷<br>金屬、塑膠模具及水箱零件之加工、製造、買賣",
        "website_url": "http://www.cryomaxcooling.com",
        "ceo": "劉彥狄",
        "pe_ratio": 27,
        "report_year_from": 2009,
        "report_year_to": 2023,
        "age": 15,
        "eps_negative_percentage": 0,
        "eps_growth_avg": {
            "last_all": 4.69,
            "last_2y": -26.87,
            "last_4y": -14.37,
            "last_8y": null,
            "last_12y": null,
            "last_16y": null,
            "last_20y": null,
            "at_2006_last_3y": null,
            "at_2007_last_3y": null,
            "at_2008_last_3y": null,
            "at_2009_last_3y": null,
            "at_2010_last_3y": null,
            "at_2011_last_3y": null,
            "at_2012_last_3y": null,
            "at_2013_last_3y": null,
            "at_2014_last_3y": null,
            "at_2015_last_3y": null,
            "at_2016_last_3y": null,
            "at_2017_last_3y": null,
            "at_2018_last_3y": null,
            "at_2019_last_3y": null,
            "at_2020_last_3y": null,
            "at_2021_last_3y": 16.74,
            "at_2022_last_3y": -0.58,
            "at_2023_last_3y": 4.85,
            "at_2024_last_3y": 4.85,
            "at_2006_last_all": null,
            "at_2007_last_all": null,
            "at_2008_last_all": null,
            "at_2009_last_all": null,
            "at_2010_last_all": null,
            "at_2011_last_all": null,
            "at_2012_last_all": null,
            "at_2013_last_all": null,
            "at_2014_last_all": null,
            "at_2015_last_all": null,
            "at_2016_last_all": null,
            "at_2017_last_all": null,
            "at_2018_last_all": 100,
            "at_2019_last_all": 4.39,
            "at_2020_last_all": 36.26,
            "at_2021_last_all": 16.74,
            "at_2022_last_all": 19.53,
            "at_2023_last_all": 4.69,
            "at_2024_last_all": 4.69
        },
        "latest_eps": 0.85,
        "latest_price": 22.95,
        "latest_roe": 4.16,
        "latest_gross_margin": 23.19,
        "latest_equity": 1403221,
        "latest_revenue": 498657,
        "latest_gross_profit": 115645,
        "latest_net_income": 15434,
        "latest_debt_ratio": 59.14,
        "latest_current_ratio": 120.99,
        "latest_account_receivable_turnover_ratio": 1.2,
        "latest_inventory_turnover_ratio": 0.5,
        "latest_reinvestment_rate": 61.2,
        "latest_research_to_sale_ratio": 2.23
    },
    "eps_dividends": {
        "2001": {
            "cash": 0,
            "stock": 0,
            "eps": 0
        },
        "2002": {
            "cash": 0,
            "stock": 0,
            "eps": 0
        },
        "2003": {
            "cash": 0,
            "stock": 0,
            "eps": 0
        },
        "2004": {
            "cash": 0,
            "stock": 0,
            "eps": 0
        },
        "2005": {
            "cash": 0,
            "stock": 0,
            "eps": 0
        },
        "2006": {
            "cash": 0,
            "stock": 0,
            "eps": 0
        },
        "2007": {
            "cash": 0,
            "stock": 0,
            "eps": 0
        },
        "2008": {
            "cash": 0,
            "stock": 0,
            "eps": 0
        },
        "2009": {
            "cash": 0,
            "stock": 0,
            "eps": 0
        },
        "2010": {
            "cash": 1.5,
            "stock": 0,
            "eps": 0
        },
        "2011": {
            "cash": 2,
            "stock": 0.2,
            "eps": 0
        },
        "2012": {
            "cash": 0,
            "stock": 0,
            "eps": 0
        },
        "2013": {
            "cash": 0.5,
            "stock": 0,
            "eps": 0
        },
        "2014": {
            "cash": 1.2,
            "stock": 0.3,
            "eps": 0
        },
        "2015": {
            "cash": 1.2,
            "stock": 0,
            "eps": 0
        },
        "2016": {
            "cash": 1,
            "stock": 0,
            "eps": 0
        },
        "2017": {
            "cash": 1,
            "stock": 1.05,
            "eps": 0.11
        },
        "2018": {
            "cash": 0.5,
            "stock": 0,
            "eps": 0.57
        },
        "2019": {
            "cash": 0.1,
            "stock": 0.2,
            "eps": 0.05
        },
        "2020": {
            "cash": 0.5,
            "stock": 0,
            "eps": 2.63
        },
        "2021": {
            "cash": 1.5,
            "stock": 0.5,
            "eps": 1.53
        },
        "2022": {
            "cash": 1,
            "stock": 0,
            "eps": 2
        },
        "2023": {
            "cash": 1,
            "stock": 0,
            "eps": 0.61
        }
    },
    "dividends": {
        "2010-04-15": {
            "cash": 1.5,
            "stock": 0
        },
        "2011-01-01": {
            "cash": 1,
            "stock": 0
        },
        "2011-05-06": {
            "cash": 1,
            "stock": 0.2
        },
        "2013-05-31": {
            "cash": 0.5,
            "stock": 0
        },
        "2014-04-16": {
            "cash": 1.2,
            "stock": 0.3
        },
        "2015-08-27": {
            "cash": 1.2,
            "stock": 0
        },
        "2016-04-15": {
            "cash": 1,
            "stock": 0
        },
        "2017-07-11": {
            "cash": 1,
            "stock": 1.05
        },
        "2018-08-17": {
            "cash": 0.5,
            "stock": 0
        },
        "2019-09-30": {
            "cash": 0.1,
            "stock": 0.2
        },
        "2020-07-08": {
            "cash": 0.5,
            "stock": 0
        },
        "2021-10-07": {
            "cash": 1.5,
            "stock": 0.5
        },
        "2022-07-29": {
            "cash": 1,
            "stock": 0
        },
        "2023-06-02": {
            "cash": 1,
            "stock": 0
        }
    },
    "prices": {
        "200101": "無",
        "200102": "無",
        "200103": "無",
        "200104": "無",
        "200105": "無",
        "200106": "無",
        "200107": "無",
        "200108": "無",
        "200109": "無",
        "200110": "無",
        "200111": "無",
        "200112": "無",
        "200201": "無",
        "200202": "無",
        "200203": "無",
        "200204": "無",
        "200205": "無",
        "200206": "無",
        "200207": "無",
        "200208": "無",
        "200209": "無",
        "200210": "無",
        "200211": "無",
        "200212": "無",
        "200301": "無",
        "200302": "無",
        "200303": "無",
        "200304": "無",
        "200305": "無",
        "200306": "無",
        "200307": "無",
        "200308": "無",
        "200309": "無",
        "200310": "無",
        "200311": "無",
        "200312": "無",
        "200401": "無",
        "200402": "無",
        "200403": "無",
        "200404": "無",
        "200405": "無",
        "200406": "無",
        "200407": "無",
        "200408": "無",
        "200409": "無",
        "200410": "無",
        "200411": "無",
        "200412": "無",
        "200501": "無",
        "200502": "無",
        "200503": "無",
        "200504": "無",
        "200505": "無",
        "200506": "無",
        "200507": "無",
        "200508": "無",
        "200509": "無",
        "200510": "無",
        "200511": "無",
        "200512": "無",
        "200601": "無",
        "200602": "無",
        "200603": "無",
        "200604": "無",
        "200605": "無",
        "200606": "無",
        "200607": "無",
        "200608": "無",
        "200609": "無",
        "200610": "無",
        "200611": "無",
        "200612": "無",
        "200701": "無",
        "200702": "無",
        "200703": "無",
        "200704": "無",
        "200705": "無",
        "200706": "無",
        "200707": "無",
        "200708": "無",
        "200709": "無",
        "200710": "無",
        "200711": "無",
        "200712": "無",
        "200801": "無",
        "200802": "無",
        "200803": "無",
        "200804": "無",
        "200805": "無",
        "200806": "無",
        "200807": "無",
        "200808": "無",
        "200809": "無",
        "200810": "無",
        "200811": "無",
        "200812": "無",
        "200901": "無",
        "200902": "無",
        "200903": "無",
        "200904": "無",
        "200905": "無",
        "200906": "無",
        "200907": "無",
        "200908": "無",
        "200909": "無",
        "200910": "無",
        "200911": "無",
        "200912": "無",
        "201001": "無",
        "201002": "無",
        "201003": "無",
        "201004": "無",
        "201005": "無",
        "201006": "無",
        "201007": "無",
        "201008": "無",
        "201009": "無",
        "201010": "無",
        "201011": "22.55",
        "201012": "21.49",
        "201101": "22.64",
        "201102": "23.49",
        "201103": "23.52",
        "201104": "22.94",
        "201105": "23.63",
        "201106": "24.48",
        "201107": "24.47",
        "201108": "23.74",
        "201109": "24.20",
        "201110": "23.18",
        "201111": "23.00",
        "201112": "22.90",
        "201201": "22.21",
        "201202": "22.73",
        "201203": "22.97",
        "201204": "無",
        "201205": "20.59",
        "201206": "20.30",
        "201207": "21.86",
        "201208": "21.60",
        "201209": "21.35",
        "201210": "20.80",
        "201211": "無",
        "201212": "19.16",
        "201301": "19.08",
        "201302": "18.61",
        "201303": "無",
        "201304": "19.34",
        "201305": "19.88",
        "201306": "21.05",
        "201307": "21.77",
        "201308": "22.03",
        "201309": "22.34",
        "201310": "23.06",
        "201311": "22.06",
        "201312": "23.95",
        "201401": "23.38",
        "201402": "25.06",
        "201403": "24.98",
        "201404": "25.92",
        "201405": "29.12",
        "201406": "32.71",
        "201407": "30.19",
        "201408": "28.12",
        "201409": "26.30",
        "201410": "24.13",
        "201411": "22.23",
        "201412": "22.43",
        "201501": "23.97",
        "201502": "24.95",
        "201503": "25.56",
        "201504": "24.93",
        "201505": "24.27",
        "201506": "21.30",
        "201507": "20.58",
        "201508": "19.22",
        "201509": "19.30",
        "201510": "20.70",
        "201511": "21.07",
        "201512": "20.56",
        "201601": "20.00",
        "201602": "20.06",
        "201603": "21.09",
        "201604": "22.64",
        "201605": "21.13",
        "201606": "22.68",
        "201607": "22.88",
        "201608": "24.39",
        "201609": "26.02",
        "201610": "25.25",
        "201611": "24.07",
        "201612": "23.17",
        "201701": "23.30",
        "201702": "24.54",
        "201703": "28.44",
        "201704": "32.56",
        "201705": "33.31",
        "201706": "30.89",
        "201707": "29.06",
        "201708": "26.49",
        "201709": "26.21",
        "201710": "26.90",
        "201711": "26.65",
        "201712": "26.08",
        "201801": "25.88",
        "201802": "24.10",
        "201803": "24.45",
        "201804": "22.49",
        "201805": "19.94",
        "201806": "19.71",
        "201807": "18.74",
        "201808": "19.16",
        "201809": "19.59",
        "201810": "19.46",
        "201811": "19.33",
        "201812": "18.79",
        "201901": "18.21",
        "201902": "18.48",
        "201903": "18.46",
        "201904": "19.10",
        "201905": "19.02",
        "201906": "18.80",
        "201907": "18.87",
        "201908": "18.58",
        "201909": "17.69",
        "201910": "17.33",
        "201911": "16.25",
        "201912": "14.82",
        "202001": "14.93",
        "202002": "14.20",
        "202003": "11.48",
        "202004": "12.21",
        "202005": "13.11",
        "202006": "13.53",
        "202007": "17.90",
        "202008": "21.42",
        "202009": "26.31",
        "202010": "26.32",
        "202011": "26.77",
        "202012": "26.20",
        "202101": "24.00",
        "202102": "25.06",
        "202103": "27.32",
        "202104": "32.77",
        "202105": "28.60",
        "202106": "28.61",
        "202107": "29.82",
        "202108": "28.05",
        "202109": "25.71",
        "202110": "26.74",
        "202111": "26.03",
        "202112": "25.60",
        "202201": "25.59",
        "202202": "25.47",
        "202203": "24.87",
        "202204": "23.86",
        "202205": "24.17",
        "202206": "25.00",
        "202207": "24.44",
        "202208": "26.03",
        "202209": "25.56",
        "202210": "21.23",
        "202211": "21.82",
        "202212": "22.01",
        "202301": "21.76",
        "202302": "22.47",
        "202303": "23.35",
        "202304": "22.93",
        "202305": "22.49",
        "202306": "22.22",
        "202307": "23.25",
        "202308": "23.96",
        "202309": "24.23",
        "202310": "23.30",
        "202311": "22.56",
        "202312": "22.93"
    },
    "quarters": {
        "20011": {
            "year_quarter": 20011,
            "year": 2001,
            "quarter": 1,
            "eps": null,
            "eps_growth_year": null,
            "eps_4q": null,
            "eps_4q_growth_year": null,
            "roe": null,
            "roe_4q": 0,
            "gross_profit": null,
            "gross_margin": null,
            "gross_margin_4q_avg": 0,
            "net_income": null,
            "net_income_4q": null,
            "revenue": null,
            "revenue_4q": null,
            "common_shares": null,
            "book_valuer_per_share": null,
            "book_valuer_per_share_4q_avg": 0,
            "equity": null,
            "current_ratio": null,
            "debt_ratio": null,
            "inventory_turnover_ratio": null,
            "account_receivable_turnover_ratio": null,
            "reinvestment_rate": null,
            "research_to_sale_ratio": null,
            "price_fair": 0,
            "eps_avg_yearly": 0,
            "eps_latest_yearly": 0,
            "eps_growth_yearly": 0
        },
        "20012": {
            "year_quarter": 20012,
            "year": 2001,
            "quarter": 2,
            "eps": null,
            "eps_growth_year": null,
            "eps_4q": null,
            "eps_4q_growth_year": null,
            "roe": null,
            "roe_4q": 0,
            "gross_profit": null,
            "gross_margin": null,
            "gross_margin_4q_avg": 0,
            "net_income": null,
            "net_income_4q": null,
            "revenue": null,
            "revenue_4q": null,
            "common_shares": null,
            "book_valuer_per_share": null,
            "book_valuer_per_share_4q_avg": 0,
            "equity": null,
            "current_ratio": null,
            "debt_ratio": null,
            "inventory_turnover_ratio": null,
            "account_receivable_turnover_ratio": null,
            "reinvestment_rate": null,
            "research_to_sale_ratio": null,
            "price_fair": 0,
            "eps_avg_yearly": 0,
            "eps_latest_yearly": 0,
            "eps_growth_yearly": 0
        },
        "20013": {
            "year_quarter": 20013,
            "year": 2001,
            "quarter": 3,
            "eps": null,
            "eps_growth_year": null,
            "eps_4q": null,
            "eps_4q_growth_year": null,
            "roe": null,
            "roe_4q": 0,
            "gross_profit": null,
            "gross_margin": null,
            "gross_margin_4q_avg": 0,
            "net_income": null,
            "net_income_4q": null,
            "revenue": null,
            "revenue_4q": null,
            "common_shares": null,
            "book_valuer_per_share": null,
            "book_valuer_per_share_4q_avg": 0,
            "equity": null,
            "current_ratio": null,
            "debt_ratio": null,
            "inventory_turnover_ratio": null,
            "account_receivable_turnover_ratio": null,
            "reinvestment_rate": null,
            "research_to_sale_ratio": null,
            "price_fair": 0,
            "eps_avg_yearly": 0,
            "eps_latest_yearly": 0,
            "eps_growth_yearly": 0
        },
        "20014": {
            "year_quarter": 20014,
            "year": 2001,
            "quarter": 4,
            "eps": null,
            "eps_growth_year": null,
            "eps_4q": null,
            "eps_4q_growth_year": null,
            "roe": null,
            "roe_4q": 0,
            "gross_profit": null,
            "gross_margin": null,
            "gross_margin_4q_avg": 0,
            "net_income": null,
            "net_income_4q": null,
            "revenue": null,
            "revenue_4q": null,
            "common_shares": null,
            "book_valuer_per_share": null,
            "book_valuer_per_share_4q_avg": 0,
            "equity": null,
            "current_ratio": null,
            "debt_ratio": null,
            "inventory_turnover_ratio": null,
            "account_receivable_turnover_ratio": null,
            "reinvestment_rate": null,
            "research_to_sale_ratio": null,
            "price_fair": 0,
            "eps_avg_yearly": 0,
            "eps_latest_yearly": 0,
            "eps_growth_yearly": 0
        },
        "20021": {
            "year_quarter": 20021,
            "year": 2002,
            "quarter": 1,
            "eps": null,
            "eps_growth_year": null,
            "eps_4q": null,
            "eps_4q_growth_year": null,
            "roe": null,
            "roe_4q": 0,
            "gross_profit": null,
            "gross_margin": null,
            "gross_margin_4q_avg": 0,
            "net_income": null,
            "net_income_4q": null,
            "revenue": null,
            "revenue_4q": null,
            "common_shares": null,
            "book_valuer_per_share": null,
            "book_valuer_per_share_4q_avg": 0,
            "equity": null,
            "current_ratio": null,
            "debt_ratio": null,
            "inventory_turnover_ratio": null,
            "account_receivable_turnover_ratio": null,
            "reinvestment_rate": null,
            "research_to_sale_ratio": null,
            "price_fair": 0,
            "eps_avg_yearly": 0,
            "eps_latest_yearly": 0,
            "eps_growth_yearly": 0
        },
        "20022": {
            "year_quarter": 20022,
            "year": 2002,
            "quarter": 2,
            "eps": null,
            "eps_growth_year": null,
            "eps_4q": null,
            "eps_4q_growth_year": null,
            "roe": null,
            "roe_4q": 0,
            "gross_profit": null,
            "gross_margin": null,
            "gross_margin_4q_avg": 0,
            "net_income": null,
            "net_income_4q": null,
            "revenue": null,
            "revenue_4q": null,
            "common_shares": null,
            "book_valuer_per_share": null,
            "book_valuer_per_share_4q_avg": 0,
            "equity": null,
            "current_ratio": null,
            "debt_ratio": null,
            "inventory_turnover_ratio": null,
            "account_receivable_turnover_ratio": null,
            "reinvestment_rate": null,
            "research_to_sale_ratio": null,
            "price_fair": 0,
            "eps_avg_yearly": 0,
            "eps_latest_yearly": 0,
            "eps_growth_yearly": 0
        },
        "20023": {
            "year_quarter": 20023,
            "year": 2002,
            "quarter": 3,
            "eps": null,
            "eps_growth_year": null,
            "eps_4q": null,
            "eps_4q_growth_year": null,
            "roe": null,
            "roe_4q": 0,
            "gross_profit": null,
            "gross_margin": null,
            "gross_margin_4q_avg": 0,
            "net_income": null,
            "net_income_4q": null,
            "revenue": null,
            "revenue_4q": null,
            "common_shares": null,
            "book_valuer_per_share": null,
            "book_valuer_per_share_4q_avg": 0,
            "equity": null,
            "current_ratio": null,
            "debt_ratio": null,
            "inventory_turnover_ratio": null,
            "account_receivable_turnover_ratio": null,
            "reinvestment_rate": null,
            "research_to_sale_ratio": null,
            "price_fair": 0,
            "eps_avg_yearly": 0,
            "eps_latest_yearly": 0,
            "eps_growth_yearly": 0
        },
        "20024": {
            "year_quarter": 20024,
            "year": 2002,
            "quarter": 4,
            "eps": null,
            "eps_growth_year": null,
            "eps_4q": null,
            "eps_4q_growth_year": null,
            "roe": null,
            "roe_4q": 0,
            "gross_profit": null,
            "gross_margin": null,
            "gross_margin_4q_avg": 0,
            "net_income": null,
            "net_income_4q": null,
            "revenue": null,
            "revenue_4q": null,
            "common_shares": null,
            "book_valuer_per_share": null,
            "book_valuer_per_share_4q_avg": 0,
            "equity": null,
            "current_ratio": null,
            "debt_ratio": null,
            "inventory_turnover_ratio": null,
            "account_receivable_turnover_ratio": null,
            "reinvestment_rate": null,
            "research_to_sale_ratio": null,
            "price_fair": 0,
            "eps_avg_yearly": 0,
            "eps_latest_yearly": 0,
            "eps_growth_yearly": 0
        },
        "20031": {
            "year_quarter": 20031,
            "year": 2003,
            "quarter": 1,
            "eps": null,
            "eps_growth_year": null,
            "eps_4q": null,
            "eps_4q_growth_year": null,
            "roe": null,
            "roe_4q": 0,
            "gross_profit": null,
            "gross_margin": null,
            "gross_margin_4q_avg": 0,
            "net_income": null,
            "net_income_4q": null,
            "revenue": null,
            "revenue_4q": null,
            "common_shares": null,
            "book_valuer_per_share": null,
            "book_valuer_per_share_4q_avg": 0,
            "equity": null,
            "current_ratio": null,
            "debt_ratio": null,
            "inventory_turnover_ratio": null,
            "account_receivable_turnover_ratio": null,
            "reinvestment_rate": null,
            "research_to_sale_ratio": null,
            "price_fair": 0,
            "eps_avg_yearly": 0,
            "eps_latest_yearly": 0,
            "eps_growth_yearly": 0
        },
        "20032": {
            "year_quarter": 20032,
            "year": 2003,
            "quarter": 2,
            "eps": null,
            "eps_growth_year": null,
            "eps_4q": null,
            "eps_4q_growth_year": null,
            "roe": null,
            "roe_4q": 0,
            "gross_profit": null,
            "gross_margin": null,
            "gross_margin_4q_avg": 0,
            "net_income": null,
            "net_income_4q": null,
            "revenue": null,
            "revenue_4q": null,
            "common_shares": null,
            "book_valuer_per_share": null,
            "book_valuer_per_share_4q_avg": 0,
            "equity": null,
            "current_ratio": null,
            "debt_ratio": null,
            "inventory_turnover_ratio": null,
            "account_receivable_turnover_ratio": null,
            "reinvestment_rate": null,
            "research_to_sale_ratio": null,
            "price_fair": 0,
            "eps_avg_yearly": 0,
            "eps_latest_yearly": 0,
            "eps_growth_yearly": 0
        },
        "20033": {
            "year_quarter": 20033,
            "year": 2003,
            "quarter": 3,
            "eps": null,
            "eps_growth_year": null,
            "eps_4q": null,
            "eps_4q_growth_year": null,
            "roe": null,
            "roe_4q": 0,
            "gross_profit": null,
            "gross_margin": null,
            "gross_margin_4q_avg": 0,
            "net_income": null,
            "net_income_4q": null,
            "revenue": null,
            "revenue_4q": null,
            "common_shares": null,
            "book_valuer_per_share": null,
            "book_valuer_per_share_4q_avg": 0,
            "equity": null,
            "current_ratio": null,
            "debt_ratio": null,
            "inventory_turnover_ratio": null,
            "account_receivable_turnover_ratio": null,
            "reinvestment_rate": null,
            "research_to_sale_ratio": null,
            "price_fair": 0,
            "eps_avg_yearly": 0,
            "eps_latest_yearly": 0,
            "eps_growth_yearly": 0
        },
        "20034": {
            "year_quarter": 20034,
            "year": 2003,
            "quarter": 4,
            "eps": null,
            "eps_growth_year": null,
            "eps_4q": null,
            "eps_4q_growth_year": null,
            "roe": null,
            "roe_4q": 0,
            "gross_profit": null,
            "gross_margin": null,
            "gross_margin_4q_avg": 0,
            "net_income": null,
            "net_income_4q": null,
            "revenue": null,
            "revenue_4q": null,
            "common_shares": null,
            "book_valuer_per_share": null,
            "book_valuer_per_share_4q_avg": 0,
            "equity": null,
            "current_ratio": null,
            "debt_ratio": null,
            "inventory_turnover_ratio": null,
            "account_receivable_turnover_ratio": null,
            "reinvestment_rate": null,
            "research_to_sale_ratio": null,
            "price_fair": 0,
            "eps_avg_yearly": 0,
            "eps_latest_yearly": 0,
            "eps_growth_yearly": 0
        },
        "20041": {
            "year_quarter": 20041,
            "year": 2004,
            "quarter": 1,
            "eps": null,
            "eps_growth_year": null,
            "eps_4q": null,
            "eps_4q_growth_year": null,
            "roe": null,
            "roe_4q": 0,
            "gross_profit": null,
            "gross_margin": null,
            "gross_margin_4q_avg": 0,
            "net_income": null,
            "net_income_4q": null,
            "revenue": null,
            "revenue_4q": null,
            "common_shares": null,
            "book_valuer_per_share": null,
            "book_valuer_per_share_4q_avg": 0,
            "equity": null,
            "current_ratio": null,
            "debt_ratio": null,
            "inventory_turnover_ratio": null,
            "account_receivable_turnover_ratio": null,
            "reinvestment_rate": null,
            "research_to_sale_ratio": null,
            "price_fair": 0,
            "eps_avg_yearly": 0,
            "eps_latest_yearly": 0,
            "eps_growth_yearly": 0
        },
        "20042": {
            "year_quarter": 20042,
            "year": 2004,
            "quarter": 2,
            "eps": null,
            "eps_growth_year": null,
            "eps_4q": null,
            "eps_4q_growth_year": null,
            "roe": null,
            "roe_4q": 0,
            "gross_profit": null,
            "gross_margin": null,
            "gross_margin_4q_avg": 0,
            "net_income": null,
            "net_income_4q": null,
            "revenue": null,
            "revenue_4q": null,
            "common_shares": null,
            "book_valuer_per_share": null,
            "book_valuer_per_share_4q_avg": 0,
            "equity": null,
            "current_ratio": null,
            "debt_ratio": null,
            "inventory_turnover_ratio": null,
            "account_receivable_turnover_ratio": null,
            "reinvestment_rate": null,
            "research_to_sale_ratio": null,
            "price_fair": 0,
            "eps_avg_yearly": 0,
            "eps_latest_yearly": 0,
            "eps_growth_yearly": 0
        },
        "20043": {
            "year_quarter": 20043,
            "year": 2004,
            "quarter": 3,
            "eps": null,
            "eps_growth_year": null,
            "eps_4q": null,
            "eps_4q_growth_year": null,
            "roe": null,
            "roe_4q": 0,
            "gross_profit": null,
            "gross_margin": null,
            "gross_margin_4q_avg": 0,
            "net_income": null,
            "net_income_4q": null,
            "revenue": null,
            "revenue_4q": null,
            "common_shares": null,
            "book_valuer_per_share": null,
            "book_valuer_per_share_4q_avg": 0,
            "equity": null,
            "current_ratio": null,
            "debt_ratio": null,
            "inventory_turnover_ratio": null,
            "account_receivable_turnover_ratio": null,
            "reinvestment_rate": null,
            "research_to_sale_ratio": null,
            "price_fair": 0,
            "eps_avg_yearly": 0,
            "eps_latest_yearly": 0,
            "eps_growth_yearly": 0
        },
        "20044": {
            "year_quarter": 20044,
            "year": 2004,
            "quarter": 4,
            "eps": null,
            "eps_growth_year": null,
            "eps_4q": null,
            "eps_4q_growth_year": null,
            "roe": null,
            "roe_4q": 0,
            "gross_profit": null,
            "gross_margin": null,
            "gross_margin_4q_avg": 0,
            "net_income": null,
            "net_income_4q": null,
            "revenue": null,
            "revenue_4q": null,
            "common_shares": null,
            "book_valuer_per_share": null,
            "book_valuer_per_share_4q_avg": 0,
            "equity": null,
            "current_ratio": null,
            "debt_ratio": null,
            "inventory_turnover_ratio": null,
            "account_receivable_turnover_ratio": null,
            "reinvestment_rate": null,
            "research_to_sale_ratio": null,
            "price_fair": 0,
            "eps_avg_yearly": 0,
            "eps_latest_yearly": 0,
            "eps_growth_yearly": 0
        },
        "20051": {
            "year_quarter": 20051,
            "year": 2005,
            "quarter": 1,
            "eps": null,
            "eps_growth_year": null,
            "eps_4q": null,
            "eps_4q_growth_year": null,
            "roe": null,
            "roe_4q": 0,
            "gross_profit": null,
            "gross_margin": null,
            "gross_margin_4q_avg": 0,
            "net_income": null,
            "net_income_4q": null,
            "revenue": null,
            "revenue_4q": null,
            "common_shares": null,
            "book_valuer_per_share": null,
            "book_valuer_per_share_4q_avg": 0,
            "equity": null,
            "current_ratio": null,
            "debt_ratio": null,
            "inventory_turnover_ratio": null,
            "account_receivable_turnover_ratio": null,
            "reinvestment_rate": null,
            "research_to_sale_ratio": null,
            "price_fair": 0,
            "eps_avg_yearly": 0,
            "eps_latest_yearly": 0,
            "eps_growth_yearly": 0
        },
        "20052": {
            "year_quarter": 20052,
            "year": 2005,
            "quarter": 2,
            "eps": null,
            "eps_growth_year": null,
            "eps_4q": null,
            "eps_4q_growth_year": null,
            "roe": null,
            "roe_4q": 0,
            "gross_profit": null,
            "gross_margin": null,
            "gross_margin_4q_avg": 0,
            "net_income": null,
            "net_income_4q": null,
            "revenue": null,
            "revenue_4q": null,
            "common_shares": null,
            "book_valuer_per_share": null,
            "book_valuer_per_share_4q_avg": 0,
            "equity": null,
            "current_ratio": null,
            "debt_ratio": null,
            "inventory_turnover_ratio": null,
            "account_receivable_turnover_ratio": null,
            "reinvestment_rate": null,
            "research_to_sale_ratio": null,
            "price_fair": 0,
            "eps_avg_yearly": 0,
            "eps_latest_yearly": 0,
            "eps_growth_yearly": 0
        },
        "20053": {
            "year_quarter": 20053,
            "year": 2005,
            "quarter": 3,
            "eps": null,
            "eps_growth_year": null,
            "eps_4q": null,
            "eps_4q_growth_year": null,
            "roe": null,
            "roe_4q": 0,
            "gross_profit": null,
            "gross_margin": null,
            "gross_margin_4q_avg": 0,
            "net_income": null,
            "net_income_4q": null,
            "revenue": null,
            "revenue_4q": null,
            "common_shares": null,
            "book_valuer_per_share": null,
            "book_valuer_per_share_4q_avg": 0,
            "equity": null,
            "current_ratio": null,
            "debt_ratio": null,
            "inventory_turnover_ratio": null,
            "account_receivable_turnover_ratio": null,
            "reinvestment_rate": null,
            "research_to_sale_ratio": null,
            "price_fair": 0,
            "eps_avg_yearly": 0,
            "eps_latest_yearly": 0,
            "eps_growth_yearly": 0
        },
        "20054": {
            "year_quarter": 20054,
            "year": 2005,
            "quarter": 4,
            "eps": null,
            "eps_growth_year": null,
            "eps_4q": null,
            "eps_4q_growth_year": null,
            "roe": null,
            "roe_4q": 0,
            "gross_profit": null,
            "gross_margin": null,
            "gross_margin_4q_avg": 0,
            "net_income": null,
            "net_income_4q": null,
            "revenue": null,
            "revenue_4q": null,
            "common_shares": null,
            "book_valuer_per_share": null,
            "book_valuer_per_share_4q_avg": 0,
            "equity": null,
            "current_ratio": null,
            "debt_ratio": null,
            "inventory_turnover_ratio": null,
            "account_receivable_turnover_ratio": null,
            "reinvestment_rate": null,
            "research_to_sale_ratio": null,
            "price_fair": 0,
            "eps_avg_yearly": 0,
            "eps_latest_yearly": 0,
            "eps_growth_yearly": 0
        },
        "20061": {
            "year_quarter": 20061,
            "year": 2006,
            "quarter": 1,
            "eps": null,
            "eps_growth_year": null,
            "eps_4q": null,
            "eps_4q_growth_year": null,
            "roe": null,
            "roe_4q": 0,
            "gross_profit": null,
            "gross_margin": null,
            "gross_margin_4q_avg": 0,
            "net_income": null,
            "net_income_4q": null,
            "revenue": null,
            "revenue_4q": null,
            "common_shares": null,
            "book_valuer_per_share": null,
            "book_valuer_per_share_4q_avg": 0,
            "equity": null,
            "current_ratio": null,
            "debt_ratio": null,
            "inventory_turnover_ratio": null,
            "account_receivable_turnover_ratio": null,
            "reinvestment_rate": null,
            "research_to_sale_ratio": null,
            "price_fair": 0,
            "eps_avg_yearly": 0,
            "eps_latest_yearly": 0,
            "eps_growth_yearly": 0
        },
        "20062": {
            "year_quarter": 20062,
            "year": 2006,
            "quarter": 2,
            "eps": null,
            "eps_growth_year": null,
            "eps_4q": null,
            "eps_4q_growth_year": null,
            "roe": null,
            "roe_4q": 0,
            "gross_profit": null,
            "gross_margin": null,
            "gross_margin_4q_avg": 0,
            "net_income": null,
            "net_income_4q": null,
            "revenue": null,
            "revenue_4q": null,
            "common_shares": null,
            "book_valuer_per_share": null,
            "book_valuer_per_share_4q_avg": 0,
            "equity": null,
            "current_ratio": null,
            "debt_ratio": null,
            "inventory_turnover_ratio": null,
            "account_receivable_turnover_ratio": null,
            "reinvestment_rate": null,
            "research_to_sale_ratio": null,
            "price_fair": 0,
            "eps_avg_yearly": 0,
            "eps_latest_yearly": 0,
            "eps_growth_yearly": 0
        },
        "20063": {
            "year_quarter": 20063,
            "year": 2006,
            "quarter": 3,
            "eps": null,
            "eps_growth_year": null,
            "eps_4q": null,
            "eps_4q_growth_year": null,
            "roe": null,
            "roe_4q": 0,
            "gross_profit": null,
            "gross_margin": null,
            "gross_margin_4q_avg": 0,
            "net_income": null,
            "net_income_4q": null,
            "revenue": null,
            "revenue_4q": null,
            "common_shares": null,
            "book_valuer_per_share": null,
            "book_valuer_per_share_4q_avg": 0,
            "equity": null,
            "current_ratio": null,
            "debt_ratio": null,
            "inventory_turnover_ratio": null,
            "account_receivable_turnover_ratio": null,
            "reinvestment_rate": null,
            "research_to_sale_ratio": null,
            "price_fair": 0,
            "eps_avg_yearly": 0,
            "eps_latest_yearly": 0,
            "eps_growth_yearly": 0
        },
        "20064": {
            "year_quarter": 20064,
            "year": 2006,
            "quarter": 4,
            "eps": null,
            "eps_growth_year": null,
            "eps_4q": null,
            "eps_4q_growth_year": null,
            "roe": null,
            "roe_4q": 0,
            "gross_profit": null,
            "gross_margin": null,
            "gross_margin_4q_avg": 0,
            "net_income": null,
            "net_income_4q": null,
            "revenue": null,
            "revenue_4q": null,
            "common_shares": null,
            "book_valuer_per_share": null,
            "book_valuer_per_share_4q_avg": 0,
            "equity": null,
            "current_ratio": null,
            "debt_ratio": null,
            "inventory_turnover_ratio": null,
            "account_receivable_turnover_ratio": null,
            "reinvestment_rate": null,
            "research_to_sale_ratio": null,
            "price_fair": 0,
            "eps_avg_yearly": 0,
            "eps_latest_yearly": 0,
            "eps_growth_yearly": 0
        },
        "20071": {
            "year_quarter": 20071,
            "year": 2007,
            "quarter": 1,
            "eps": null,
            "eps_growth_year": null,
            "eps_4q": null,
            "eps_4q_growth_year": null,
            "roe": null,
            "roe_4q": 0,
            "gross_profit": null,
            "gross_margin": null,
            "gross_margin_4q_avg": 0,
            "net_income": null,
            "net_income_4q": null,
            "revenue": null,
            "revenue_4q": null,
            "common_shares": null,
            "book_valuer_per_share": null,
            "book_valuer_per_share_4q_avg": 0,
            "equity": null,
            "current_ratio": null,
            "debt_ratio": null,
            "inventory_turnover_ratio": null,
            "account_receivable_turnover_ratio": null,
            "reinvestment_rate": null,
            "research_to_sale_ratio": null,
            "price_fair": 0,
            "eps_avg_yearly": 0,
            "eps_latest_yearly": 0,
            "eps_growth_yearly": 0
        },
        "20072": {
            "year_quarter": 20072,
            "year": 2007,
            "quarter": 2,
            "eps": null,
            "eps_growth_year": null,
            "eps_4q": null,
            "eps_4q_growth_year": null,
            "roe": null,
            "roe_4q": 0,
            "gross_profit": null,
            "gross_margin": null,
            "gross_margin_4q_avg": 0,
            "net_income": null,
            "net_income_4q": null,
            "revenue": null,
            "revenue_4q": null,
            "common_shares": null,
            "book_valuer_per_share": null,
            "book_valuer_per_share_4q_avg": 0,
            "equity": null,
            "current_ratio": null,
            "debt_ratio": null,
            "inventory_turnover_ratio": null,
            "account_receivable_turnover_ratio": null,
            "reinvestment_rate": null,
            "research_to_sale_ratio": null,
            "price_fair": 0,
            "eps_avg_yearly": 0,
            "eps_latest_yearly": 0,
            "eps_growth_yearly": 0
        },
        "20073": {
            "year_quarter": 20073,
            "year": 2007,
            "quarter": 3,
            "eps": null,
            "eps_growth_year": null,
            "eps_4q": null,
            "eps_4q_growth_year": null,
            "roe": null,
            "roe_4q": 0,
            "gross_profit": null,
            "gross_margin": null,
            "gross_margin_4q_avg": 0,
            "net_income": null,
            "net_income_4q": null,
            "revenue": null,
            "revenue_4q": null,
            "common_shares": null,
            "book_valuer_per_share": null,
            "book_valuer_per_share_4q_avg": 0,
            "equity": null,
            "current_ratio": null,
            "debt_ratio": null,
            "inventory_turnover_ratio": null,
            "account_receivable_turnover_ratio": null,
            "reinvestment_rate": null,
            "research_to_sale_ratio": null,
            "price_fair": 0,
            "eps_avg_yearly": 0,
            "eps_latest_yearly": 0,
            "eps_growth_yearly": 0
        },
        "20074": {
            "year_quarter": 20074,
            "year": 2007,
            "quarter": 4,
            "eps": null,
            "eps_growth_year": null,
            "eps_4q": null,
            "eps_4q_growth_year": null,
            "roe": null,
            "roe_4q": 0,
            "gross_profit": null,
            "gross_margin": null,
            "gross_margin_4q_avg": 0,
            "net_income": null,
            "net_income_4q": null,
            "revenue": null,
            "revenue_4q": null,
            "common_shares": null,
            "book_valuer_per_share": null,
            "book_valuer_per_share_4q_avg": 0,
            "equity": null,
            "current_ratio": null,
            "debt_ratio": null,
            "inventory_turnover_ratio": null,
            "account_receivable_turnover_ratio": null,
            "reinvestment_rate": null,
            "research_to_sale_ratio": null,
            "price_fair": 0,
            "eps_avg_yearly": 0,
            "eps_latest_yearly": 0,
            "eps_growth_yearly": 0
        },
        "20081": {
            "year_quarter": 20081,
            "year": 2008,
            "quarter": 1,
            "eps": null,
            "eps_growth_year": null,
            "eps_4q": null,
            "eps_4q_growth_year": null,
            "roe": null,
            "roe_4q": 0,
            "gross_profit": null,
            "gross_margin": null,
            "gross_margin_4q_avg": 0,
            "net_income": null,
            "net_income_4q": null,
            "revenue": null,
            "revenue_4q": null,
            "common_shares": null,
            "book_valuer_per_share": null,
            "book_valuer_per_share_4q_avg": 0,
            "equity": null,
            "current_ratio": null,
            "debt_ratio": null,
            "inventory_turnover_ratio": null,
            "account_receivable_turnover_ratio": null,
            "reinvestment_rate": null,
            "research_to_sale_ratio": null,
            "price_fair": 0,
            "eps_avg_yearly": 0,
            "eps_latest_yearly": 0,
            "eps_growth_yearly": 0
        },
        "20082": {
            "year_quarter": 20082,
            "year": 2008,
            "quarter": 2,
            "eps": null,
            "eps_growth_year": null,
            "eps_4q": null,
            "eps_4q_growth_year": null,
            "roe": null,
            "roe_4q": 0,
            "gross_profit": null,
            "gross_margin": null,
            "gross_margin_4q_avg": 0,
            "net_income": null,
            "net_income_4q": null,
            "revenue": null,
            "revenue_4q": null,
            "common_shares": null,
            "book_valuer_per_share": null,
            "book_valuer_per_share_4q_avg": 0,
            "equity": null,
            "current_ratio": null,
            "debt_ratio": null,
            "inventory_turnover_ratio": null,
            "account_receivable_turnover_ratio": null,
            "reinvestment_rate": null,
            "research_to_sale_ratio": null,
            "price_fair": 0,
            "eps_avg_yearly": 0,
            "eps_latest_yearly": 0,
            "eps_growth_yearly": 0
        },
        "20083": {
            "year_quarter": 20083,
            "year": 2008,
            "quarter": 3,
            "eps": null,
            "eps_growth_year": null,
            "eps_4q": null,
            "eps_4q_growth_year": null,
            "roe": null,
            "roe_4q": 0,
            "gross_profit": null,
            "gross_margin": null,
            "gross_margin_4q_avg": 0,
            "net_income": null,
            "net_income_4q": null,
            "revenue": null,
            "revenue_4q": null,
            "common_shares": null,
            "book_valuer_per_share": null,
            "book_valuer_per_share_4q_avg": 0,
            "equity": null,
            "current_ratio": null,
            "debt_ratio": null,
            "inventory_turnover_ratio": null,
            "account_receivable_turnover_ratio": null,
            "reinvestment_rate": null,
            "research_to_sale_ratio": null,
            "price_fair": 0,
            "eps_avg_yearly": 0,
            "eps_latest_yearly": 0,
            "eps_growth_yearly": 0
        },
        "20084": {
            "year_quarter": 20084,
            "year": 2008,
            "quarter": 4,
            "eps": null,
            "eps_growth_year": null,
            "eps_4q": null,
            "eps_4q_growth_year": null,
            "roe": null,
            "roe_4q": 0,
            "gross_profit": null,
            "gross_margin": null,
            "gross_margin_4q_avg": 0,
            "net_income": null,
            "net_income_4q": null,
            "revenue": null,
            "revenue_4q": null,
            "common_shares": null,
            "book_valuer_per_share": null,
            "book_valuer_per_share_4q_avg": 0,
            "equity": null,
            "current_ratio": null,
            "debt_ratio": null,
            "inventory_turnover_ratio": null,
            "account_receivable_turnover_ratio": null,
            "reinvestment_rate": null,
            "research_to_sale_ratio": null,
            "price_fair": 0,
            "eps_avg_yearly": 0,
            "eps_latest_yearly": 0,
            "eps_growth_yearly": 0
        },
        "20091": {
            "year_quarter": 20091,
            "year": 2009,
            "quarter": 1,
            "eps": null,
            "eps_growth_year": null,
            "eps_4q": null,
            "eps_4q_growth_year": null,
            "roe": null,
            "roe_4q": 0,
            "gross_profit": null,
            "gross_margin": null,
            "gross_margin_4q_avg": 0,
            "net_income": null,
            "net_income_4q": null,
            "revenue": null,
            "revenue_4q": null,
            "common_shares": null,
            "book_valuer_per_share": null,
            "book_valuer_per_share_4q_avg": 0,
            "equity": null,
            "current_ratio": null,
            "debt_ratio": null,
            "inventory_turnover_ratio": null,
            "account_receivable_turnover_ratio": null,
            "reinvestment_rate": null,
            "research_to_sale_ratio": null,
            "price_fair": 0,
            "eps_avg_yearly": 0,
            "eps_latest_yearly": 0,
            "eps_growth_yearly": 0
        },
        "20092": {
            "year_quarter": 20092,
            "year": 2009,
            "quarter": 2,
            "eps": null,
            "eps_growth_year": null,
            "eps_4q": null,
            "eps_4q_growth_year": null,
            "roe": null,
            "roe_4q": 0,
            "gross_profit": null,
            "gross_margin": null,
            "gross_margin_4q_avg": 0,
            "net_income": null,
            "net_income_4q": null,
            "revenue": null,
            "revenue_4q": null,
            "common_shares": null,
            "book_valuer_per_share": null,
            "book_valuer_per_share_4q_avg": 0,
            "equity": null,
            "current_ratio": null,
            "debt_ratio": null,
            "inventory_turnover_ratio": null,
            "account_receivable_turnover_ratio": null,
            "reinvestment_rate": null,
            "research_to_sale_ratio": null,
            "price_fair": 0,
            "eps_avg_yearly": 0,
            "eps_latest_yearly": 0,
            "eps_growth_yearly": 0
        },
        "20093": {
            "year_quarter": 20093,
            "year": 2009,
            "quarter": 3,
            "eps": null,
            "eps_growth_year": null,
            "eps_4q": null,
            "eps_4q_growth_year": null,
            "roe": null,
            "roe_4q": 0,
            "gross_profit": null,
            "gross_margin": null,
            "gross_margin_4q_avg": 0,
            "net_income": null,
            "net_income_4q": null,
            "revenue": null,
            "revenue_4q": null,
            "common_shares": null,
            "book_valuer_per_share": null,
            "book_valuer_per_share_4q_avg": 0,
            "equity": null,
            "current_ratio": null,
            "debt_ratio": null,
            "inventory_turnover_ratio": null,
            "account_receivable_turnover_ratio": null,
            "reinvestment_rate": null,
            "research_to_sale_ratio": null,
            "price_fair": 0,
            "eps_avg_yearly": 0,
            "eps_latest_yearly": 0,
            "eps_growth_yearly": 0
        },
        "20094": {
            "year_quarter": 20094,
            "year": 2009,
            "quarter": 4,
            "eps": null,
            "eps_growth_year": null,
            "eps_4q": null,
            "eps_4q_growth_year": null,
            "roe": null,
            "roe_4q": 0,
            "gross_profit": null,
            "gross_margin": null,
            "gross_margin_4q_avg": 0,
            "net_income": null,
            "net_income_4q": null,
            "revenue": null,
            "revenue_4q": null,
            "common_shares": 380573,
            "book_valuer_per_share": null,
            "book_valuer_per_share_4q_avg": 0,
            "equity": 745272,
            "current_ratio": null,
            "debt_ratio": null,
            "inventory_turnover_ratio": null,
            "account_receivable_turnover_ratio": null,
            "reinvestment_rate": null,
            "research_to_sale_ratio": null,
            "price_fair": 0,
            "eps_avg_yearly": 0,
            "eps_latest_yearly": 0,
            "eps_growth_yearly": 0
        },
        "20101": {
            "year_quarter": 20101,
            "year": 2010,
            "quarter": 1,
            "eps": null,
            "eps_growth_year": null,
            "eps_4q": null,
            "eps_4q_growth_year": null,
            "roe": null,
            "roe_4q": 0,
            "gross_profit": null,
            "gross_margin": null,
            "gross_margin_4q_avg": 0,
            "net_income": null,
            "net_income_4q": null,
            "revenue": null,
            "revenue_4q": null,
            "common_shares": null,
            "book_valuer_per_share": null,
            "book_valuer_per_share_4q_avg": 0,
            "equity": null,
            "current_ratio": null,
            "debt_ratio": null,
            "inventory_turnover_ratio": null,
            "account_receivable_turnover_ratio": null,
            "reinvestment_rate": null,
            "research_to_sale_ratio": null,
            "price_fair": 0,
            "eps_avg_yearly": 0,
            "eps_latest_yearly": 0,
            "eps_growth_yearly": 0
        },
        "20102": {
            "year_quarter": 20102,
            "year": 2010,
            "quarter": 2,
            "eps": null,
            "eps_growth_year": null,
            "eps_4q": null,
            "eps_4q_growth_year": null,
            "roe": null,
            "roe_4q": 0,
            "gross_profit": null,
            "gross_margin": null,
            "gross_margin_4q_avg": 0,
            "net_income": null,
            "net_income_4q": null,
            "revenue": null,
            "revenue_4q": null,
            "common_shares": 380573,
            "book_valuer_per_share": null,
            "book_valuer_per_share_4q_avg": 0,
            "equity": 699256,
            "current_ratio": null,
            "debt_ratio": null,
            "inventory_turnover_ratio": null,
            "account_receivable_turnover_ratio": null,
            "reinvestment_rate": null,
            "research_to_sale_ratio": null,
            "price_fair": 0,
            "eps_avg_yearly": 0,
            "eps_latest_yearly": 0,
            "eps_growth_yearly": 0
        },
        "20103": {
            "year_quarter": 20103,
            "year": 2010,
            "quarter": 3,
            "eps": null,
            "eps_growth_year": null,
            "eps_4q": null,
            "eps_4q_growth_year": null,
            "roe": null,
            "roe_4q": 0,
            "gross_profit": null,
            "gross_margin": null,
            "gross_margin_4q_avg": 0,
            "net_income": null,
            "net_income_4q": null,
            "revenue": null,
            "revenue_4q": null,
            "common_shares": null,
            "book_valuer_per_share": null,
            "book_valuer_per_share_4q_avg": 0,
            "equity": null,
            "current_ratio": null,
            "debt_ratio": null,
            "inventory_turnover_ratio": null,
            "account_receivable_turnover_ratio": null,
            "reinvestment_rate": null,
            "research_to_sale_ratio": null,
            "price_fair": 0,
            "eps_avg_yearly": 0,
            "eps_latest_yearly": 0,
            "eps_growth_yearly": 0
        },
        "20104": {
            "year_quarter": 20104,
            "year": 2010,
            "quarter": 4,
            "eps": null,
            "eps_growth_year": null,
            "eps_4q": null,
            "eps_4q_growth_year": null,
            "roe": null,
            "roe_4q": 0,
            "gross_profit": null,
            "gross_margin": null,
            "gross_margin_4q_avg": 0,
            "net_income": null,
            "net_income_4q": null,
            "revenue": null,
            "revenue_4q": null,
            "common_shares": 403413,
            "book_valuer_per_share": 19.31,
            "book_valuer_per_share_4q_avg": 4.83,
            "equity": 779132,
            "current_ratio": 133.8,
            "debt_ratio": 54.72,
            "inventory_turnover_ratio": null,
            "account_receivable_turnover_ratio": null,
            "reinvestment_rate": null,
            "research_to_sale_ratio": null,
            "price_fair": 0,
            "eps_avg_yearly": 0,
            "eps_latest_yearly": 0,
            "eps_growth_yearly": 0
        },
        "20111": {
            "year_quarter": 20111,
            "year": 2011,
            "quarter": 1,
            "eps": null,
            "eps_growth_year": null,
            "eps_4q": null,
            "eps_4q_growth_year": null,
            "roe": null,
            "roe_4q": 0,
            "gross_profit": null,
            "gross_margin": null,
            "gross_margin_4q_avg": 0,
            "net_income": null,
            "net_income_4q": null,
            "revenue": null,
            "revenue_4q": null,
            "common_shares": null,
            "book_valuer_per_share": null,
            "book_valuer_per_share_4q_avg": 4.83,
            "equity": null,
            "current_ratio": null,
            "debt_ratio": null,
            "inventory_turnover_ratio": null,
            "account_receivable_turnover_ratio": null,
            "reinvestment_rate": null,
            "research_to_sale_ratio": null,
            "price_fair": 0,
            "eps_avg_yearly": 0,
            "eps_latest_yearly": 0,
            "eps_growth_yearly": 0
        },
        "20112": {
            "year_quarter": 20112,
            "year": 2011,
            "quarter": 2,
            "eps": null,
            "eps_growth_year": null,
            "eps_4q": null,
            "eps_4q_growth_year": null,
            "roe": null,
            "roe_4q": 0,
            "gross_profit": null,
            "gross_margin": null,
            "gross_margin_4q_avg": 0,
            "net_income": null,
            "net_income_4q": null,
            "revenue": null,
            "revenue_4q": null,
            "common_shares": 403413,
            "book_valuer_per_share": 18.67,
            "book_valuer_per_share_4q_avg": 9.5,
            "equity": 753078,
            "current_ratio": 133.43,
            "debt_ratio": 57.7,
            "inventory_turnover_ratio": null,
            "account_receivable_turnover_ratio": null,
            "reinvestment_rate": null,
            "research_to_sale_ratio": null,
            "price_fair": 0,
            "eps_avg_yearly": 0,
            "eps_latest_yearly": 0,
            "eps_growth_yearly": 0
        },
        "20113": {
            "year_quarter": 20113,
            "year": 2011,
            "quarter": 3,
            "eps": null,
            "eps_growth_year": null,
            "eps_4q": null,
            "eps_4q_growth_year": null,
            "roe": null,
            "roe_4q": 0,
            "gross_profit": null,
            "gross_margin": null,
            "gross_margin_4q_avg": 0,
            "net_income": null,
            "net_income_4q": null,
            "revenue": null,
            "revenue_4q": null,
            "common_shares": null,
            "book_valuer_per_share": null,
            "book_valuer_per_share_4q_avg": 9.5,
            "equity": null,
            "current_ratio": null,
            "debt_ratio": null,
            "inventory_turnover_ratio": null,
            "account_receivable_turnover_ratio": null,
            "reinvestment_rate": null,
            "research_to_sale_ratio": null,
            "price_fair": 0,
            "eps_avg_yearly": 0,
            "eps_latest_yearly": 0,
            "eps_growth_yearly": 0
        },
        "20114": {
            "year_quarter": 20114,
            "year": 2011,
            "quarter": 4,
            "eps": null,
            "eps_growth_year": null,
            "eps_4q": null,
            "eps_4q_growth_year": null,
            "roe": null,
            "roe_4q": 0,
            "gross_profit": null,
            "gross_margin": null,
            "gross_margin_4q_avg": 0,
            "net_income": null,
            "net_income_4q": null,
            "revenue": null,
            "revenue_4q": null,
            "common_shares": 527539,
            "book_valuer_per_share": 20.98,
            "book_valuer_per_share_4q_avg": 9.91,
            "equity": 1106810,
            "current_ratio": 231.93,
            "debt_ratio": 38.73,
            "inventory_turnover_ratio": null,
            "account_receivable_turnover_ratio": null,
            "reinvestment_rate": null,
            "research_to_sale_ratio": null,
            "price_fair": 0,
            "eps_avg_yearly": 0,
            "eps_latest_yearly": 0,
            "eps_growth_yearly": 0
        },
        "20121": {
            "year_quarter": 20121,
            "year": 2012,
            "quarter": 1,
            "eps": null,
            "eps_growth_year": null,
            "eps_4q": null,
            "eps_4q_growth_year": null,
            "roe": null,
            "roe_4q": 0,
            "gross_profit": null,
            "gross_margin": null,
            "gross_margin_4q_avg": 0,
            "net_income": null,
            "net_income_4q": null,
            "revenue": null,
            "revenue_4q": null,
            "common_shares": null,
            "book_valuer_per_share": null,
            "book_valuer_per_share_4q_avg": 9.91,
            "equity": null,
            "current_ratio": null,
            "debt_ratio": null,
            "inventory_turnover_ratio": null,
            "account_receivable_turnover_ratio": null,
            "reinvestment_rate": null,
            "research_to_sale_ratio": null,
            "price_fair": 0,
            "eps_avg_yearly": 0,
            "eps_latest_yearly": 0,
            "eps_growth_yearly": 0
        },
        "20122": {
            "year_quarter": 20122,
            "year": 2012,
            "quarter": 2,
            "eps": null,
            "eps_growth_year": null,
            "eps_4q": null,
            "eps_4q_growth_year": null,
            "roe": null,
            "roe_4q": 0,
            "gross_profit": null,
            "gross_margin": null,
            "gross_margin_4q_avg": 0,
            "net_income": null,
            "net_income_4q": null,
            "revenue": null,
            "revenue_4q": null,
            "common_shares": 527539,
            "book_valuer_per_share": 20.08,
            "book_valuer_per_share_4q_avg": 10.27,
            "equity": 1059538,
            "current_ratio": 201.69,
            "debt_ratio": 41.06,
            "inventory_turnover_ratio": null,
            "account_receivable_turnover_ratio": null,
            "reinvestment_rate": null,
            "research_to_sale_ratio": null,
            "price_fair": 0,
            "eps_avg_yearly": 0,
            "eps_latest_yearly": 0,
            "eps_growth_yearly": 0
        },
        "20123": {
            "year_quarter": 20123,
            "year": 2012,
            "quarter": 3,
            "eps": null,
            "eps_growth_year": null,
            "eps_4q": null,
            "eps_4q_growth_year": null,
            "roe": null,
            "roe_4q": 0,
            "gross_profit": null,
            "gross_margin": null,
            "gross_margin_4q_avg": 0,
            "net_income": null,
            "net_income_4q": null,
            "revenue": null,
            "revenue_4q": null,
            "common_shares": null,
            "book_valuer_per_share": null,
            "book_valuer_per_share_4q_avg": 10.27,
            "equity": null,
            "current_ratio": null,
            "debt_ratio": null,
            "inventory_turnover_ratio": null,
            "account_receivable_turnover_ratio": null,
            "reinvestment_rate": null,
            "research_to_sale_ratio": null,
            "price_fair": 0,
            "eps_avg_yearly": 0,
            "eps_latest_yearly": 0,
            "eps_growth_yearly": 0
        },
        "20124": {
            "year_quarter": 20124,
            "year": 2012,
            "quarter": 4,
            "eps": null,
            "eps_growth_year": null,
            "eps_4q": null,
            "eps_4q_growth_year": null,
            "roe": null,
            "roe_4q": 0,
            "gross_profit": null,
            "gross_margin": null,
            "gross_margin_4q_avg": 0,
            "net_income": null,
            "net_income_4q": null,
            "revenue": null,
            "revenue_4q": null,
            "common_shares": 527539,
            "book_valuer_per_share": 20.19,
            "book_valuer_per_share_4q_avg": 10.07,
            "equity": 1065036,
            "current_ratio": 200.79,
            "debt_ratio": 38.88,
            "inventory_turnover_ratio": null,
            "account_receivable_turnover_ratio": null,
            "reinvestment_rate": null,
            "research_to_sale_ratio": null,
            "price_fair": 0,
            "eps_avg_yearly": 0,
            "eps_latest_yearly": 0,
            "eps_growth_yearly": 0
        },
        "20131": {
            "year_quarter": 20131,
            "year": 2013,
            "quarter": 1,
            "eps": null,
            "eps_growth_year": null,
            "eps_4q": null,
            "eps_4q_growth_year": null,
            "roe": null,
            "roe_4q": 0,
            "gross_profit": null,
            "gross_margin": null,
            "gross_margin_4q_avg": 0,
            "net_income": null,
            "net_income_4q": null,
            "revenue": null,
            "revenue_4q": null,
            "common_shares": null,
            "book_valuer_per_share": null,
            "book_valuer_per_share_4q_avg": 10.07,
            "equity": null,
            "current_ratio": null,
            "debt_ratio": null,
            "inventory_turnover_ratio": null,
            "account_receivable_turnover_ratio": null,
            "reinvestment_rate": null,
            "research_to_sale_ratio": null,
            "price_fair": 0,
            "eps_avg_yearly": 0,
            "eps_latest_yearly": 0,
            "eps_growth_yearly": 0
        },
        "20132": {
            "year_quarter": 20132,
            "year": 2013,
            "quarter": 2,
            "eps": 0,
            "eps_growth_year": null,
            "eps_4q": null,
            "eps_4q_growth_year": null,
            "roe": 2.87,
            "roe_4q": 2.87,
            "gross_profit": 156628,
            "gross_margin": 26.51,
            "gross_margin_4q_avg": 6.63,
            "net_income": 30634,
            "net_income_4q": null,
            "revenue": 590830,
            "revenue_4q": null,
            "common_shares": 527539,
            "book_valuer_per_share": 20.26,
            "book_valuer_per_share_4q_avg": 10.11,
            "equity": 1068983,
            "current_ratio": 180.21,
            "debt_ratio": 46.83,
            "inventory_turnover_ratio": 0.89,
            "account_receivable_turnover_ratio": 2.39,
            "reinvestment_rate": null,
            "research_to_sale_ratio": 1.71,
            "price_fair": 0,
            "eps_avg_yearly": 0,
            "eps_latest_yearly": 0,
            "eps_growth_yearly": 0
        },
        "20133": {
            "year_quarter": 20133,
            "year": 2013,
            "quarter": 3,
            "eps": null,
            "eps_growth_year": null,
            "eps_4q": null,
            "eps_4q_growth_year": null,
            "roe": null,
            "roe_4q": 2.87,
            "gross_profit": null,
            "gross_margin": null,
            "gross_margin_4q_avg": 6.63,
            "net_income": null,
            "net_income_4q": null,
            "revenue": null,
            "revenue_4q": null,
            "common_shares": null,
            "book_valuer_per_share": null,
            "book_valuer_per_share_4q_avg": 10.11,
            "equity": null,
            "current_ratio": null,
            "debt_ratio": null,
            "inventory_turnover_ratio": null,
            "account_receivable_turnover_ratio": null,
            "reinvestment_rate": null,
            "research_to_sale_ratio": null,
            "price_fair": 0,
            "eps_avg_yearly": 0,
            "eps_latest_yearly": 0,
            "eps_growth_yearly": 0
        },
        "20134": {
            "year_quarter": 20134,
            "year": 2013,
            "quarter": 4,
            "eps": null,
            "eps_growth_year": null,
            "eps_4q": null,
            "eps_4q_growth_year": null,
            "roe": null,
            "roe_4q": 2.87,
            "gross_profit": null,
            "gross_margin": null,
            "gross_margin_4q_avg": 6.63,
            "net_income": null,
            "net_income_4q": null,
            "revenue": null,
            "revenue_4q": null,
            "common_shares": 527539,
            "book_valuer_per_share": 21.79,
            "book_valuer_per_share_4q_avg": 10.51,
            "equity": 1149718,
            "current_ratio": 176.9,
            "debt_ratio": 46.3,
            "inventory_turnover_ratio": null,
            "account_receivable_turnover_ratio": null,
            "reinvestment_rate": null,
            "research_to_sale_ratio": null,
            "price_fair": 0,
            "eps_avg_yearly": 0,
            "eps_latest_yearly": 0,
            "eps_growth_yearly": 0
        },
        "20141": {
            "year_quarter": 20141,
            "year": 2014,
            "quarter": 1,
            "eps": null,
            "eps_growth_year": null,
            "eps_4q": null,
            "eps_4q_growth_year": null,
            "roe": null,
            "roe_4q": 2.87,
            "gross_profit": null,
            "gross_margin": null,
            "gross_margin_4q_avg": 6.63,
            "net_income": null,
            "net_income_4q": null,
            "revenue": null,
            "revenue_4q": null,
            "common_shares": null,
            "book_valuer_per_share": null,
            "book_valuer_per_share_4q_avg": 10.51,
            "equity": null,
            "current_ratio": null,
            "debt_ratio": null,
            "inventory_turnover_ratio": null,
            "account_receivable_turnover_ratio": null,
            "reinvestment_rate": null,
            "research_to_sale_ratio": null,
            "price_fair": 0,
            "eps_avg_yearly": 0,
            "eps_latest_yearly": 0,
            "eps_growth_yearly": 0
        },
        "20142": {
            "year_quarter": 20142,
            "year": 2014,
            "quarter": 2,
            "eps": null,
            "eps_growth_year": null,
            "eps_4q": null,
            "eps_4q_growth_year": null,
            "roe": null,
            "roe_4q": 0,
            "gross_profit": null,
            "gross_margin": null,
            "gross_margin_4q_avg": 0,
            "net_income": null,
            "net_income_4q": null,
            "revenue": null,
            "revenue_4q": null,
            "common_shares": 527539,
            "book_valuer_per_share": 20.83,
            "book_valuer_per_share_4q_avg": 10.66,
            "equity": 1098742,
            "current_ratio": 156.57,
            "debt_ratio": 50.6,
            "inventory_turnover_ratio": null,
            "account_receivable_turnover_ratio": null,
            "reinvestment_rate": null,
            "research_to_sale_ratio": null,
            "price_fair": 0,
            "eps_avg_yearly": 0,
            "eps_latest_yearly": 0,
            "eps_growth_yearly": 0
        },
        "20143": {
            "year_quarter": 20143,
            "year": 2014,
            "quarter": 3,
            "eps": null,
            "eps_growth_year": null,
            "eps_4q": null,
            "eps_4q_growth_year": null,
            "roe": null,
            "roe_4q": 0,
            "gross_profit": null,
            "gross_margin": null,
            "gross_margin_4q_avg": 0,
            "net_income": null,
            "net_income_4q": null,
            "revenue": null,
            "revenue_4q": null,
            "common_shares": null,
            "book_valuer_per_share": null,
            "book_valuer_per_share_4q_avg": 10.66,
            "equity": null,
            "current_ratio": null,
            "debt_ratio": null,
            "inventory_turnover_ratio": null,
            "account_receivable_turnover_ratio": null,
            "reinvestment_rate": null,
            "research_to_sale_ratio": null,
            "price_fair": 0,
            "eps_avg_yearly": 0,
            "eps_latest_yearly": 0,
            "eps_growth_yearly": 0
        },
        "20144": {
            "year_quarter": 20144,
            "year": 2014,
            "quarter": 4,
            "eps": null,
            "eps_growth_year": null,
            "eps_4q": null,
            "eps_4q_growth_year": null,
            "roe": null,
            "roe_4q": 0,
            "gross_profit": null,
            "gross_margin": null,
            "gross_margin_4q_avg": 0,
            "net_income": null,
            "net_income_4q": null,
            "revenue": null,
            "revenue_4q": null,
            "common_shares": 543365,
            "book_valuer_per_share": 22,
            "book_valuer_per_share_4q_avg": 10.71,
            "equity": 1195295,
            "current_ratio": 176.79,
            "debt_ratio": 48.12,
            "inventory_turnover_ratio": null,
            "account_receivable_turnover_ratio": null,
            "reinvestment_rate": null,
            "research_to_sale_ratio": null,
            "price_fair": 0,
            "eps_avg_yearly": 0,
            "eps_latest_yearly": 0,
            "eps_growth_yearly": 0
        },
        "20151": {
            "year_quarter": 20151,
            "year": 2015,
            "quarter": 1,
            "eps": null,
            "eps_growth_year": null,
            "eps_4q": null,
            "eps_4q_growth_year": null,
            "roe": null,
            "roe_4q": 0,
            "gross_profit": null,
            "gross_margin": null,
            "gross_margin_4q_avg": 0,
            "net_income": null,
            "net_income_4q": null,
            "revenue": null,
            "revenue_4q": null,
            "common_shares": null,
            "book_valuer_per_share": null,
            "book_valuer_per_share_4q_avg": 10.71,
            "equity": null,
            "current_ratio": null,
            "debt_ratio": null,
            "inventory_turnover_ratio": null,
            "account_receivable_turnover_ratio": null,
            "reinvestment_rate": null,
            "research_to_sale_ratio": null,
            "price_fair": 0,
            "eps_avg_yearly": 0,
            "eps_latest_yearly": 0,
            "eps_growth_yearly": 0
        },
        "20152": {
            "year_quarter": 20152,
            "year": 2015,
            "quarter": 2,
            "eps": null,
            "eps_growth_year": null,
            "eps_4q": null,
            "eps_4q_growth_year": null,
            "roe": null,
            "roe_4q": 0,
            "gross_profit": null,
            "gross_margin": null,
            "gross_margin_4q_avg": 0,
            "net_income": null,
            "net_income_4q": null,
            "revenue": null,
            "revenue_4q": null,
            "common_shares": 543365,
            "book_valuer_per_share": 21.14,
            "book_valuer_per_share_4q_avg": 10.79,
            "equity": 1153825,
            "current_ratio": 158.26,
            "debt_ratio": 53.56,
            "inventory_turnover_ratio": null,
            "account_receivable_turnover_ratio": null,
            "reinvestment_rate": null,
            "research_to_sale_ratio": null,
            "price_fair": 0,
            "eps_avg_yearly": 0,
            "eps_latest_yearly": 0,
            "eps_growth_yearly": 0
        },
        "20153": {
            "year_quarter": 20153,
            "year": 2015,
            "quarter": 3,
            "eps": null,
            "eps_growth_year": null,
            "eps_4q": null,
            "eps_4q_growth_year": null,
            "roe": null,
            "roe_4q": 0,
            "gross_profit": null,
            "gross_margin": null,
            "gross_margin_4q_avg": 0,
            "net_income": null,
            "net_income_4q": null,
            "revenue": null,
            "revenue_4q": null,
            "common_shares": null,
            "book_valuer_per_share": null,
            "book_valuer_per_share_4q_avg": 10.79,
            "equity": null,
            "current_ratio": null,
            "debt_ratio": null,
            "inventory_turnover_ratio": null,
            "account_receivable_turnover_ratio": null,
            "reinvestment_rate": null,
            "research_to_sale_ratio": null,
            "price_fair": 0,
            "eps_avg_yearly": 0,
            "eps_latest_yearly": 0,
            "eps_growth_yearly": 0
        },
        "20154": {
            "year_quarter": 20154,
            "year": 2015,
            "quarter": 4,
            "eps": null,
            "eps_growth_year": null,
            "eps_4q": null,
            "eps_4q_growth_year": null,
            "roe": null,
            "roe_4q": 0,
            "gross_profit": null,
            "gross_margin": null,
            "gross_margin_4q_avg": 0,
            "net_income": null,
            "net_income_4q": null,
            "revenue": null,
            "revenue_4q": null,
            "common_shares": 543365,
            "book_valuer_per_share": 22.03,
            "book_valuer_per_share_4q_avg": 10.79,
            "equity": 1201502,
            "current_ratio": 148.18,
            "debt_ratio": 51.25,
            "inventory_turnover_ratio": null,
            "account_receivable_turnover_ratio": null,
            "reinvestment_rate": null,
            "research_to_sale_ratio": null,
            "price_fair": 0,
            "eps_avg_yearly": 0,
            "eps_latest_yearly": 0,
            "eps_growth_yearly": 0
        },
        "20161": {
            "year_quarter": 20161,
            "year": 2016,
            "quarter": 1,
            "eps": null,
            "eps_growth_year": null,
            "eps_4q": null,
            "eps_4q_growth_year": null,
            "roe": null,
            "roe_4q": 0,
            "gross_profit": null,
            "gross_margin": null,
            "gross_margin_4q_avg": 0,
            "net_income": null,
            "net_income_4q": null,
            "revenue": null,
            "revenue_4q": null,
            "common_shares": null,
            "book_valuer_per_share": null,
            "book_valuer_per_share_4q_avg": 10.79,
            "equity": null,
            "current_ratio": null,
            "debt_ratio": null,
            "inventory_turnover_ratio": null,
            "account_receivable_turnover_ratio": null,
            "reinvestment_rate": null,
            "research_to_sale_ratio": null,
            "price_fair": 0,
            "eps_avg_yearly": 0,
            "eps_latest_yearly": 0,
            "eps_growth_yearly": 0
        },
        "20162": {
            "year_quarter": 20162,
            "year": 2016,
            "quarter": 2,
            "eps": null,
            "eps_growth_year": null,
            "eps_4q": null,
            "eps_4q_growth_year": null,
            "roe": null,
            "roe_4q": 0,
            "gross_profit": null,
            "gross_margin": null,
            "gross_margin_4q_avg": 0,
            "net_income": null,
            "net_income_4q": null,
            "revenue": null,
            "revenue_4q": null,
            "common_shares": 543365,
            "book_valuer_per_share": 21.47,
            "book_valuer_per_share_4q_avg": 10.88,
            "equity": 1170637,
            "current_ratio": 137.51,
            "debt_ratio": 54.18,
            "inventory_turnover_ratio": null,
            "account_receivable_turnover_ratio": null,
            "reinvestment_rate": null,
            "research_to_sale_ratio": null,
            "price_fair": 0,
            "eps_avg_yearly": 0,
            "eps_latest_yearly": 0,
            "eps_growth_yearly": 0
        },
        "20163": {
            "year_quarter": 20163,
            "year": 2016,
            "quarter": 3,
            "eps": null,
            "eps_growth_year": null,
            "eps_4q": null,
            "eps_4q_growth_year": null,
            "roe": null,
            "roe_4q": 0,
            "gross_profit": null,
            "gross_margin": null,
            "gross_margin_4q_avg": 0,
            "net_income": null,
            "net_income_4q": null,
            "revenue": null,
            "revenue_4q": null,
            "common_shares": null,
            "book_valuer_per_share": null,
            "book_valuer_per_share_4q_avg": 10.88,
            "equity": null,
            "current_ratio": null,
            "debt_ratio": null,
            "inventory_turnover_ratio": null,
            "account_receivable_turnover_ratio": null,
            "reinvestment_rate": null,
            "research_to_sale_ratio": null,
            "price_fair": 0,
            "eps_avg_yearly": 0,
            "eps_latest_yearly": 0,
            "eps_growth_yearly": 0
        },
        "20164": {
            "year_quarter": 20164,
            "year": 2016,
            "quarter": 4,
            "eps": null,
            "eps_growth_year": null,
            "eps_4q": null,
            "eps_4q_growth_year": null,
            "roe": null,
            "roe_4q": 0,
            "gross_profit": null,
            "gross_margin": null,
            "gross_margin_4q_avg": 0,
            "net_income": null,
            "net_income_4q": null,
            "revenue": null,
            "revenue_4q": null,
            "common_shares": null,
            "book_valuer_per_share": null,
            "book_valuer_per_share_4q_avg": 5.37,
            "equity": null,
            "current_ratio": null,
            "debt_ratio": null,
            "inventory_turnover_ratio": null,
            "account_receivable_turnover_ratio": null,
            "reinvestment_rate": null,
            "research_to_sale_ratio": null,
            "price_fair": 0,
            "eps_avg_yearly": 0,
            "eps_latest_yearly": 0,
            "eps_growth_yearly": 0
        },
        "20171": {
            "year_quarter": 20171,
            "year": 2017,
            "quarter": 1,
            "eps": null,
            "eps_growth_year": null,
            "eps_4q": null,
            "eps_4q_growth_year": null,
            "roe": null,
            "roe_4q": 0,
            "gross_profit": null,
            "gross_margin": null,
            "gross_margin_4q_avg": 0,
            "net_income": null,
            "net_income_4q": null,
            "revenue": null,
            "revenue_4q": null,
            "common_shares": null,
            "book_valuer_per_share": null,
            "book_valuer_per_share_4q_avg": 5.37,
            "equity": null,
            "current_ratio": null,
            "debt_ratio": null,
            "inventory_turnover_ratio": null,
            "account_receivable_turnover_ratio": null,
            "reinvestment_rate": null,
            "research_to_sale_ratio": null,
            "price_fair": 0,
            "eps_avg_yearly": 0,
            "eps_latest_yearly": 0,
            "eps_growth_yearly": 0
        },
        "20172": {
            "year_quarter": 20172,
            "year": 2017,
            "quarter": 2,
            "eps": null,
            "eps_growth_year": null,
            "eps_4q": null,
            "eps_4q_growth_year": null,
            "roe": null,
            "roe_4q": 0,
            "gross_profit": null,
            "gross_margin": null,
            "gross_margin_4q_avg": 0,
            "net_income": null,
            "net_income_4q": null,
            "revenue": null,
            "revenue_4q": null,
            "common_shares": 600419,
            "book_valuer_per_share": 17.91,
            "book_valuer_per_share_4q_avg": 4.48,
            "equity": 1078643,
            "current_ratio": 129.96,
            "debt_ratio": 56.66,
            "inventory_turnover_ratio": null,
            "account_receivable_turnover_ratio": null,
            "reinvestment_rate": null,
            "research_to_sale_ratio": null,
            "price_fair": 0,
            "eps_avg_yearly": 0,
            "eps_latest_yearly": 0,
            "eps_growth_yearly": 0
        },
        "20173": {
            "year_quarter": 20173,
            "year": 2017,
            "quarter": 3,
            "eps": 0.18,
            "eps_growth_year": null,
            "eps_4q": null,
            "eps_4q_growth_year": null,
            "roe": 1,
            "roe_4q": 1,
            "gross_profit": 75840,
            "gross_margin": 21.85,
            "gross_margin_4q_avg": 5.46,
            "net_income": 10867,
            "net_income_4q": null,
            "revenue": 347050,
            "revenue_4q": null,
            "common_shares": 600419,
            "book_valuer_per_share": 18.21,
            "book_valuer_per_share_4q_avg": 9.03,
            "equity": 1093405,
            "current_ratio": 126.94,
            "debt_ratio": 54.81,
            "inventory_turnover_ratio": 0.45,
            "account_receivable_turnover_ratio": 1.33,
            "reinvestment_rate": null,
            "research_to_sale_ratio": 1.45,
            "price_fair": 0,
            "eps_avg_yearly": 0,
            "eps_latest_yearly": 0,
            "eps_growth_yearly": 0
        },
        "20174": {
            "year_quarter": 20174,
            "year": 2017,
            "quarter": 4,
            "eps": -0.07,
            "eps_growth_year": null,
            "eps_4q": null,
            "eps_4q_growth_year": null,
            "roe": -0.36,
            "roe_4q": 0.64,
            "gross_profit": 61420,
            "gross_margin": 19.35,
            "gross_margin_4q_avg": 10.3,
            "net_income": -3959,
            "net_income_4q": null,
            "revenue": 317367,
            "revenue_4q": null,
            "common_shares": 600419,
            "book_valuer_per_share": 18.14,
            "book_valuer_per_share_4q_avg": 13.57,
            "equity": 1089219,
            "current_ratio": 121.52,
            "debt_ratio": 54.84,
            "inventory_turnover_ratio": 0.41,
            "account_receivable_turnover_ratio": 1.26,
            "reinvestment_rate": null,
            "research_to_sale_ratio": 1.37,
            "price_fair": 0,
            "eps_avg_yearly": 0,
            "eps_latest_yearly": 0,
            "eps_growth_yearly": 0
        },
        "20181": {
            "year_quarter": 20181,
            "year": 2018,
            "quarter": 1,
            "eps": -0.18,
            "eps_growth_year": null,
            "eps_4q": null,
            "eps_4q_growth_year": null,
            "roe": -0.97,
            "roe_4q": -0.33000000000000007,
            "gross_profit": 45807,
            "gross_margin": 15.48,
            "gross_margin_4q_avg": 14.17,
            "net_income": -10616,
            "net_income_4q": null,
            "revenue": 295854,
            "revenue_4q": null,
            "common_shares": 600419,
            "book_valuer_per_share": 18.12,
            "book_valuer_per_share_4q_avg": 18.1,
            "equity": 1089666,
            "current_ratio": 120.92,
            "debt_ratio": 53.72,
            "inventory_turnover_ratio": 0.41,
            "account_receivable_turnover_ratio": 1.13,
            "reinvestment_rate": null,
            "research_to_sale_ratio": 1.44,
            "price_fair": 0,
            "eps_avg_yearly": 0,
            "eps_latest_yearly": 0,
            "eps_growth_yearly": 0
        },
        "20182": {
            "year_quarter": 20182,
            "year": 2018,
            "quarter": 2,
            "eps": 0.04,
            "eps_growth_year": null,
            "eps_4q": -0.01,
            "eps_4q_growth_year": null,
            "roe": 0.25,
            "roe_4q": -0.08000000000000007,
            "gross_profit": 73669,
            "gross_margin": 20.15,
            "gross_margin_4q_avg": 19.21,
            "net_income": 2897,
            "net_income_4q": null,
            "revenue": 365692,
            "revenue_4q": null,
            "common_shares": 677359,
            "book_valuer_per_share": 17.95,
            "book_valuer_per_share_4q_avg": 18.11,
            "equity": 1215542,
            "current_ratio": 146.68,
            "debt_ratio": 51.17,
            "inventory_turnover_ratio": 0.47,
            "account_receivable_turnover_ratio": 1.14,
            "reinvestment_rate": null,
            "research_to_sale_ratio": 1.61,
            "price_fair": 0,
            "eps_avg_yearly": 0,
            "eps_latest_yearly": 0,
            "eps_growth_yearly": 0
        },
        "20183": {
            "year_quarter": 20183,
            "year": 2018,
            "quarter": 3,
            "eps": 0.1,
            "eps_growth_year": -44.44,
            "eps_4q": -0.08,
            "eps_4q_growth_year": null,
            "roe": 0.55,
            "roe_4q": -0.5299999999999999,
            "gross_profit": 93895,
            "gross_margin": 25.05,
            "gross_margin_4q_avg": 20.01,
            "net_income": 6612,
            "net_income_4q": null,
            "revenue": 374878,
            "revenue_4q": null,
            "common_shares": 677359,
            "book_valuer_per_share": 17.76,
            "book_valuer_per_share_4q_avg": 17.99,
            "equity": 1189508,
            "current_ratio": 145.82,
            "debt_ratio": 52.04,
            "inventory_turnover_ratio": 0.42,
            "account_receivable_turnover_ratio": 1.07,
            "reinvestment_rate": null,
            "research_to_sale_ratio": 2.01,
            "price_fair": 14,
            "eps_avg_yearly": 0.4,
            "eps_latest_yearly": 0.4,
            "eps_growth_yearly": 600
        },
        "20184": {
            "year_quarter": 20184,
            "year": 2018,
            "quarter": 4,
            "eps": 0.61,
            "eps_growth_year": null,
            "eps_4q": 0.59,
            "eps_4q_growth_year": null,
            "roe": 3.31,
            "roe_4q": 3.1400000000000006,
            "gross_profit": 112763,
            "gross_margin": 26.56,
            "gross_margin_4q_avg": 21.81,
            "net_income": 39791,
            "net_income_4q": null,
            "revenue": 424561,
            "revenue_4q": null,
            "common_shares": 665359,
            "book_valuer_per_share": 18.37,
            "book_valuer_per_share_4q_avg": 18.05,
            "equity": 1216671,
            "current_ratio": 141.84,
            "debt_ratio": 53.58,
            "inventory_turnover_ratio": 0.43,
            "account_receivable_turnover_ratio": 1.24,
            "reinvestment_rate": null,
            "research_to_sale_ratio": 2.05,
            "price_fair": 49.7,
            "eps_avg_yearly": 1.42,
            "eps_latest_yearly": 2.44,
            "eps_growth_yearly": 1320
        },
        "20191": {
            "year_quarter": 20191,
            "year": 2019,
            "quarter": 1,
            "eps": 0.04,
            "eps_growth_year": null,
            "eps_4q": 0.79,
            "eps_4q_growth_year": null,
            "roe": 0.19,
            "roe_4q": 4.3,
            "gross_profit": 78447,
            "gross_margin": 23.89,
            "gross_margin_4q_avg": 23.91,
            "net_income": 2362,
            "net_income_4q": null,
            "revenue": 328402,
            "revenue_4q": null,
            "common_shares": 660359,
            "book_valuer_per_share": 18.64,
            "book_valuer_per_share_4q_avg": 18.18,
            "equity": 1244473,
            "current_ratio": 143.87,
            "debt_ratio": 54.48,
            "inventory_turnover_ratio": 0.33,
            "account_receivable_turnover_ratio": 0.95,
            "reinvestment_rate": null,
            "research_to_sale_ratio": 2.42,
            "price_fair": 35,
            "eps_avg_yearly": 1,
            "eps_latest_yearly": 0.16,
            "eps_growth_yearly": 755.41
        },
        "20192": {
            "year_quarter": 20192,
            "year": 2019,
            "quarter": 2,
            "eps": 0.09,
            "eps_growth_year": 125,
            "eps_4q": 0.82,
            "eps_4q_growth_year": null,
            "roe": 0.4,
            "roe_4q": 4.45,
            "gross_profit": 89870,
            "gross_margin": 22.29,
            "gross_margin_4q_avg": 24.45,
            "net_income": 4979,
            "net_income_4q": null,
            "revenue": 403188,
            "revenue_4q": null,
            "common_shares": 660359,
            "book_valuer_per_share": 18.54,
            "book_valuer_per_share_4q_avg": 18.33,
            "equity": 1236647,
            "current_ratio": 133.62,
            "debt_ratio": 52.93,
            "inventory_turnover_ratio": 0.42,
            "account_receivable_turnover_ratio": 1.21,
            "reinvestment_rate": null,
            "research_to_sale_ratio": 2.81,
            "price_fair": 29.4,
            "eps_avg_yearly": 0.84,
            "eps_latest_yearly": 0.36,
            "eps_growth_yearly": 691.56
        },
        "20193": {
            "year_quarter": 20193,
            "year": 2019,
            "quarter": 3,
            "eps": -0.05,
            "eps_growth_year": -150,
            "eps_4q": 0.67,
            "eps_4q_growth_year": null,
            "roe": -0.28,
            "roe_4q": 3.62,
            "gross_profit": 85938,
            "gross_margin": 21.52,
            "gross_margin_4q_avg": 23.57,
            "net_income": -3362,
            "net_income_4q": null,
            "revenue": 399431,
            "revenue_4q": null,
            "common_shares": 673566,
            "book_valuer_per_share": 17.78,
            "book_valuer_per_share_4q_avg": 18.33,
            "equity": 1197765,
            "current_ratio": 127.5,
            "debt_ratio": 52.98,
            "inventory_turnover_ratio": 0.46,
            "account_receivable_turnover_ratio": 1.18,
            "reinvestment_rate": null,
            "research_to_sale_ratio": 3.4,
            "price_fair": 29.4,
            "eps_avg_yearly": 0.84,
            "eps_latest_yearly": 0.36,
            "eps_growth_yearly": 691.56
        },
        "20194": {
            "year_quarter": 20194,
            "year": 2019,
            "quarter": 4,
            "eps": -0.03,
            "eps_growth_year": -104.56,
            "eps_4q": 0.05,
            "eps_4q_growth_year": -91.8,
            "roe": -0.16,
            "roe_4q": 0.14999999999999997,
            "gross_profit": 87788,
            "gross_margin": 22.78,
            "gross_margin_4q_avg": 22.62,
            "net_income": -1850,
            "net_income_4q": null,
            "revenue": 385446,
            "revenue_4q": null,
            "common_shares": 673566,
            "book_valuer_per_share": 17.56,
            "book_valuer_per_share_4q_avg": 18.13,
            "equity": 1174068,
            "current_ratio": 127.91,
            "debt_ratio": 52.86,
            "inventory_turnover_ratio": 0.46,
            "account_receivable_turnover_ratio": 1.15,
            "reinvestment_rate": null,
            "research_to_sale_ratio": 2.3,
            "price_fair": 29.4,
            "eps_avg_yearly": 0.84,
            "eps_latest_yearly": 0.36,
            "eps_growth_yearly": 691.56
        },
        "20201": {
            "year_quarter": 20201,
            "year": 2020,
            "quarter": 1,
            "eps": 0.09,
            "eps_growth_year": 125,
            "eps_4q": 0.1,
            "eps_4q_growth_year": -86.83,
            "roe": 0.53,
            "roe_4q": 0.49,
            "gross_profit": 74425,
            "gross_margin": 20.99,
            "gross_margin_4q_avg": 21.9,
            "net_income": 6177,
            "net_income_4q": null,
            "revenue": 354517,
            "revenue_4q": null,
            "common_shares": 663566,
            "book_valuer_per_share": 17.65,
            "book_valuer_per_share_4q_avg": 17.88,
            "equity": 1163805,
            "current_ratio": 127.47,
            "debt_ratio": 53.92,
            "inventory_turnover_ratio": 0.43,
            "account_receivable_turnover_ratio": 1.09,
            "reinvestment_rate": null,
            "research_to_sale_ratio": 2.08,
            "price_fair": 29.4,
            "eps_avg_yearly": 0.84,
            "eps_latest_yearly": 0.36,
            "eps_growth_yearly": 691.56
        },
        "20202": {
            "year_quarter": 20202,
            "year": 2020,
            "quarter": 2,
            "eps": 1.46,
            "eps_growth_year": 1522.22,
            "eps_4q": 1.49,
            "eps_4q_growth_year": 81.57,
            "roe": 8.11,
            "roe_4q": 8.2,
            "gross_profit": 98078,
            "gross_margin": 26.27,
            "gross_margin_4q_avg": 22.89,
            "net_income": 96143,
            "net_income_4q": null,
            "revenue": 373402,
            "revenue_4q": null,
            "common_shares": 663566,
            "book_valuer_per_share": 18.46,
            "book_valuer_per_share_4q_avg": 17.86,
            "equity": 1206723,
            "current_ratio": 135.8,
            "debt_ratio": 52.58,
            "inventory_turnover_ratio": 0.41,
            "account_receivable_turnover_ratio": 1.11,
            "reinvestment_rate": null,
            "research_to_sale_ratio": 2.57,
            "price_fair": 64.4,
            "eps_avg_yearly": 1.84,
            "eps_latest_yearly": 5.84,
            "eps_growth_yearly": 1771.02
        },
        "20203": {
            "year_quarter": 20203,
            "year": 2020,
            "quarter": 3,
            "eps": 0.56,
            "eps_growth_year": null,
            "eps_4q": 2.11,
            "eps_4q_growth_year": 214.16,
            "roe": 3.02,
            "roe_4q": 11.499999999999998,
            "gross_profit": 142982,
            "gross_margin": 27.9,
            "gross_margin_4q_avg": 24.49,
            "net_income": 37151,
            "net_income_4q": null,
            "revenue": 512397,
            "revenue_4q": null,
            "common_shares": 653566,
            "book_valuer_per_share": 19.14,
            "book_valuer_per_share_4q_avg": 18.2,
            "equity": 1250717,
            "current_ratio": 135.46,
            "debt_ratio": 52.37,
            "inventory_turnover_ratio": 0.54,
            "account_receivable_turnover_ratio": 1.35,
            "reinvestment_rate": null,
            "research_to_sale_ratio": 1.67,
            "price_fair": 66.73,
            "eps_avg_yearly": 1.91,
            "eps_latest_yearly": 2.24,
            "eps_growth_yearly": 1434.76
        },
        "20204": {
            "year_quarter": 20204,
            "year": 2020,
            "quarter": 4,
            "eps": 0.52,
            "eps_growth_year": null,
            "eps_4q": 2.66,
            "eps_4q_growth_year": 5393.4,
            "roe": 2.69,
            "roe_4q": 14.35,
            "gross_profit": 133565,
            "gross_margin": 27.52,
            "gross_margin_4q_avg": 25.67,
            "net_income": 34199,
            "net_income_4q": null,
            "revenue": 485413,
            "revenue_4q": null,
            "common_shares": 653566,
            "book_valuer_per_share": 19.77,
            "book_valuer_per_share_4q_avg": 18.76,
            "equity": 1292135,
            "current_ratio": 138.87,
            "debt_ratio": 51.68,
            "inventory_turnover_ratio": 0.49,
            "account_receivable_turnover_ratio": 1.36,
            "reinvestment_rate": null,
            "research_to_sale_ratio": 1.85,
            "price_fair": 67.6,
            "eps_avg_yearly": 1.93,
            "eps_latest_yearly": 2.08,
            "eps_growth_yearly": 1225.71
        },
        "20211": {
            "year_quarter": 20211,
            "year": 2021,
            "quarter": 1,
            "eps": 0.37,
            "eps_growth_year": 311.11,
            "eps_4q": 2.93,
            "eps_4q_growth_year": 2718.43,
            "roe": 1.91,
            "roe_4q": 15.729999999999999,
            "gross_profit": 129509,
            "gross_margin": 24.22,
            "gross_margin_4q_avg": 26.48,
            "net_income": 23986,
            "net_income_4q": null,
            "revenue": 534609,
            "revenue_4q": null,
            "common_shares": 653566,
            "book_valuer_per_share": 18.58,
            "book_valuer_per_share_4q_avg": 18.99,
            "equity": 1214080,
            "current_ratio": 127.79,
            "debt_ratio": 55.72,
            "inventory_turnover_ratio": 0.52,
            "account_receivable_turnover_ratio": 1.55,
            "reinvestment_rate": null,
            "research_to_sale_ratio": 2.36,
            "price_fair": 65.63,
            "eps_avg_yearly": 1.88,
            "eps_latest_yearly": 1.48,
            "eps_growth_yearly": 1058.07
        },
        "20212": {
            "year_quarter": 20212,
            "year": 2021,
            "quarter": 2,
            "eps": 0.54,
            "eps_growth_year": -63.01,
            "eps_4q": 2,
            "eps_4q_growth_year": 34.82,
            "roe": 2.9,
            "roe_4q": 10.52,
            "gross_profit": 154879,
            "gross_margin": 24.71,
            "gross_margin_4q_avg": 26.09,
            "net_income": 35589,
            "net_income_4q": null,
            "revenue": 626868,
            "revenue_4q": null,
            "common_shares": 653566,
            "book_valuer_per_share": 18.96,
            "book_valuer_per_share_4q_avg": 19.11,
            "equity": 1238942,
            "current_ratio": 128.27,
            "debt_ratio": 56.63,
            "inventory_turnover_ratio": 0.56,
            "account_receivable_turnover_ratio": 1.54,
            "reinvestment_rate": -7.9,
            "research_to_sale_ratio": 1.97,
            "price_fair": 66.73,
            "eps_avg_yearly": 1.91,
            "eps_latest_yearly": 2.16,
            "eps_growth_yearly": 960.93
        },
        "20213": {
            "year_quarter": 20213,
            "year": 2021,
            "quarter": 3,
            "eps": 0.39,
            "eps_growth_year": -30.36,
            "eps_4q": 1.76,
            "eps_4q_growth_year": -16.52,
            "roe": 2.15,
            "roe_4q": 9.65,
            "gross_profit": 134704,
            "gross_margin": 21.92,
            "gross_margin_4q_avg": 24.59,
            "net_income": 26861,
            "net_income_4q": null,
            "revenue": 614619,
            "revenue_4q": null,
            "common_shares": 686244,
            "book_valuer_per_share": 18.44,
            "book_valuer_per_share_4q_avg": 18.94,
            "equity": 1265118,
            "current_ratio": 128.48,
            "debt_ratio": 57.42,
            "inventory_turnover_ratio": 0.53,
            "account_receivable_turnover_ratio": 1.47,
            "reinvestment_rate": -13.38,
            "research_to_sale_ratio": 1.64,
            "price_fair": 65.52,
            "eps_avg_yearly": 1.87,
            "eps_latest_yearly": 1.56,
            "eps_growth_yearly": 853.73
        },
        "20214": {
            "year_quarter": 20214,
            "year": 2021,
            "quarter": 4,
            "eps": 0.23,
            "eps_growth_year": -55.33,
            "eps_4q": 1.49,
            "eps_4q_growth_year": -43.8,
            "roe": 1.26,
            "roe_4q": 8.22,
            "gross_profit": 112559,
            "gross_margin": 19.5,
            "gross_margin_4q_avg": 22.59,
            "net_income": 16041,
            "net_income_4q": null,
            "revenue": 577147,
            "revenue_4q": null,
            "common_shares": 686244,
            "book_valuer_per_share": 18.75,
            "book_valuer_per_share_4q_avg": 18.68,
            "equity": 1286388,
            "current_ratio": 123.81,
            "debt_ratio": 57.49,
            "inventory_turnover_ratio": 0.49,
            "account_receivable_turnover_ratio": 1.46,
            "reinvestment_rate": -14.77,
            "research_to_sale_ratio": 2.03,
            "price_fair": 62.49,
            "eps_avg_yearly": 1.79,
            "eps_latest_yearly": 0.92,
            "eps_growth_yearly": 761.2
        },
        "20221": {
            "year_quarter": 20221,
            "year": 2022,
            "quarter": 1,
            "eps": 0.44,
            "eps_growth_year": 18.92,
            "eps_4q": 1.59,
            "eps_4q_growth_year": -45.89,
            "roe": 2.36,
            "roe_4q": 8.67,
            "gross_profit": 142389,
            "gross_margin": 23.63,
            "gross_margin_4q_avg": 22.44,
            "net_income": 30302,
            "net_income_4q": null,
            "revenue": 602485,
            "revenue_4q": null,
            "common_shares": 686244,
            "book_valuer_per_share": 18.66,
            "book_valuer_per_share_4q_avg": 18.7,
            "equity": 1280690,
            "current_ratio": 119.9,
            "debt_ratio": 59.37,
            "inventory_turnover_ratio": 0.47,
            "account_receivable_turnover_ratio": 1.43,
            "reinvestment_rate": -5.34,
            "research_to_sale_ratio": 2.5,
            "price_fair": 62.42,
            "eps_avg_yearly": 1.78,
            "eps_latest_yearly": 1.76,
            "eps_growth_yearly": 728.2
        },
        "20222": {
            "year_quarter": 20222,
            "year": 2022,
            "quarter": 2,
            "eps": 0.68,
            "eps_growth_year": 25.93,
            "eps_4q": 1.75,
            "eps_4q_growth_year": -12.8,
            "roe": 3.58,
            "roe_4q": 9.35,
            "gross_profit": 161892,
            "gross_margin": 23.04,
            "gross_margin_4q_avg": 22.02,
            "net_income": 46664,
            "net_income_4q": null,
            "revenue": 702553,
            "revenue_4q": null,
            "common_shares": 686244,
            "book_valuer_per_share": 19.36,
            "book_valuer_per_share_4q_avg": 18.8,
            "equity": 1328882,
            "current_ratio": 122.53,
            "debt_ratio": 58.4,
            "inventory_turnover_ratio": 0.53,
            "account_receivable_turnover_ratio": 1.43,
            "reinvestment_rate": 2.68,
            "research_to_sale_ratio": 2.29,
            "price_fair": 64.94,
            "eps_avg_yearly": 1.86,
            "eps_latest_yearly": 2.72,
            "eps_growth_yearly": 688.97
        },
        "20223": {
            "year_quarter": 20223,
            "year": 2022,
            "quarter": 3,
            "eps": 0.64,
            "eps_growth_year": 64.1,
            "eps_4q": 2,
            "eps_4q_growth_year": 13.78,
            "roe": 3.24,
            "roe_4q": 10.44,
            "gross_profit": 152475,
            "gross_margin": 23.11,
            "gross_margin_4q_avg": 22.32,
            "net_income": 44246,
            "net_income_4q": null,
            "revenue": 659685,
            "revenue_4q": null,
            "common_shares": 686244,
            "book_valuer_per_share": 20.4,
            "book_valuer_per_share_4q_avg": 19.29,
            "equity": 1399734,
            "current_ratio": 129.47,
            "debt_ratio": 55.73,
            "inventory_turnover_ratio": 0.5,
            "account_receivable_turnover_ratio": 1.33,
            "reinvestment_rate": 6.08,
            "research_to_sale_ratio": 2.44,
            "price_fair": 70.75,
            "eps_avg_yearly": 2.02,
            "eps_latest_yearly": 2.56,
            "eps_growth_yearly": 641
        },
        "20224": {
            "year_quarter": 20224,
            "year": 2022,
            "quarter": 4,
            "eps": 0.24,
            "eps_growth_year": 2.19,
            "eps_4q": 2.01,
            "eps_4q_growth_year": 34.28,
            "roe": 1.17,
            "roe_4q": 10.35,
            "gross_profit": 132634,
            "gross_margin": 23.25,
            "gross_margin_4q_avg": 23.26,
            "net_income": 16393,
            "net_income_4q": null,
            "revenue": 570573,
            "revenue_4q": null,
            "common_shares": 686244,
            "book_valuer_per_share": 20.39,
            "book_valuer_per_share_4q_avg": 19.7,
            "equity": 1399440,
            "current_ratio": 129.41,
            "debt_ratio": 55.28,
            "inventory_turnover_ratio": 0.46,
            "account_receivable_turnover_ratio": 1.3,
            "reinvestment_rate": 1.43,
            "research_to_sale_ratio": 2.37,
            "price_fair": 66.77,
            "eps_avg_yearly": 1.91,
            "eps_latest_yearly": 0.96,
            "eps_growth_yearly": 464.85
        },
        "20231": {
            "year_quarter": 20231,
            "year": 2023,
            "quarter": 1,
            "eps": 0.09,
            "eps_growth_year": -79.55,
            "eps_4q": 1.65,
            "eps_4q_growth_year": 4.17,
            "roe": 0.44,
            "roe_4q": 8.43,
            "gross_profit": 110079,
            "gross_margin": 20.31,
            "gross_margin_4q_avg": 22.43,
            "net_income": 6032,
            "net_income_4q": null,
            "revenue": 541971,
            "revenue_4q": null,
            "common_shares": 686244,
            "book_valuer_per_share": 19.47,
            "book_valuer_per_share_4q_avg": 19.91,
            "equity": 1336205,
            "current_ratio": 124.49,
            "debt_ratio": 57.96,
            "inventory_turnover_ratio": 0.5,
            "account_receivable_turnover_ratio": 1.32,
            "reinvestment_rate": -11.73,
            "research_to_sale_ratio": 2.39,
            "price_fair": 67.31,
            "eps_avg_yearly": 1.92,
            "eps_latest_yearly": 0.36,
            "eps_growth_yearly": 474.37
        },
        "20232": {
            "year_quarter": 20232,
            "year": 2023,
            "quarter": 2,
            "eps": 0.3,
            "eps_growth_year": -55.88,
            "eps_4q": 1.27,
            "eps_4q_growth_year": -27.34,
            "roe": 1.52,
            "roe_4q": 6.37,
            "gross_profit": 114486,
            "gross_margin": 19.89,
            "gross_margin_4q_avg": 21.64,
            "net_income": 20420,
            "net_income_4q": null,
            "revenue": 575657,
            "revenue_4q": null,
            "common_shares": 686244,
            "book_valuer_per_share": 19.74,
            "book_valuer_per_share_4q_avg": 20,
            "equity": 1354328,
            "current_ratio": 122.48,
            "debt_ratio": 59.33,
            "inventory_turnover_ratio": 0.58,
            "account_receivable_turnover_ratio": 1.38,
            "reinvestment_rate": 50.48,
            "research_to_sale_ratio": 1.99,
            "price_fair": 69.57,
            "eps_avg_yearly": 1.99,
            "eps_latest_yearly": 1.2,
            "eps_growth_yearly": 507.7
        },
        "20233": {
            "year_quarter": 20233,
            "year": 2023,
            "quarter": 3,
            "eps": 0.22,
            "eps_growth_year": -65.62,
            "eps_4q": 0.85,
            "eps_4q_growth_year": -57.54,
            "roe": 1.12,
            "roe_4q": 4.25,
            "gross_profit": 115645,
            "gross_margin": 23.19,
            "gross_margin_4q_avg": 21.66,
            "net_income": 15434,
            "net_income_4q": null,
            "revenue": 498657,
            "revenue_4q": null,
            "common_shares": 686244,
            "book_valuer_per_share": 20.45,
            "book_valuer_per_share_4q_avg": 20.01,
            "equity": 1403221,
            "current_ratio": 120.99,
            "debt_ratio": 59.14,
            "inventory_turnover_ratio": 0.5,
            "account_receivable_turnover_ratio": 1.2,
            "reinvestment_rate": 61.2,
            "research_to_sale_ratio": 2.23,
            "price_fair": 66.8,
            "eps_avg_yearly": 1.91,
            "eps_latest_yearly": 0.88,
            "eps_growth_yearly": 463.82
        }
    },
    "months": {
        "2010-11": {
            "month": "2010-11",
            "price": "22.55",
            "revenue": 80748
        },
        "2010-12": {
            "month": "2010-12",
            "price": "21.49",
            "revenue": 98843
        },
        "2011-01": {
            "month": "2011-01",
            "price": "22.64",
            "revenue": 79981
        },
        "2011-02": {
            "month": "2011-02",
            "price": "23.49",
            "revenue": 54964
        },
        "2011-03": {
            "month": "2011-03",
            "price": "23.52",
            "revenue": 82404
        },
        "2011-04": {
            "month": "2011-04",
            "price": "22.94",
            "revenue": 92751
        },
        "2011-05": {
            "month": "2011-05",
            "price": "23.63",
            "revenue": 111480
        },
        "2011-06": {
            "month": "2011-06",
            "price": "24.48",
            "revenue": 99060
        },
        "2011-07": {
            "month": "2011-07",
            "price": "24.47",
            "revenue": 83741
        },
        "2011-08": {
            "month": "2011-08",
            "price": "23.74",
            "revenue": 89751
        },
        "2011-09": {
            "month": "2011-09",
            "price": "24.20",
            "revenue": 76597
        },
        "2011-10": {
            "month": "2011-10",
            "price": "23.18",
            "revenue": 83883
        },
        "2011-11": {
            "month": "2011-11",
            "price": "23.00",
            "revenue": 73361
        },
        "2011-12": {
            "month": "2011-12",
            "price": "22.90",
            "revenue": 64344
        },
        "2012-01": {
            "month": "2012-01",
            "price": "22.21",
            "revenue": 69359
        },
        "2012-02": {
            "month": "2012-02",
            "price": "22.73",
            "revenue": 72947
        },
        "2012-03": {
            "month": "2012-03",
            "price": "22.97",
            "revenue": 74823
        },
        "2012-05": {
            "month": "2012-05",
            "price": "20.59",
            "revenue": 96081
        },
        "2012-06": {
            "month": "2012-06",
            "price": "20.30",
            "revenue": 54443
        },
        "2012-07": {
            "month": "2012-07",
            "price": "21.86",
            "revenue": 84616
        },
        "2012-08": {
            "month": "2012-08",
            "price": "21.60",
            "revenue": 98241
        },
        "2012-09": {
            "month": "2012-09",
            "price": "21.35",
            "revenue": 64664
        },
        "2012-10": {
            "month": "2012-10",
            "price": "20.80",
            "revenue": 67062
        },
        "2012-12": {
            "month": "2012-12",
            "price": "19.16",
            "revenue": 91818
        },
        "2013-01": {
            "month": "2013-01",
            "price": "19.08",
            "revenue": 96322
        },
        "2013-02": {
            "month": "2013-02",
            "price": "18.61",
            "revenue": 78739
        },
        "2013-04": {
            "month": "2013-04",
            "price": "19.34",
            "revenue": 88369
        },
        "2013-05": {
            "month": "2013-05",
            "price": "19.88",
            "revenue": 133724
        },
        "2013-06": {
            "month": "2013-06",
            "price": "21.05",
            "revenue": 100154
        },
        "2013-07": {
            "month": "2013-07",
            "price": "21.77",
            "revenue": 124681
        },
        "2013-08": {
            "month": "2013-08",
            "price": "22.03",
            "revenue": 103817
        },
        "2013-09": {
            "month": "2013-09",
            "price": "22.34",
            "revenue": 90550
        },
        "2013-10": {
            "month": "2013-10",
            "price": "23.06",
            "revenue": 113041
        },
        "2013-11": {
            "month": "2013-11",
            "price": "22.06",
            "revenue": 91698
        },
        "2013-12": {
            "month": "2013-12",
            "price": "23.95",
            "revenue": 98561
        },
        "2014-01": {
            "month": "2014-01",
            "price": "23.38",
            "revenue": 125838
        },
        "2014-02": {
            "month": "2014-02",
            "price": "25.06",
            "revenue": 88484
        },
        "2014-03": {
            "month": "2014-03",
            "price": "24.98",
            "revenue": 110798
        },
        "2014-04": {
            "month": "2014-04",
            "price": "25.92",
            "revenue": 122847
        },
        "2014-05": {
            "month": "2014-05",
            "price": "29.12",
            "revenue": 116297
        },
        "2014-06": {
            "month": "2014-06",
            "price": "32.71",
            "revenue": 105235
        },
        "2014-07": {
            "month": "2014-07",
            "price": "30.19",
            "revenue": 152826
        },
        "2014-08": {
            "month": "2014-08",
            "price": "28.12",
            "revenue": 106565
        },
        "2014-09": {
            "month": "2014-09",
            "price": "26.30",
            "revenue": 92401
        },
        "2014-10": {
            "month": "2014-10",
            "price": "24.13",
            "revenue": 95976
        },
        "2014-11": {
            "month": "2014-11",
            "price": "22.23",
            "revenue": 112158
        },
        "2014-12": {
            "month": "2014-12",
            "price": "22.43",
            "revenue": 108434
        },
        "2015-01": {
            "month": "2015-01",
            "price": "23.97",
            "revenue": 114860
        },
        "2015-02": {
            "month": "2015-02",
            "price": "24.95",
            "revenue": 106365
        },
        "2015-03": {
            "month": "2015-03",
            "price": "25.56",
            "revenue": 124789
        },
        "2015-04": {
            "month": "2015-04",
            "price": "24.93",
            "revenue": 139608
        },
        "2015-05": {
            "month": "2015-05",
            "price": "24.27",
            "revenue": 110410
        },
        "2015-06": {
            "month": "2015-06",
            "price": "21.30",
            "revenue": 133891
        },
        "2015-07": {
            "month": "2015-07",
            "price": "20.58",
            "revenue": 121605
        },
        "2015-08": {
            "month": "2015-08",
            "price": "19.22",
            "revenue": 147434
        },
        "2015-09": {
            "month": "2015-09",
            "price": "19.30",
            "revenue": 106798
        },
        "2015-10": {
            "month": "2015-10",
            "price": "20.70",
            "revenue": 120582
        },
        "2015-11": {
            "month": "2015-11",
            "price": "21.07",
            "revenue": 116038
        },
        "2015-12": {
            "month": "2015-12",
            "price": "20.56",
            "revenue": 93895
        },
        "2016-01": {
            "month": "2016-01",
            "price": "20.00",
            "revenue": 124669
        },
        "2016-02": {
            "month": "2016-02",
            "price": "20.06",
            "revenue": 95498
        },
        "2016-03": {
            "month": "2016-03",
            "price": "21.09",
            "revenue": 132832
        },
        "2016-04": {
            "month": "2016-04",
            "price": "22.64",
            "revenue": 126061
        },
        "2016-05": {
            "month": "2016-05",
            "price": "21.13",
            "revenue": 144844
        },
        "2016-06": {
            "month": "2016-06",
            "price": "22.68",
            "revenue": 133549
        },
        "2016-07": {
            "month": "2016-07",
            "price": "22.88",
            "revenue": 157694
        },
        "2016-08": {
            "month": "2016-08",
            "price": "24.39",
            "revenue": 128278
        },
        "2016-09": {
            "month": "2016-09",
            "price": "26.02",
            "revenue": 110071
        },
        "2016-10": {
            "month": "2016-10",
            "price": "25.25",
            "revenue": 96296
        },
        "2016-11": {
            "month": "2016-11",
            "price": "24.07",
            "revenue": 115501
        },
        "2016-12": {
            "month": "2016-12",
            "price": "23.17",
            "revenue": 110106
        },
        "2017-01": {
            "month": "2017-01",
            "price": "23.30",
            "revenue": 125367
        },
        "2017-02": {
            "month": "2017-02",
            "price": "24.54",
            "revenue": 91693
        },
        "2017-03": {
            "month": "2017-03",
            "price": "28.44",
            "revenue": 123578
        },
        "2017-04": {
            "month": "2017-04",
            "price": "32.56",
            "revenue": 100327
        },
        "2017-05": {
            "month": "2017-05",
            "price": "33.31",
            "revenue": 127729
        },
        "2017-06": {
            "month": "2017-06",
            "price": "30.89",
            "revenue": 120269
        },
        "2017-07": {
            "month": "2017-07",
            "price": "29.06",
            "revenue": 121813
        },
        "2017-08": {
            "month": "2017-08",
            "price": "26.49",
            "revenue": 113269
        },
        "2017-09": {
            "month": "2017-09",
            "price": "26.21",
            "revenue": 111968
        },
        "2017-10": {
            "month": "2017-10",
            "price": "26.90",
            "revenue": 100091
        },
        "2017-11": {
            "month": "2017-11",
            "price": "26.65",
            "revenue": 118322
        },
        "2017-12": {
            "month": "2017-12",
            "price": "26.08",
            "revenue": 98954
        },
        "2018-01": {
            "month": "2018-01",
            "price": "25.88",
            "revenue": 109424
        },
        "2018-02": {
            "month": "2018-02",
            "price": "24.10",
            "revenue": 81732
        },
        "2018-03": {
            "month": "2018-03",
            "price": "24.45",
            "revenue": 104698
        },
        "2018-04": {
            "month": "2018-04",
            "price": "22.49",
            "revenue": 107286
        },
        "2018-05": {
            "month": "2018-05",
            "price": "19.94",
            "revenue": 129793
        },
        "2018-06": {
            "month": "2018-06",
            "price": "19.71",
            "revenue": 128613
        },
        "2018-07": {
            "month": "2018-07",
            "price": "18.74",
            "revenue": 120072
        },
        "2018-08": {
            "month": "2018-08",
            "price": "19.16",
            "revenue": 130331
        },
        "2018-09": {
            "month": "2018-09",
            "price": "19.59",
            "revenue": 124475
        },
        "2018-10": {
            "month": "2018-10",
            "price": "19.46",
            "revenue": 149062
        },
        "2018-11": {
            "month": "2018-11",
            "price": "19.33",
            "revenue": 150047
        },
        "2018-12": {
            "month": "2018-12",
            "price": "18.79",
            "revenue": 125452
        },
        "2019-01": {
            "month": "2019-01",
            "price": "18.21",
            "revenue": 117220
        },
        "2019-02": {
            "month": "2019-02",
            "price": "18.48",
            "revenue": 84588
        },
        "2019-03": {
            "month": "2019-03",
            "price": "18.46",
            "revenue": 126594
        },
        "2019-04": {
            "month": "2019-04",
            "price": "19.10",
            "revenue": 129316
        },
        "2019-05": {
            "month": "2019-05",
            "price": "19.02",
            "revenue": 148132
        },
        "2019-06": {
            "month": "2019-06",
            "price": "18.80",
            "revenue": 125740
        },
        "2019-07": {
            "month": "2019-07",
            "price": "18.87",
            "revenue": 142265
        },
        "2019-08": {
            "month": "2019-08",
            "price": "18.58",
            "revenue": 123848
        },
        "2019-09": {
            "month": "2019-09",
            "price": "17.69",
            "revenue": 133318
        },
        "2019-10": {
            "month": "2019-10",
            "price": "17.33",
            "revenue": 121352
        },
        "2019-11": {
            "month": "2019-11",
            "price": "16.25",
            "revenue": 130538
        },
        "2019-12": {
            "month": "2019-12",
            "price": "14.82",
            "revenue": 133556
        },
        "2020-01": {
            "month": "2020-01",
            "price": "14.93",
            "revenue": 128019
        },
        "2020-02": {
            "month": "2020-02",
            "price": "14.20",
            "revenue": 94524
        },
        "2020-03": {
            "month": "2020-03",
            "price": "11.48",
            "revenue": 131974
        },
        "2020-04": {
            "month": "2020-04",
            "price": "12.21",
            "revenue": 106226
        },
        "2020-05": {
            "month": "2020-05",
            "price": "13.11",
            "revenue": 105127
        },
        "2020-06": {
            "month": "2020-06",
            "price": "13.53",
            "revenue": 162049
        },
        "2020-07": {
            "month": "2020-07",
            "price": "17.90",
            "revenue": 155055
        },
        "2020-08": {
            "month": "2020-08",
            "price": "21.42",
            "revenue": 163865
        },
        "2020-09": {
            "month": "2020-09",
            "price": "26.31",
            "revenue": 193477
        },
        "2020-10": {
            "month": "2020-10",
            "price": "26.32",
            "revenue": 186584
        },
        "2020-11": {
            "month": "2020-11",
            "price": "26.77",
            "revenue": 156165
        },
        "2020-12": {
            "month": "2020-12",
            "price": "26.20",
            "revenue": 142664
        },
        "2021-01": {
            "month": "2021-01",
            "price": "24.00",
            "revenue": 173964
        },
        "2021-02": {
            "month": "2021-02",
            "price": "25.06",
            "revenue": 160643
        },
        "2021-03": {
            "month": "2021-03",
            "price": "27.32",
            "revenue": 200002
        },
        "2021-04": {
            "month": "2021-04",
            "price": "32.77",
            "revenue": 221466
        },
        "2021-05": {
            "month": "2021-05",
            "price": "28.60",
            "revenue": 195806
        },
        "2021-06": {
            "month": "2021-06",
            "price": "28.61",
            "revenue": 209596
        },
        "2021-07": {
            "month": "2021-07",
            "price": "29.82",
            "revenue": 216327
        },
        "2021-08": {
            "month": "2021-08",
            "price": "28.05",
            "revenue": 196793
        },
        "2021-09": {
            "month": "2021-09",
            "price": "25.71",
            "revenue": 201499
        },
        "2021-10": {
            "month": "2021-10",
            "price": "26.74",
            "revenue": 206454
        },
        "2021-11": {
            "month": "2021-11",
            "price": "26.03",
            "revenue": 201570
        },
        "2021-12": {
            "month": "2021-12",
            "price": "25.60",
            "revenue": 178794
        },
        "2022-01": {
            "month": "2022-01",
            "price": "25.59",
            "revenue": 199961
        },
        "2022-02": {
            "month": "2022-02",
            "price": "25.47",
            "revenue": 169813
        },
        "2022-03": {
            "month": "2022-03",
            "price": "24.87",
            "revenue": 232711
        },
        "2022-04": {
            "month": "2022-04",
            "price": "23.86",
            "revenue": 223761
        },
        "2022-05": {
            "month": "2022-05",
            "price": "24.17",
            "revenue": 222731
        },
        "2022-06": {
            "month": "2022-06",
            "price": "25.00",
            "revenue": 256061
        },
        "2022-07": {
            "month": "2022-07",
            "price": "24.44",
            "revenue": 245881
        },
        "2022-08": {
            "month": "2022-08",
            "price": "26.03",
            "revenue": 230637
        },
        "2022-09": {
            "month": "2022-09",
            "price": "25.56",
            "revenue": 183167
        },
        "2022-10": {
            "month": "2022-10",
            "price": "21.23",
            "revenue": 217706
        },
        "2022-11": {
            "month": "2022-11",
            "price": "21.82",
            "revenue": 171472
        },
        "2022-12": {
            "month": "2022-12",
            "price": "22.01",
            "revenue": 181395
        },
        "2023-01": {
            "month": "2023-01",
            "price": "21.76",
            "revenue": 183000
        },
        "2023-02": {
            "month": "2023-02",
            "price": "22.47",
            "revenue": 179268
        },
        "2023-03": {
            "month": "2023-03",
            "price": "23.35",
            "revenue": 179703
        },
        "2023-04": {
            "month": "2023-04",
            "price": "22.93",
            "revenue": 173771
        },
        "2023-05": {
            "month": "2023-05",
            "price": "22.49",
            "revenue": 210431
        },
        "2023-06": {
            "month": "2023-06",
            "price": "22.22",
            "revenue": 191455
        },
        "2023-07": {
            "month": "2023-07",
            "price": "23.25",
            "revenue": 159852
        },
        "2023-08": {
            "month": "2023-08",
            "price": "23.96",
            "revenue": 193155
        },
        "2023-09": {
            "month": "2023-09",
            "price": "24.23",
            "revenue": 145650
        },
        "2023-10": {
            "month": "2023-10",
            "price": "23.30",
            "revenue": 165038
        },
        "2023-11": {
            "month": "2023-11",
            "price": "22.56",
            "revenue": 170197
        }
    }
}
