{
    "summary": {
        "stock_name": "永冠-KY",
        "stock_id": "1589",
        "category": "電機機械",
        "main_business": "主要從事球狀石墨鑄鐵/灰口鑄鐵之高級鑄件產品之製造及銷售業務",
        "website_url": "http://www.ygget.com/index/tw.aspx",
        "ceo": "徐清雄",
        "pe_ratio": -84,
        "report_year_from": 2009,
        "report_year_to": 2023,
        "age": 15,
        "eps_negative_percentage": 25,
        "eps_growth_avg": {
            "last_all": -13.17,
            "last_2y": -79.62,
            "last_4y": -19.75,
            "last_8y": -34.04,
            "last_12y": null,
            "last_16y": null,
            "last_20y": null,
            "at_2006_last_3y": null,
            "at_2007_last_3y": null,
            "at_2008_last_3y": null,
            "at_2009_last_3y": null,
            "at_2010_last_3y": null,
            "at_2011_last_3y": null,
            "at_2012_last_3y": null,
            "at_2013_last_3y": null,
            "at_2014_last_3y": null,
            "at_2015_last_3y": null,
            "at_2016_last_3y": 28.46,
            "at_2017_last_3y": 0.81,
            "at_2018_last_3y": -44.76,
            "at_2019_last_3y": -67.66,
            "at_2020_last_3y": -24.39,
            "at_2021_last_3y": -19.75,
            "at_2022_last_3y": -19.75,
            "at_2023_last_3y": -19.75,
            "at_2024_last_3y": -19.75,
            "at_2006_last_all": null,
            "at_2007_last_all": null,
            "at_2008_last_all": null,
            "at_2009_last_all": null,
            "at_2010_last_all": null,
            "at_2011_last_all": null,
            "at_2012_last_all": null,
            "at_2013_last_all": null,
            "at_2014_last_all": 59.86,
            "at_2015_last_all": 47.89,
            "at_2016_last_all": 28.46,
            "at_2017_last_all": 8.14,
            "at_2018_last_all": -9.89,
            "at_2019_last_all": -9.89,
            "at_2020_last_all": 5.81,
            "at_2021_last_all": -2.32,
            "at_2022_last_all": -13.17,
            "at_2023_last_all": -13.17,
            "at_2024_last_all": -13.17
        },
        "latest_eps": -0.76,
        "latest_price": 63.6,
        "latest_roe": -1.04,
        "latest_gross_margin": 13.71,
        "latest_equity": 9274603,
        "latest_revenue": 1938525,
        "latest_gross_profit": 265727,
        "latest_net_income": -220760,
        "latest_debt_ratio": 62.58,
        "latest_current_ratio": 153.52,
        "latest_account_receivable_turnover_ratio": 0.5,
        "latest_inventory_turnover_ratio": 0.69,
        "latest_reinvestment_rate": 1335,
        "latest_research_to_sale_ratio": 3.9
    },
    "eps_dividends": {
        "2001": {
            "cash": 0,
            "stock": 0,
            "eps": 0
        },
        "2002": {
            "cash": 0,
            "stock": 0,
            "eps": 0
        },
        "2003": {
            "cash": 0,
            "stock": 0,
            "eps": 0
        },
        "2004": {
            "cash": 0,
            "stock": 0,
            "eps": 0
        },
        "2005": {
            "cash": 0,
            "stock": 0,
            "eps": 0
        },
        "2006": {
            "cash": 0,
            "stock": 0,
            "eps": 0
        },
        "2007": {
            "cash": 0,
            "stock": 0,
            "eps": 0
        },
        "2008": {
            "cash": 0,
            "stock": 0,
            "eps": 0
        },
        "2009": {
            "cash": 0,
            "stock": 0,
            "eps": 0
        },
        "2010": {
            "cash": 0,
            "stock": 0,
            "eps": 0
        },
        "2011": {
            "cash": 0.17,
            "stock": 1.5,
            "eps": 0
        },
        "2012": {
            "cash": 0,
            "stock": 0,
            "eps": 3.9
        },
        "2013": {
            "cash": 2.6,
            "stock": 0,
            "eps": 5.36
        },
        "2014": {
            "cash": 3.5,
            "stock": 0,
            "eps": 9.77
        },
        "2015": {
            "cash": 6.36,
            "stock": 0,
            "eps": 12.11
        },
        "2016": {
            "cash": 8.5,
            "stock": 0,
            "eps": 8.5
        },
        "2017": {
            "cash": 3.25,
            "stock": 0,
            "eps": 2.28
        },
        "2018": {
            "cash": 1.5,
            "stock": 0,
            "eps": -2.5
        },
        "2019": {
            "cash": 0,
            "stock": 0,
            "eps": 1.55
        },
        "2020": {
            "cash": 0.5,
            "stock": 0,
            "eps": 4.76
        },
        "2021": {
            "cash": 1.5,
            "stock": 0,
            "eps": 1.94
        },
        "2022": {
            "cash": 0.6,
            "stock": 0,
            "eps": -3.96
        },
        "2023": {
            "cash": 0,
            "stock": 0,
            "eps": -0.5
        }
    },
    "dividends": {
        "2011-01-01": {
            "cash": 0.17,
            "stock": 1.5
        },
        "2013-03-26": {
            "cash": 2.6,
            "stock": 0
        },
        "2014-06-06": {
            "cash": 3.5,
            "stock": 0
        },
        "2015-07-24": {
            "cash": 6.36,
            "stock": 0
        },
        "2016-08-08": {
            "cash": 8.5,
            "stock": 0
        },
        "2017-08-10": {
            "cash": 3.25,
            "stock": 0
        },
        "2018-03-08": {
            "cash": 1.5,
            "stock": 0
        },
        "2020-08-18": {
            "cash": 0.5,
            "stock": 0
        },
        "2021-09-17": {
            "cash": 1.5,
            "stock": 0
        },
        "2022-08-31": {
            "cash": 0.6,
            "stock": 0
        }
    },
    "prices": {
        "200101": "無",
        "200102": "無",
        "200103": "無",
        "200104": "無",
        "200105": "無",
        "200106": "無",
        "200107": "無",
        "200108": "無",
        "200109": "無",
        "200110": "無",
        "200111": "無",
        "200112": "無",
        "200201": "無",
        "200202": "無",
        "200203": "無",
        "200204": "無",
        "200205": "無",
        "200206": "無",
        "200207": "無",
        "200208": "無",
        "200209": "無",
        "200210": "無",
        "200211": "無",
        "200212": "無",
        "200301": "無",
        "200302": "無",
        "200303": "無",
        "200304": "無",
        "200305": "無",
        "200306": "無",
        "200307": "無",
        "200308": "無",
        "200309": "無",
        "200310": "無",
        "200311": "無",
        "200312": "無",
        "200401": "無",
        "200402": "無",
        "200403": "無",
        "200404": "無",
        "200405": "無",
        "200406": "無",
        "200407": "無",
        "200408": "無",
        "200409": "無",
        "200410": "無",
        "200411": "無",
        "200412": "無",
        "200501": "無",
        "200502": "無",
        "200503": "無",
        "200504": "無",
        "200505": "無",
        "200506": "無",
        "200507": "無",
        "200508": "無",
        "200509": "無",
        "200510": "無",
        "200511": "無",
        "200512": "無",
        "200601": "無",
        "200602": "無",
        "200603": "無",
        "200604": "無",
        "200605": "無",
        "200606": "無",
        "200607": "無",
        "200608": "無",
        "200609": "無",
        "200610": "無",
        "200611": "無",
        "200612": "無",
        "200701": "無",
        "200702": "無",
        "200703": "無",
        "200704": "無",
        "200705": "無",
        "200706": "無",
        "200707": "無",
        "200708": "無",
        "200709": "無",
        "200710": "無",
        "200711": "無",
        "200712": "無",
        "200801": "無",
        "200802": "無",
        "200803": "無",
        "200804": "無",
        "200805": "無",
        "200806": "無",
        "200807": "無",
        "200808": "無",
        "200809": "無",
        "200810": "無",
        "200811": "無",
        "200812": "無",
        "200901": "無",
        "200902": "無",
        "200903": "無",
        "200904": "無",
        "200905": "無",
        "200906": "無",
        "200907": "無",
        "200908": "無",
        "200909": "無",
        "200910": "無",
        "200911": "無",
        "200912": "無",
        "201001": "無",
        "201002": "無",
        "201003": "無",
        "201004": "無",
        "201005": "無",
        "201006": "無",
        "201007": "無",
        "201008": "無",
        "201009": "無",
        "201010": "無",
        "201011": "無",
        "201012": "無",
        "201101": "無",
        "201102": "無",
        "201103": "無",
        "201104": "無",
        "201105": "無",
        "201106": "無",
        "201107": "無",
        "201108": "無",
        "201109": "無",
        "201110": "無",
        "201111": "無",
        "201112": "無",
        "201201": "無",
        "201202": "無",
        "201203": "無",
        "201204": "52.80",
        "201205": "60.71",
        "201206": "59.40",
        "201207": "50.42",
        "201208": "45.69",
        "201209": "41.78",
        "201210": "34.77",
        "201211": "31.88",
        "201212": "33.80",
        "201301": "36.18",
        "201302": "37.27",
        "201303": "40.13",
        "201304": "39.33",
        "201305": "39.23",
        "201306": "39.93",
        "201307": "43.34",
        "201308": "54.95",
        "201309": "59.32",
        "201310": "79.69",
        "201311": "93.20",
        "201312": "98.47",
        "201401": "99.82",
        "201402": "94.62",
        "201403": "123.15",
        "201404": "148.19",
        "201405": "143.86",
        "201406": "151.00",
        "201407": "140.80",
        "201408": "146.14",
        "201409": "143.52",
        "201410": "129.14",
        "201411": "124.50",
        "201412": "134.65",
        "201501": "133.55",
        "201502": "135.77",
        "201503": "170.07",
        "201504": "191.72",
        "201505": "209.28",
        "201506": "224.64",
        "201507": "208.00",
        "201508": "187.10",
        "201509": "180.58",
        "201510": "212.24",
        "201511": "193.10",
        "201512": "177.33",
        "201601": "202.60",
        "201602": "219.46",
        "201603": "231.07",
        "201604": "214.08",
        "201605": "206.17",
        "201606": "206.62",
        "201607": "180.62",
        "201608": "172.65",
        "201609": "172.37",
        "201610": "148.48",
        "201611": "112.50",
        "201612": "106.45",
        "201701": "104.53",
        "201702": "118.14",
        "201703": "115.41",
        "201704": "94.56",
        "201705": "86.19",
        "201706": "89.86",
        "201707": "85.48",
        "201708": "81.32",
        "201709": "78.45",
        "201710": "72.95",
        "201711": "64.15",
        "201712": "66.44",
        "201801": "72.54",
        "201802": "74.63",
        "201803": "79.57",
        "201804": "88.32",
        "201805": "68.91",
        "201806": "65.00",
        "201807": "55.75",
        "201808": "55.44",
        "201809": "51.65",
        "201810": "46.58",
        "201811": "45.02",
        "201812": "51.30",
        "201901": "57.33",
        "201902": "66.55",
        "201903": "70.96",
        "201904": "80.86",
        "201905": "62.63",
        "201906": "60.42",
        "201907": "59.10",
        "201908": "50.72",
        "201909": "53.03",
        "201910": "60.55",
        "201911": "64.25",
        "201912": "62.42",
        "202001": "61.14",
        "202002": "58.42",
        "202003": "54.17",
        "202004": "56.74",
        "202005": "61.08",
        "202006": "61.02",
        "202007": "80.00",
        "202008": "98.11",
        "202009": "95.80",
        "202010": "94.93",
        "202011": "92.30",
        "202012": "83.25",
        "202101": "80.04",
        "202102": "80.23",
        "202103": "80.58",
        "202104": "81.47",
        "202105": "76.95",
        "202106": "73.14",
        "202107": "73.07",
        "202108": "68.17",
        "202109": "63.24",
        "202110": "65.10",
        "202111": "63.21",
        "202112": "61.42",
        "202201": "63.18",
        "202202": "66.01",
        "202203": "64.03",
        "202204": "65.32",
        "202205": "55.74",
        "202206": "56.58",
        "202207": "56.29",
        "202208": "55.67",
        "202209": "56.01",
        "202210": "56.06",
        "202211": "52.40",
        "202212": "56.65",
        "202301": "61.25",
        "202302": "68.24",
        "202303": "71.99",
        "202304": "79.98",
        "202305": "79.20",
        "202306": "71.66",
        "202307": "62.26",
        "202308": "55.16",
        "202309": "54.50",
        "202310": "50.81",
        "202311": "50.66",
        "202312": "51.31"
    },
    "quarters": {
        "20011": {
            "year_quarter": 20011,
            "year": 2001,
            "quarter": 1,
            "eps": null,
            "eps_growth_year": null,
            "eps_4q": null,
            "eps_4q_growth_year": null,
            "roe": null,
            "roe_4q": 0,
            "gross_profit": null,
            "gross_margin": null,
            "gross_margin_4q_avg": 0,
            "net_income": null,
            "net_income_4q": null,
            "revenue": null,
            "revenue_4q": null,
            "common_shares": null,
            "book_valuer_per_share": null,
            "book_valuer_per_share_4q_avg": 0,
            "equity": null,
            "current_ratio": null,
            "debt_ratio": null,
            "inventory_turnover_ratio": null,
            "account_receivable_turnover_ratio": null,
            "reinvestment_rate": null,
            "research_to_sale_ratio": null,
            "price_fair": 0,
            "eps_avg_yearly": 0,
            "eps_latest_yearly": 0,
            "eps_growth_yearly": 0
        },
        "20012": {
            "year_quarter": 20012,
            "year": 2001,
            "quarter": 2,
            "eps": null,
            "eps_growth_year": null,
            "eps_4q": null,
            "eps_4q_growth_year": null,
            "roe": null,
            "roe_4q": 0,
            "gross_profit": null,
            "gross_margin": null,
            "gross_margin_4q_avg": 0,
            "net_income": null,
            "net_income_4q": null,
            "revenue": null,
            "revenue_4q": null,
            "common_shares": null,
            "book_valuer_per_share": null,
            "book_valuer_per_share_4q_avg": 0,
            "equity": null,
            "current_ratio": null,
            "debt_ratio": null,
            "inventory_turnover_ratio": null,
            "account_receivable_turnover_ratio": null,
            "reinvestment_rate": null,
            "research_to_sale_ratio": null,
            "price_fair": 0,
            "eps_avg_yearly": 0,
            "eps_latest_yearly": 0,
            "eps_growth_yearly": 0
        },
        "20013": {
            "year_quarter": 20013,
            "year": 2001,
            "quarter": 3,
            "eps": null,
            "eps_growth_year": null,
            "eps_4q": null,
            "eps_4q_growth_year": null,
            "roe": null,
            "roe_4q": 0,
            "gross_profit": null,
            "gross_margin": null,
            "gross_margin_4q_avg": 0,
            "net_income": null,
            "net_income_4q": null,
            "revenue": null,
            "revenue_4q": null,
            "common_shares": null,
            "book_valuer_per_share": null,
            "book_valuer_per_share_4q_avg": 0,
            "equity": null,
            "current_ratio": null,
            "debt_ratio": null,
            "inventory_turnover_ratio": null,
            "account_receivable_turnover_ratio": null,
            "reinvestment_rate": null,
            "research_to_sale_ratio": null,
            "price_fair": 0,
            "eps_avg_yearly": 0,
            "eps_latest_yearly": 0,
            "eps_growth_yearly": 0
        },
        "20014": {
            "year_quarter": 20014,
            "year": 2001,
            "quarter": 4,
            "eps": null,
            "eps_growth_year": null,
            "eps_4q": null,
            "eps_4q_growth_year": null,
            "roe": null,
            "roe_4q": 0,
            "gross_profit": null,
            "gross_margin": null,
            "gross_margin_4q_avg": 0,
            "net_income": null,
            "net_income_4q": null,
            "revenue": null,
            "revenue_4q": null,
            "common_shares": null,
            "book_valuer_per_share": null,
            "book_valuer_per_share_4q_avg": 0,
            "equity": null,
            "current_ratio": null,
            "debt_ratio": null,
            "inventory_turnover_ratio": null,
            "account_receivable_turnover_ratio": null,
            "reinvestment_rate": null,
            "research_to_sale_ratio": null,
            "price_fair": 0,
            "eps_avg_yearly": 0,
            "eps_latest_yearly": 0,
            "eps_growth_yearly": 0
        },
        "20021": {
            "year_quarter": 20021,
            "year": 2002,
            "quarter": 1,
            "eps": null,
            "eps_growth_year": null,
            "eps_4q": null,
            "eps_4q_growth_year": null,
            "roe": null,
            "roe_4q": 0,
            "gross_profit": null,
            "gross_margin": null,
            "gross_margin_4q_avg": 0,
            "net_income": null,
            "net_income_4q": null,
            "revenue": null,
            "revenue_4q": null,
            "common_shares": null,
            "book_valuer_per_share": null,
            "book_valuer_per_share_4q_avg": 0,
            "equity": null,
            "current_ratio": null,
            "debt_ratio": null,
            "inventory_turnover_ratio": null,
            "account_receivable_turnover_ratio": null,
            "reinvestment_rate": null,
            "research_to_sale_ratio": null,
            "price_fair": 0,
            "eps_avg_yearly": 0,
            "eps_latest_yearly": 0,
            "eps_growth_yearly": 0
        },
        "20022": {
            "year_quarter": 20022,
            "year": 2002,
            "quarter": 2,
            "eps": null,
            "eps_growth_year": null,
            "eps_4q": null,
            "eps_4q_growth_year": null,
            "roe": null,
            "roe_4q": 0,
            "gross_profit": null,
            "gross_margin": null,
            "gross_margin_4q_avg": 0,
            "net_income": null,
            "net_income_4q": null,
            "revenue": null,
            "revenue_4q": null,
            "common_shares": null,
            "book_valuer_per_share": null,
            "book_valuer_per_share_4q_avg": 0,
            "equity": null,
            "current_ratio": null,
            "debt_ratio": null,
            "inventory_turnover_ratio": null,
            "account_receivable_turnover_ratio": null,
            "reinvestment_rate": null,
            "research_to_sale_ratio": null,
            "price_fair": 0,
            "eps_avg_yearly": 0,
            "eps_latest_yearly": 0,
            "eps_growth_yearly": 0
        },
        "20023": {
            "year_quarter": 20023,
            "year": 2002,
            "quarter": 3,
            "eps": null,
            "eps_growth_year": null,
            "eps_4q": null,
            "eps_4q_growth_year": null,
            "roe": null,
            "roe_4q": 0,
            "gross_profit": null,
            "gross_margin": null,
            "gross_margin_4q_avg": 0,
            "net_income": null,
            "net_income_4q": null,
            "revenue": null,
            "revenue_4q": null,
            "common_shares": null,
            "book_valuer_per_share": null,
            "book_valuer_per_share_4q_avg": 0,
            "equity": null,
            "current_ratio": null,
            "debt_ratio": null,
            "inventory_turnover_ratio": null,
            "account_receivable_turnover_ratio": null,
            "reinvestment_rate": null,
            "research_to_sale_ratio": null,
            "price_fair": 0,
            "eps_avg_yearly": 0,
            "eps_latest_yearly": 0,
            "eps_growth_yearly": 0
        },
        "20024": {
            "year_quarter": 20024,
            "year": 2002,
            "quarter": 4,
            "eps": null,
            "eps_growth_year": null,
            "eps_4q": null,
            "eps_4q_growth_year": null,
            "roe": null,
            "roe_4q": 0,
            "gross_profit": null,
            "gross_margin": null,
            "gross_margin_4q_avg": 0,
            "net_income": null,
            "net_income_4q": null,
            "revenue": null,
            "revenue_4q": null,
            "common_shares": null,
            "book_valuer_per_share": null,
            "book_valuer_per_share_4q_avg": 0,
            "equity": null,
            "current_ratio": null,
            "debt_ratio": null,
            "inventory_turnover_ratio": null,
            "account_receivable_turnover_ratio": null,
            "reinvestment_rate": null,
            "research_to_sale_ratio": null,
            "price_fair": 0,
            "eps_avg_yearly": 0,
            "eps_latest_yearly": 0,
            "eps_growth_yearly": 0
        },
        "20031": {
            "year_quarter": 20031,
            "year": 2003,
            "quarter": 1,
            "eps": null,
            "eps_growth_year": null,
            "eps_4q": null,
            "eps_4q_growth_year": null,
            "roe": null,
            "roe_4q": 0,
            "gross_profit": null,
            "gross_margin": null,
            "gross_margin_4q_avg": 0,
            "net_income": null,
            "net_income_4q": null,
            "revenue": null,
            "revenue_4q": null,
            "common_shares": null,
            "book_valuer_per_share": null,
            "book_valuer_per_share_4q_avg": 0,
            "equity": null,
            "current_ratio": null,
            "debt_ratio": null,
            "inventory_turnover_ratio": null,
            "account_receivable_turnover_ratio": null,
            "reinvestment_rate": null,
            "research_to_sale_ratio": null,
            "price_fair": 0,
            "eps_avg_yearly": 0,
            "eps_latest_yearly": 0,
            "eps_growth_yearly": 0
        },
        "20032": {
            "year_quarter": 20032,
            "year": 2003,
            "quarter": 2,
            "eps": null,
            "eps_growth_year": null,
            "eps_4q": null,
            "eps_4q_growth_year": null,
            "roe": null,
            "roe_4q": 0,
            "gross_profit": null,
            "gross_margin": null,
            "gross_margin_4q_avg": 0,
            "net_income": null,
            "net_income_4q": null,
            "revenue": null,
            "revenue_4q": null,
            "common_shares": null,
            "book_valuer_per_share": null,
            "book_valuer_per_share_4q_avg": 0,
            "equity": null,
            "current_ratio": null,
            "debt_ratio": null,
            "inventory_turnover_ratio": null,
            "account_receivable_turnover_ratio": null,
            "reinvestment_rate": null,
            "research_to_sale_ratio": null,
            "price_fair": 0,
            "eps_avg_yearly": 0,
            "eps_latest_yearly": 0,
            "eps_growth_yearly": 0
        },
        "20033": {
            "year_quarter": 20033,
            "year": 2003,
            "quarter": 3,
            "eps": null,
            "eps_growth_year": null,
            "eps_4q": null,
            "eps_4q_growth_year": null,
            "roe": null,
            "roe_4q": 0,
            "gross_profit": null,
            "gross_margin": null,
            "gross_margin_4q_avg": 0,
            "net_income": null,
            "net_income_4q": null,
            "revenue": null,
            "revenue_4q": null,
            "common_shares": null,
            "book_valuer_per_share": null,
            "book_valuer_per_share_4q_avg": 0,
            "equity": null,
            "current_ratio": null,
            "debt_ratio": null,
            "inventory_turnover_ratio": null,
            "account_receivable_turnover_ratio": null,
            "reinvestment_rate": null,
            "research_to_sale_ratio": null,
            "price_fair": 0,
            "eps_avg_yearly": 0,
            "eps_latest_yearly": 0,
            "eps_growth_yearly": 0
        },
        "20034": {
            "year_quarter": 20034,
            "year": 2003,
            "quarter": 4,
            "eps": null,
            "eps_growth_year": null,
            "eps_4q": null,
            "eps_4q_growth_year": null,
            "roe": null,
            "roe_4q": 0,
            "gross_profit": null,
            "gross_margin": null,
            "gross_margin_4q_avg": 0,
            "net_income": null,
            "net_income_4q": null,
            "revenue": null,
            "revenue_4q": null,
            "common_shares": null,
            "book_valuer_per_share": null,
            "book_valuer_per_share_4q_avg": 0,
            "equity": null,
            "current_ratio": null,
            "debt_ratio": null,
            "inventory_turnover_ratio": null,
            "account_receivable_turnover_ratio": null,
            "reinvestment_rate": null,
            "research_to_sale_ratio": null,
            "price_fair": 0,
            "eps_avg_yearly": 0,
            "eps_latest_yearly": 0,
            "eps_growth_yearly": 0
        },
        "20041": {
            "year_quarter": 20041,
            "year": 2004,
            "quarter": 1,
            "eps": null,
            "eps_growth_year": null,
            "eps_4q": null,
            "eps_4q_growth_year": null,
            "roe": null,
            "roe_4q": 0,
            "gross_profit": null,
            "gross_margin": null,
            "gross_margin_4q_avg": 0,
            "net_income": null,
            "net_income_4q": null,
            "revenue": null,
            "revenue_4q": null,
            "common_shares": null,
            "book_valuer_per_share": null,
            "book_valuer_per_share_4q_avg": 0,
            "equity": null,
            "current_ratio": null,
            "debt_ratio": null,
            "inventory_turnover_ratio": null,
            "account_receivable_turnover_ratio": null,
            "reinvestment_rate": null,
            "research_to_sale_ratio": null,
            "price_fair": 0,
            "eps_avg_yearly": 0,
            "eps_latest_yearly": 0,
            "eps_growth_yearly": 0
        },
        "20042": {
            "year_quarter": 20042,
            "year": 2004,
            "quarter": 2,
            "eps": null,
            "eps_growth_year": null,
            "eps_4q": null,
            "eps_4q_growth_year": null,
            "roe": null,
            "roe_4q": 0,
            "gross_profit": null,
            "gross_margin": null,
            "gross_margin_4q_avg": 0,
            "net_income": null,
            "net_income_4q": null,
            "revenue": null,
            "revenue_4q": null,
            "common_shares": null,
            "book_valuer_per_share": null,
            "book_valuer_per_share_4q_avg": 0,
            "equity": null,
            "current_ratio": null,
            "debt_ratio": null,
            "inventory_turnover_ratio": null,
            "account_receivable_turnover_ratio": null,
            "reinvestment_rate": null,
            "research_to_sale_ratio": null,
            "price_fair": 0,
            "eps_avg_yearly": 0,
            "eps_latest_yearly": 0,
            "eps_growth_yearly": 0
        },
        "20043": {
            "year_quarter": 20043,
            "year": 2004,
            "quarter": 3,
            "eps": null,
            "eps_growth_year": null,
            "eps_4q": null,
            "eps_4q_growth_year": null,
            "roe": null,
            "roe_4q": 0,
            "gross_profit": null,
            "gross_margin": null,
            "gross_margin_4q_avg": 0,
            "net_income": null,
            "net_income_4q": null,
            "revenue": null,
            "revenue_4q": null,
            "common_shares": null,
            "book_valuer_per_share": null,
            "book_valuer_per_share_4q_avg": 0,
            "equity": null,
            "current_ratio": null,
            "debt_ratio": null,
            "inventory_turnover_ratio": null,
            "account_receivable_turnover_ratio": null,
            "reinvestment_rate": null,
            "research_to_sale_ratio": null,
            "price_fair": 0,
            "eps_avg_yearly": 0,
            "eps_latest_yearly": 0,
            "eps_growth_yearly": 0
        },
        "20044": {
            "year_quarter": 20044,
            "year": 2004,
            "quarter": 4,
            "eps": null,
            "eps_growth_year": null,
            "eps_4q": null,
            "eps_4q_growth_year": null,
            "roe": null,
            "roe_4q": 0,
            "gross_profit": null,
            "gross_margin": null,
            "gross_margin_4q_avg": 0,
            "net_income": null,
            "net_income_4q": null,
            "revenue": null,
            "revenue_4q": null,
            "common_shares": null,
            "book_valuer_per_share": null,
            "book_valuer_per_share_4q_avg": 0,
            "equity": null,
            "current_ratio": null,
            "debt_ratio": null,
            "inventory_turnover_ratio": null,
            "account_receivable_turnover_ratio": null,
            "reinvestment_rate": null,
            "research_to_sale_ratio": null,
            "price_fair": 0,
            "eps_avg_yearly": 0,
            "eps_latest_yearly": 0,
            "eps_growth_yearly": 0
        },
        "20051": {
            "year_quarter": 20051,
            "year": 2005,
            "quarter": 1,
            "eps": null,
            "eps_growth_year": null,
            "eps_4q": null,
            "eps_4q_growth_year": null,
            "roe": null,
            "roe_4q": 0,
            "gross_profit": null,
            "gross_margin": null,
            "gross_margin_4q_avg": 0,
            "net_income": null,
            "net_income_4q": null,
            "revenue": null,
            "revenue_4q": null,
            "common_shares": null,
            "book_valuer_per_share": null,
            "book_valuer_per_share_4q_avg": 0,
            "equity": null,
            "current_ratio": null,
            "debt_ratio": null,
            "inventory_turnover_ratio": null,
            "account_receivable_turnover_ratio": null,
            "reinvestment_rate": null,
            "research_to_sale_ratio": null,
            "price_fair": 0,
            "eps_avg_yearly": 0,
            "eps_latest_yearly": 0,
            "eps_growth_yearly": 0
        },
        "20052": {
            "year_quarter": 20052,
            "year": 2005,
            "quarter": 2,
            "eps": null,
            "eps_growth_year": null,
            "eps_4q": null,
            "eps_4q_growth_year": null,
            "roe": null,
            "roe_4q": 0,
            "gross_profit": null,
            "gross_margin": null,
            "gross_margin_4q_avg": 0,
            "net_income": null,
            "net_income_4q": null,
            "revenue": null,
            "revenue_4q": null,
            "common_shares": null,
            "book_valuer_per_share": null,
            "book_valuer_per_share_4q_avg": 0,
            "equity": null,
            "current_ratio": null,
            "debt_ratio": null,
            "inventory_turnover_ratio": null,
            "account_receivable_turnover_ratio": null,
            "reinvestment_rate": null,
            "research_to_sale_ratio": null,
            "price_fair": 0,
            "eps_avg_yearly": 0,
            "eps_latest_yearly": 0,
            "eps_growth_yearly": 0
        },
        "20053": {
            "year_quarter": 20053,
            "year": 2005,
            "quarter": 3,
            "eps": null,
            "eps_growth_year": null,
            "eps_4q": null,
            "eps_4q_growth_year": null,
            "roe": null,
            "roe_4q": 0,
            "gross_profit": null,
            "gross_margin": null,
            "gross_margin_4q_avg": 0,
            "net_income": null,
            "net_income_4q": null,
            "revenue": null,
            "revenue_4q": null,
            "common_shares": null,
            "book_valuer_per_share": null,
            "book_valuer_per_share_4q_avg": 0,
            "equity": null,
            "current_ratio": null,
            "debt_ratio": null,
            "inventory_turnover_ratio": null,
            "account_receivable_turnover_ratio": null,
            "reinvestment_rate": null,
            "research_to_sale_ratio": null,
            "price_fair": 0,
            "eps_avg_yearly": 0,
            "eps_latest_yearly": 0,
            "eps_growth_yearly": 0
        },
        "20054": {
            "year_quarter": 20054,
            "year": 2005,
            "quarter": 4,
            "eps": null,
            "eps_growth_year": null,
            "eps_4q": null,
            "eps_4q_growth_year": null,
            "roe": null,
            "roe_4q": 0,
            "gross_profit": null,
            "gross_margin": null,
            "gross_margin_4q_avg": 0,
            "net_income": null,
            "net_income_4q": null,
            "revenue": null,
            "revenue_4q": null,
            "common_shares": null,
            "book_valuer_per_share": null,
            "book_valuer_per_share_4q_avg": 0,
            "equity": null,
            "current_ratio": null,
            "debt_ratio": null,
            "inventory_turnover_ratio": null,
            "account_receivable_turnover_ratio": null,
            "reinvestment_rate": null,
            "research_to_sale_ratio": null,
            "price_fair": 0,
            "eps_avg_yearly": 0,
            "eps_latest_yearly": 0,
            "eps_growth_yearly": 0
        },
        "20061": {
            "year_quarter": 20061,
            "year": 2006,
            "quarter": 1,
            "eps": null,
            "eps_growth_year": null,
            "eps_4q": null,
            "eps_4q_growth_year": null,
            "roe": null,
            "roe_4q": 0,
            "gross_profit": null,
            "gross_margin": null,
            "gross_margin_4q_avg": 0,
            "net_income": null,
            "net_income_4q": null,
            "revenue": null,
            "revenue_4q": null,
            "common_shares": null,
            "book_valuer_per_share": null,
            "book_valuer_per_share_4q_avg": 0,
            "equity": null,
            "current_ratio": null,
            "debt_ratio": null,
            "inventory_turnover_ratio": null,
            "account_receivable_turnover_ratio": null,
            "reinvestment_rate": null,
            "research_to_sale_ratio": null,
            "price_fair": 0,
            "eps_avg_yearly": 0,
            "eps_latest_yearly": 0,
            "eps_growth_yearly": 0
        },
        "20062": {
            "year_quarter": 20062,
            "year": 2006,
            "quarter": 2,
            "eps": null,
            "eps_growth_year": null,
            "eps_4q": null,
            "eps_4q_growth_year": null,
            "roe": null,
            "roe_4q": 0,
            "gross_profit": null,
            "gross_margin": null,
            "gross_margin_4q_avg": 0,
            "net_income": null,
            "net_income_4q": null,
            "revenue": null,
            "revenue_4q": null,
            "common_shares": null,
            "book_valuer_per_share": null,
            "book_valuer_per_share_4q_avg": 0,
            "equity": null,
            "current_ratio": null,
            "debt_ratio": null,
            "inventory_turnover_ratio": null,
            "account_receivable_turnover_ratio": null,
            "reinvestment_rate": null,
            "research_to_sale_ratio": null,
            "price_fair": 0,
            "eps_avg_yearly": 0,
            "eps_latest_yearly": 0,
            "eps_growth_yearly": 0
        },
        "20063": {
            "year_quarter": 20063,
            "year": 2006,
            "quarter": 3,
            "eps": null,
            "eps_growth_year": null,
            "eps_4q": null,
            "eps_4q_growth_year": null,
            "roe": null,
            "roe_4q": 0,
            "gross_profit": null,
            "gross_margin": null,
            "gross_margin_4q_avg": 0,
            "net_income": null,
            "net_income_4q": null,
            "revenue": null,
            "revenue_4q": null,
            "common_shares": null,
            "book_valuer_per_share": null,
            "book_valuer_per_share_4q_avg": 0,
            "equity": null,
            "current_ratio": null,
            "debt_ratio": null,
            "inventory_turnover_ratio": null,
            "account_receivable_turnover_ratio": null,
            "reinvestment_rate": null,
            "research_to_sale_ratio": null,
            "price_fair": 0,
            "eps_avg_yearly": 0,
            "eps_latest_yearly": 0,
            "eps_growth_yearly": 0
        },
        "20064": {
            "year_quarter": 20064,
            "year": 2006,
            "quarter": 4,
            "eps": null,
            "eps_growth_year": null,
            "eps_4q": null,
            "eps_4q_growth_year": null,
            "roe": null,
            "roe_4q": 0,
            "gross_profit": null,
            "gross_margin": null,
            "gross_margin_4q_avg": 0,
            "net_income": null,
            "net_income_4q": null,
            "revenue": null,
            "revenue_4q": null,
            "common_shares": null,
            "book_valuer_per_share": null,
            "book_valuer_per_share_4q_avg": 0,
            "equity": null,
            "current_ratio": null,
            "debt_ratio": null,
            "inventory_turnover_ratio": null,
            "account_receivable_turnover_ratio": null,
            "reinvestment_rate": null,
            "research_to_sale_ratio": null,
            "price_fair": 0,
            "eps_avg_yearly": 0,
            "eps_latest_yearly": 0,
            "eps_growth_yearly": 0
        },
        "20071": {
            "year_quarter": 20071,
            "year": 2007,
            "quarter": 1,
            "eps": null,
            "eps_growth_year": null,
            "eps_4q": null,
            "eps_4q_growth_year": null,
            "roe": null,
            "roe_4q": 0,
            "gross_profit": null,
            "gross_margin": null,
            "gross_margin_4q_avg": 0,
            "net_income": null,
            "net_income_4q": null,
            "revenue": null,
            "revenue_4q": null,
            "common_shares": null,
            "book_valuer_per_share": null,
            "book_valuer_per_share_4q_avg": 0,
            "equity": null,
            "current_ratio": null,
            "debt_ratio": null,
            "inventory_turnover_ratio": null,
            "account_receivable_turnover_ratio": null,
            "reinvestment_rate": null,
            "research_to_sale_ratio": null,
            "price_fair": 0,
            "eps_avg_yearly": 0,
            "eps_latest_yearly": 0,
            "eps_growth_yearly": 0
        },
        "20072": {
            "year_quarter": 20072,
            "year": 2007,
            "quarter": 2,
            "eps": null,
            "eps_growth_year": null,
            "eps_4q": null,
            "eps_4q_growth_year": null,
            "roe": null,
            "roe_4q": 0,
            "gross_profit": null,
            "gross_margin": null,
            "gross_margin_4q_avg": 0,
            "net_income": null,
            "net_income_4q": null,
            "revenue": null,
            "revenue_4q": null,
            "common_shares": null,
            "book_valuer_per_share": null,
            "book_valuer_per_share_4q_avg": 0,
            "equity": null,
            "current_ratio": null,
            "debt_ratio": null,
            "inventory_turnover_ratio": null,
            "account_receivable_turnover_ratio": null,
            "reinvestment_rate": null,
            "research_to_sale_ratio": null,
            "price_fair": 0,
            "eps_avg_yearly": 0,
            "eps_latest_yearly": 0,
            "eps_growth_yearly": 0
        },
        "20073": {
            "year_quarter": 20073,
            "year": 2007,
            "quarter": 3,
            "eps": null,
            "eps_growth_year": null,
            "eps_4q": null,
            "eps_4q_growth_year": null,
            "roe": null,
            "roe_4q": 0,
            "gross_profit": null,
            "gross_margin": null,
            "gross_margin_4q_avg": 0,
            "net_income": null,
            "net_income_4q": null,
            "revenue": null,
            "revenue_4q": null,
            "common_shares": null,
            "book_valuer_per_share": null,
            "book_valuer_per_share_4q_avg": 0,
            "equity": null,
            "current_ratio": null,
            "debt_ratio": null,
            "inventory_turnover_ratio": null,
            "account_receivable_turnover_ratio": null,
            "reinvestment_rate": null,
            "research_to_sale_ratio": null,
            "price_fair": 0,
            "eps_avg_yearly": 0,
            "eps_latest_yearly": 0,
            "eps_growth_yearly": 0
        },
        "20074": {
            "year_quarter": 20074,
            "year": 2007,
            "quarter": 4,
            "eps": null,
            "eps_growth_year": null,
            "eps_4q": null,
            "eps_4q_growth_year": null,
            "roe": null,
            "roe_4q": 0,
            "gross_profit": null,
            "gross_margin": null,
            "gross_margin_4q_avg": 0,
            "net_income": null,
            "net_income_4q": null,
            "revenue": null,
            "revenue_4q": null,
            "common_shares": null,
            "book_valuer_per_share": null,
            "book_valuer_per_share_4q_avg": 0,
            "equity": null,
            "current_ratio": null,
            "debt_ratio": null,
            "inventory_turnover_ratio": null,
            "account_receivable_turnover_ratio": null,
            "reinvestment_rate": null,
            "research_to_sale_ratio": null,
            "price_fair": 0,
            "eps_avg_yearly": 0,
            "eps_latest_yearly": 0,
            "eps_growth_yearly": 0
        },
        "20081": {
            "year_quarter": 20081,
            "year": 2008,
            "quarter": 1,
            "eps": null,
            "eps_growth_year": null,
            "eps_4q": null,
            "eps_4q_growth_year": null,
            "roe": null,
            "roe_4q": 0,
            "gross_profit": null,
            "gross_margin": null,
            "gross_margin_4q_avg": 0,
            "net_income": null,
            "net_income_4q": null,
            "revenue": null,
            "revenue_4q": null,
            "common_shares": null,
            "book_valuer_per_share": null,
            "book_valuer_per_share_4q_avg": 0,
            "equity": null,
            "current_ratio": null,
            "debt_ratio": null,
            "inventory_turnover_ratio": null,
            "account_receivable_turnover_ratio": null,
            "reinvestment_rate": null,
            "research_to_sale_ratio": null,
            "price_fair": 0,
            "eps_avg_yearly": 0,
            "eps_latest_yearly": 0,
            "eps_growth_yearly": 0
        },
        "20082": {
            "year_quarter": 20082,
            "year": 2008,
            "quarter": 2,
            "eps": null,
            "eps_growth_year": null,
            "eps_4q": null,
            "eps_4q_growth_year": null,
            "roe": null,
            "roe_4q": 0,
            "gross_profit": null,
            "gross_margin": null,
            "gross_margin_4q_avg": 0,
            "net_income": null,
            "net_income_4q": null,
            "revenue": null,
            "revenue_4q": null,
            "common_shares": null,
            "book_valuer_per_share": null,
            "book_valuer_per_share_4q_avg": 0,
            "equity": null,
            "current_ratio": null,
            "debt_ratio": null,
            "inventory_turnover_ratio": null,
            "account_receivable_turnover_ratio": null,
            "reinvestment_rate": null,
            "research_to_sale_ratio": null,
            "price_fair": 0,
            "eps_avg_yearly": 0,
            "eps_latest_yearly": 0,
            "eps_growth_yearly": 0
        },
        "20083": {
            "year_quarter": 20083,
            "year": 2008,
            "quarter": 3,
            "eps": null,
            "eps_growth_year": null,
            "eps_4q": null,
            "eps_4q_growth_year": null,
            "roe": null,
            "roe_4q": 0,
            "gross_profit": null,
            "gross_margin": null,
            "gross_margin_4q_avg": 0,
            "net_income": null,
            "net_income_4q": null,
            "revenue": null,
            "revenue_4q": null,
            "common_shares": null,
            "book_valuer_per_share": null,
            "book_valuer_per_share_4q_avg": 0,
            "equity": null,
            "current_ratio": null,
            "debt_ratio": null,
            "inventory_turnover_ratio": null,
            "account_receivable_turnover_ratio": null,
            "reinvestment_rate": null,
            "research_to_sale_ratio": null,
            "price_fair": 0,
            "eps_avg_yearly": 0,
            "eps_latest_yearly": 0,
            "eps_growth_yearly": 0
        },
        "20084": {
            "year_quarter": 20084,
            "year": 2008,
            "quarter": 4,
            "eps": null,
            "eps_growth_year": null,
            "eps_4q": null,
            "eps_4q_growth_year": null,
            "roe": null,
            "roe_4q": 0,
            "gross_profit": null,
            "gross_margin": null,
            "gross_margin_4q_avg": 0,
            "net_income": null,
            "net_income_4q": null,
            "revenue": null,
            "revenue_4q": null,
            "common_shares": 20554,
            "book_valuer_per_share": 1264.64,
            "book_valuer_per_share_4q_avg": 316.16,
            "equity": 2599344,
            "current_ratio": 83.92,
            "debt_ratio": 59.65,
            "inventory_turnover_ratio": null,
            "account_receivable_turnover_ratio": null,
            "reinvestment_rate": null,
            "research_to_sale_ratio": null,
            "price_fair": 0,
            "eps_avg_yearly": 0,
            "eps_latest_yearly": 0,
            "eps_growth_yearly": 0
        },
        "20091": {
            "year_quarter": 20091,
            "year": 2009,
            "quarter": 1,
            "eps": null,
            "eps_growth_year": null,
            "eps_4q": null,
            "eps_4q_growth_year": null,
            "roe": null,
            "roe_4q": 0,
            "gross_profit": null,
            "gross_margin": null,
            "gross_margin_4q_avg": 0,
            "net_income": null,
            "net_income_4q": null,
            "revenue": null,
            "revenue_4q": null,
            "common_shares": null,
            "book_valuer_per_share": null,
            "book_valuer_per_share_4q_avg": 316.16,
            "equity": null,
            "current_ratio": null,
            "debt_ratio": null,
            "inventory_turnover_ratio": null,
            "account_receivable_turnover_ratio": null,
            "reinvestment_rate": null,
            "research_to_sale_ratio": null,
            "price_fair": 0,
            "eps_avg_yearly": 0,
            "eps_latest_yearly": 0,
            "eps_growth_yearly": 0
        },
        "20092": {
            "year_quarter": 20092,
            "year": 2009,
            "quarter": 2,
            "eps": null,
            "eps_growth_year": null,
            "eps_4q": null,
            "eps_4q_growth_year": null,
            "roe": null,
            "roe_4q": 0,
            "gross_profit": null,
            "gross_margin": null,
            "gross_margin_4q_avg": 0,
            "net_income": null,
            "net_income_4q": null,
            "revenue": null,
            "revenue_4q": null,
            "common_shares": null,
            "book_valuer_per_share": null,
            "book_valuer_per_share_4q_avg": 316.16,
            "equity": null,
            "current_ratio": null,
            "debt_ratio": null,
            "inventory_turnover_ratio": null,
            "account_receivable_turnover_ratio": null,
            "reinvestment_rate": null,
            "research_to_sale_ratio": null,
            "price_fair": 0,
            "eps_avg_yearly": 0,
            "eps_latest_yearly": 0,
            "eps_growth_yearly": 0
        },
        "20093": {
            "year_quarter": 20093,
            "year": 2009,
            "quarter": 3,
            "eps": null,
            "eps_growth_year": null,
            "eps_4q": null,
            "eps_4q_growth_year": null,
            "roe": null,
            "roe_4q": 0,
            "gross_profit": null,
            "gross_margin": null,
            "gross_margin_4q_avg": 0,
            "net_income": null,
            "net_income_4q": null,
            "revenue": null,
            "revenue_4q": null,
            "common_shares": null,
            "book_valuer_per_share": null,
            "book_valuer_per_share_4q_avg": 316.16,
            "equity": null,
            "current_ratio": null,
            "debt_ratio": null,
            "inventory_turnover_ratio": null,
            "account_receivable_turnover_ratio": null,
            "reinvestment_rate": null,
            "research_to_sale_ratio": null,
            "price_fair": 0,
            "eps_avg_yearly": 0,
            "eps_latest_yearly": 0,
            "eps_growth_yearly": 0
        },
        "20094": {
            "year_quarter": 20094,
            "year": 2009,
            "quarter": 4,
            "eps": null,
            "eps_growth_year": null,
            "eps_4q": null,
            "eps_4q_growth_year": null,
            "roe": null,
            "roe_4q": 0,
            "gross_profit": null,
            "gross_margin": null,
            "gross_margin_4q_avg": 0,
            "net_income": null,
            "net_income_4q": null,
            "revenue": null,
            "revenue_4q": null,
            "common_shares": 32308,
            "book_valuer_per_share": 1312.51,
            "book_valuer_per_share_4q_avg": 328.13,
            "equity": 4240454,
            "current_ratio": 136.55,
            "debt_ratio": 33.39,
            "inventory_turnover_ratio": null,
            "account_receivable_turnover_ratio": null,
            "reinvestment_rate": null,
            "research_to_sale_ratio": null,
            "price_fair": 0,
            "eps_avg_yearly": 0,
            "eps_latest_yearly": 0,
            "eps_growth_yearly": 0
        },
        "20101": {
            "year_quarter": 20101,
            "year": 2010,
            "quarter": 1,
            "eps": null,
            "eps_growth_year": null,
            "eps_4q": null,
            "eps_4q_growth_year": null,
            "roe": null,
            "roe_4q": 0,
            "gross_profit": null,
            "gross_margin": null,
            "gross_margin_4q_avg": 0,
            "net_income": null,
            "net_income_4q": null,
            "revenue": null,
            "revenue_4q": null,
            "common_shares": null,
            "book_valuer_per_share": null,
            "book_valuer_per_share_4q_avg": 328.13,
            "equity": null,
            "current_ratio": null,
            "debt_ratio": null,
            "inventory_turnover_ratio": null,
            "account_receivable_turnover_ratio": null,
            "reinvestment_rate": null,
            "research_to_sale_ratio": null,
            "price_fair": 0,
            "eps_avg_yearly": 0,
            "eps_latest_yearly": 0,
            "eps_growth_yearly": 0
        },
        "20102": {
            "year_quarter": 20102,
            "year": 2010,
            "quarter": 2,
            "eps": null,
            "eps_growth_year": null,
            "eps_4q": null,
            "eps_4q_growth_year": null,
            "roe": null,
            "roe_4q": 0,
            "gross_profit": null,
            "gross_margin": null,
            "gross_margin_4q_avg": 0,
            "net_income": null,
            "net_income_4q": null,
            "revenue": null,
            "revenue_4q": null,
            "common_shares": null,
            "book_valuer_per_share": null,
            "book_valuer_per_share_4q_avg": 328.13,
            "equity": null,
            "current_ratio": null,
            "debt_ratio": null,
            "inventory_turnover_ratio": null,
            "account_receivable_turnover_ratio": null,
            "reinvestment_rate": null,
            "research_to_sale_ratio": null,
            "price_fair": 0,
            "eps_avg_yearly": 0,
            "eps_latest_yearly": 0,
            "eps_growth_yearly": 0
        },
        "20103": {
            "year_quarter": 20103,
            "year": 2010,
            "quarter": 3,
            "eps": null,
            "eps_growth_year": null,
            "eps_4q": null,
            "eps_4q_growth_year": null,
            "roe": null,
            "roe_4q": 0,
            "gross_profit": null,
            "gross_margin": null,
            "gross_margin_4q_avg": 0,
            "net_income": null,
            "net_income_4q": null,
            "revenue": null,
            "revenue_4q": null,
            "common_shares": null,
            "book_valuer_per_share": null,
            "book_valuer_per_share_4q_avg": 328.13,
            "equity": null,
            "current_ratio": null,
            "debt_ratio": null,
            "inventory_turnover_ratio": null,
            "account_receivable_turnover_ratio": null,
            "reinvestment_rate": null,
            "research_to_sale_ratio": null,
            "price_fair": 0,
            "eps_avg_yearly": 0,
            "eps_latest_yearly": 0,
            "eps_growth_yearly": 0
        },
        "20104": {
            "year_quarter": 20104,
            "year": 2010,
            "quarter": 4,
            "eps": null,
            "eps_growth_year": null,
            "eps_4q": null,
            "eps_4q_growth_year": null,
            "roe": null,
            "roe_4q": 0,
            "gross_profit": null,
            "gross_margin": null,
            "gross_margin_4q_avg": 0,
            "net_income": null,
            "net_income_4q": null,
            "revenue": null,
            "revenue_4q": null,
            "common_shares": 800000,
            "book_valuer_per_share": 55.26,
            "book_valuer_per_share_4q_avg": 13.82,
            "equity": 4458225,
            "current_ratio": 111.31,
            "debt_ratio": 36.3,
            "inventory_turnover_ratio": null,
            "account_receivable_turnover_ratio": null,
            "reinvestment_rate": null,
            "research_to_sale_ratio": null,
            "price_fair": 0,
            "eps_avg_yearly": 0,
            "eps_latest_yearly": 0,
            "eps_growth_yearly": 0
        },
        "20111": {
            "year_quarter": 20111,
            "year": 2011,
            "quarter": 1,
            "eps": null,
            "eps_growth_year": null,
            "eps_4q": null,
            "eps_4q_growth_year": null,
            "roe": null,
            "roe_4q": 0,
            "gross_profit": 199353,
            "gross_margin": null,
            "gross_margin_4q_avg": 0,
            "net_income": 70079,
            "net_income_4q": null,
            "revenue": 986001,
            "revenue_4q": null,
            "common_shares": 800000,
            "book_valuer_per_share": 57.46,
            "book_valuer_per_share_4q_avg": 28.18,
            "equity": 4633941,
            "current_ratio": 111.8,
            "debt_ratio": 37.41,
            "inventory_turnover_ratio": null,
            "account_receivable_turnover_ratio": null,
            "reinvestment_rate": null,
            "research_to_sale_ratio": null,
            "price_fair": 0,
            "eps_avg_yearly": 0,
            "eps_latest_yearly": 0,
            "eps_growth_yearly": 0
        },
        "20112": {
            "year_quarter": 20112,
            "year": 2011,
            "quarter": 2,
            "eps": null,
            "eps_growth_year": null,
            "eps_4q": null,
            "eps_4q_growth_year": null,
            "roe": null,
            "roe_4q": 0,
            "gross_profit": 237349,
            "gross_margin": null,
            "gross_margin_4q_avg": 0,
            "net_income": 70142,
            "net_income_4q": null,
            "revenue": 1266952,
            "revenue_4q": null,
            "common_shares": 800000,
            "book_valuer_per_share": 57.15,
            "book_valuer_per_share_4q_avg": 42.47,
            "equity": 4609168,
            "current_ratio": 113.21,
            "debt_ratio": 38.85,
            "inventory_turnover_ratio": null,
            "account_receivable_turnover_ratio": null,
            "reinvestment_rate": null,
            "research_to_sale_ratio": null,
            "price_fair": 0,
            "eps_avg_yearly": 0,
            "eps_latest_yearly": 0,
            "eps_growth_yearly": 0
        },
        "20113": {
            "year_quarter": 20113,
            "year": 2011,
            "quarter": 3,
            "eps": null,
            "eps_growth_year": null,
            "eps_4q": null,
            "eps_4q_growth_year": null,
            "roe": null,
            "roe_4q": 0,
            "gross_profit": 303907,
            "gross_margin": null,
            "gross_margin_4q_avg": 0,
            "net_income": 88652,
            "net_income_4q": null,
            "revenue": 1544454,
            "revenue_4q": null,
            "common_shares": 800000,
            "book_valuer_per_share": 62.49,
            "book_valuer_per_share_4q_avg": 58.09,
            "equity": 4998915,
            "current_ratio": 106.27,
            "debt_ratio": 41.17,
            "inventory_turnover_ratio": null,
            "account_receivable_turnover_ratio": null,
            "reinvestment_rate": null,
            "research_to_sale_ratio": null,
            "price_fair": 0,
            "eps_avg_yearly": 0,
            "eps_latest_yearly": 0,
            "eps_growth_yearly": 0
        },
        "20114": {
            "year_quarter": 20114,
            "year": 2011,
            "quarter": 4,
            "eps": null,
            "eps_growth_year": null,
            "eps_4q": null,
            "eps_4q_growth_year": null,
            "roe": null,
            "roe_4q": 0,
            "gross_profit": 311339,
            "gross_margin": null,
            "gross_margin_4q_avg": 0,
            "net_income": 68641,
            "net_income_4q": null,
            "revenue": 1463742,
            "revenue_4q": null,
            "common_shares": 800000,
            "book_valuer_per_share": 63.54,
            "book_valuer_per_share_4q_avg": 60.16,
            "equity": 5083249,
            "current_ratio": 109.59,
            "debt_ratio": 41.08,
            "inventory_turnover_ratio": null,
            "account_receivable_turnover_ratio": null,
            "reinvestment_rate": null,
            "research_to_sale_ratio": null,
            "price_fair": 0,
            "eps_avg_yearly": 0,
            "eps_latest_yearly": 0,
            "eps_growth_yearly": 0
        },
        "20121": {
            "year_quarter": 20121,
            "year": 2012,
            "quarter": 1,
            "eps": 1.11,
            "eps_growth_year": null,
            "eps_4q": 1.11,
            "eps_4q_growth_year": null,
            "roe": 1.77,
            "roe_4q": 1.77,
            "gross_profit": 289624,
            "gross_margin": 22.56,
            "gross_margin_4q_avg": 5.64,
            "net_income": 88945,
            "net_income_4q": null,
            "revenue": 1284038,
            "revenue_4q": null,
            "common_shares": 800000,
            "book_valuer_per_share": 62.4,
            "book_valuer_per_share_4q_avg": 61.4,
            "equity": 4992315,
            "current_ratio": 113.74,
            "debt_ratio": 40.01,
            "inventory_turnover_ratio": 1.04,
            "account_receivable_turnover_ratio": 0.77,
            "reinvestment_rate": null,
            "research_to_sale_ratio": null,
            "price_fair": 0,
            "eps_avg_yearly": 0,
            "eps_latest_yearly": 0,
            "eps_growth_yearly": 0
        },
        "20122": {
            "year_quarter": 20122,
            "year": 2012,
            "quarter": 2,
            "eps": 0.67,
            "eps_growth_year": null,
            "eps_4q": 1.55,
            "eps_4q_growth_year": null,
            "roe": 1.27,
            "roe_4q": 3.04,
            "gross_profit": 359991,
            "gross_margin": 23.3,
            "gross_margin_4q_avg": 11.47,
            "net_income": 67253,
            "net_income_4q": null,
            "revenue": 1544860,
            "revenue_4q": null,
            "common_shares": 888890,
            "book_valuer_per_share": 62.55,
            "book_valuer_per_share_4q_avg": 62.75,
            "equity": 5559720,
            "current_ratio": 136.81,
            "debt_ratio": 33.76,
            "inventory_turnover_ratio": 1.33,
            "account_receivable_turnover_ratio": 0.88,
            "reinvestment_rate": null,
            "research_to_sale_ratio": null,
            "price_fair": 8.04,
            "eps_avg_yearly": 2.68,
            "eps_latest_yearly": 2.68,
            "eps_growth_yearly": -158.56
        },
        "20123": {
            "year_quarter": 20123,
            "year": 2012,
            "quarter": 3,
            "eps": 1.07,
            "eps_growth_year": null,
            "eps_4q": 2.62,
            "eps_4q_growth_year": null,
            "roe": 1.93,
            "roe_4q": 4.970000000000001,
            "gross_profit": 292140,
            "gross_margin": 22.18,
            "gross_margin_4q_avg": 17.01,
            "net_income": 107784,
            "net_income_4q": null,
            "revenue": 1316945,
            "revenue_4q": null,
            "common_shares": 1008890,
            "book_valuer_per_share": 55.64,
            "book_valuer_per_share_4q_avg": 61.03,
            "equity": 5613165,
            "current_ratio": 205.72,
            "debt_ratio": 31.69,
            "inventory_turnover_ratio": 1.27,
            "account_receivable_turnover_ratio": 0.78,
            "reinvestment_rate": null,
            "research_to_sale_ratio": null,
            "price_fair": 121.8,
            "eps_avg_yearly": 3.48,
            "eps_latest_yearly": 4.28,
            "eps_growth_yearly": 40.12
        },
        "20124": {
            "year_quarter": 20124,
            "year": 2012,
            "quarter": 4,
            "eps": 1.05,
            "eps_growth_year": null,
            "eps_4q": 3.67,
            "eps_4q_growth_year": null,
            "roe": 1.88,
            "roe_4q": 6.85,
            "gross_profit": 273696,
            "gross_margin": 24.54,
            "gross_margin_4q_avg": 23.15,
            "net_income": 106403,
            "net_income_4q": null,
            "revenue": 1115473,
            "revenue_4q": null,
            "common_shares": 1008890,
            "book_valuer_per_share": 56.51,
            "book_valuer_per_share_4q_avg": 59.28,
            "equity": 5701717,
            "current_ratio": 207.44,
            "debt_ratio": 31.84,
            "inventory_turnover_ratio": 0.99,
            "account_receivable_turnover_ratio": 0.75,
            "reinvestment_rate": null,
            "research_to_sale_ratio": null,
            "price_fair": 127.44,
            "eps_avg_yearly": 3.72,
            "eps_latest_yearly": 4.2,
            "eps_growth_yearly": 24.26
        },
        "20131": {
            "year_quarter": 20131,
            "year": 2013,
            "quarter": 1,
            "eps": 0.84,
            "eps_growth_year": -24.32,
            "eps_4q": 3.63,
            "eps_4q_growth_year": 226.31,
            "roe": 1.45,
            "roe_4q": 6.529999999999999,
            "gross_profit": 295693,
            "gross_margin": 25.29,
            "gross_margin_4q_avg": 23.83,
            "net_income": 84577,
            "net_income_4q": null,
            "revenue": 1169187,
            "revenue_4q": null,
            "common_shares": 1008890,
            "book_valuer_per_share": 58.98,
            "book_valuer_per_share_4q_avg": 58.42,
            "equity": 5950651,
            "current_ratio": 209.34,
            "debt_ratio": 32.05,
            "inventory_turnover_ratio": 0.96,
            "account_receivable_turnover_ratio": 0.84,
            "reinvestment_rate": null,
            "research_to_sale_ratio": 1.16,
            "price_fair": 10.89,
            "eps_avg_yearly": 3.63,
            "eps_latest_yearly": 3.36,
            "eps_growth_yearly": -1.81
        },
        "20132": {
            "year_quarter": 20132,
            "year": 2013,
            "quarter": 2,
            "eps": 1.23,
            "eps_growth_year": 84.52,
            "eps_4q": 4.19,
            "eps_4q_growth_year": 170.55,
            "roe": 2.09,
            "roe_4q": 7.35,
            "gross_profit": 367012,
            "gross_margin": 25.94,
            "gross_margin_4q_avg": 24.49,
            "net_income": 123836,
            "net_income_4q": null,
            "revenue": 1414860,
            "revenue_4q": null,
            "common_shares": 1008890,
            "book_valuer_per_share": 58.65,
            "book_valuer_per_share_4q_avg": 57.45,
            "equity": 5916767,
            "current_ratio": 188.26,
            "debt_ratio": 35.11,
            "inventory_turnover_ratio": 1.17,
            "account_receivable_turnover_ratio": 0.91,
            "reinvestment_rate": null,
            "research_to_sale_ratio": 1.83,
            "price_fair": 136.08,
            "eps_avg_yearly": 3.89,
            "eps_latest_yearly": 4.92,
            "eps_growth_yearly": 35.7
        },
        "20133": {
            "year_quarter": 20133,
            "year": 2013,
            "quarter": 3,
            "eps": 1.85,
            "eps_growth_year": 73.17,
            "eps_4q": 4.97,
            "eps_4q_growth_year": 90.11,
            "roe": 3.12,
            "roe_4q": 8.54,
            "gross_profit": 484061,
            "gross_margin": 29.68,
            "gross_margin_4q_avg": 26.36,
            "net_income": 187035,
            "net_income_4q": null,
            "revenue": 1631011,
            "revenue_4q": null,
            "common_shares": 1008890,
            "book_valuer_per_share": 60.03,
            "book_valuer_per_share_4q_avg": 58.54,
            "equity": 6056563,
            "current_ratio": 196.76,
            "debt_ratio": 34.84,
            "inventory_turnover_ratio": 1.19,
            "account_receivable_turnover_ratio": 0.92,
            "reinvestment_rate": null,
            "research_to_sale_ratio": 1.24,
            "price_fair": 156.57,
            "eps_avg_yearly": 4.47,
            "eps_latest_yearly": 7.4,
            "eps_growth_yearly": 63.35
        },
        "20134": {
            "year_quarter": 20134,
            "year": 2013,
            "quarter": 4,
            "eps": 1.44,
            "eps_growth_year": 36.9,
            "eps_4q": 5.36,
            "eps_4q_growth_year": 46.1,
            "roe": 2.36,
            "roe_4q": 9.02,
            "gross_profit": 529892,
            "gross_margin": 31.46,
            "gross_margin_4q_avg": 28.09,
            "net_income": 145671,
            "net_income_4q": null,
            "revenue": 1684373,
            "revenue_4q": null,
            "common_shares": 1008890,
            "book_valuer_per_share": 62.44,
            "book_valuer_per_share_4q_avg": 60.03,
            "equity": 6299430,
            "current_ratio": 201.54,
            "debt_ratio": 33.73,
            "inventory_turnover_ratio": 1.08,
            "account_receivable_turnover_ratio": 0.89,
            "reinvestment_rate": null,
            "research_to_sale_ratio": 1.77,
            "price_fair": 163,
            "eps_avg_yearly": 4.66,
            "eps_latest_yearly": 5.76,
            "eps_growth_yearly": 41.64
        },
        "20141": {
            "year_quarter": 20141,
            "year": 2014,
            "quarter": 1,
            "eps": 2.06,
            "eps_growth_year": 145.24,
            "eps_4q": 6.59,
            "eps_4q_growth_year": 81.65,
            "roe": 3.23,
            "roe_4q": 10.8,
            "gross_profit": 491192,
            "gross_margin": 30.02,
            "gross_margin_4q_avg": 29.28,
            "net_income": 208312,
            "net_income_4q": null,
            "revenue": 1636341,
            "revenue_4q": null,
            "common_shares": 1008890,
            "book_valuer_per_share": 65.26,
            "book_valuer_per_share_4q_avg": 61.6,
            "equity": 6584483,
            "current_ratio": 204.97,
            "debt_ratio": 34.07,
            "inventory_turnover_ratio": 0.96,
            "account_receivable_turnover_ratio": 0.83,
            "reinvestment_rate": null,
            "research_to_sale_ratio": 1.01,
            "price_fair": 178.68,
            "eps_avg_yearly": 5.11,
            "eps_latest_yearly": 8.24,
            "eps_growth_yearly": 57.96
        },
        "20142": {
            "year_quarter": 20142,
            "year": 2014,
            "quarter": 2,
            "eps": 2.97,
            "eps_growth_year": 141.46,
            "eps_4q": 8.33,
            "eps_4q_growth_year": 98.98,
            "roe": 4.6,
            "roe_4q": 13.309999999999999,
            "gross_profit": 640944,
            "gross_margin": 32.88,
            "gross_margin_4q_avg": 31.01,
            "net_income": 299885,
            "net_income_4q": null,
            "revenue": 1949090,
            "revenue_4q": null,
            "common_shares": 1008890,
            "book_valuer_per_share": 64.1,
            "book_valuer_per_share_4q_avg": 62.96,
            "equity": 6467072,
            "current_ratio": 249.99,
            "debt_ratio": 37.2,
            "inventory_turnover_ratio": 1.05,
            "account_receivable_turnover_ratio": 0.96,
            "reinvestment_rate": null,
            "research_to_sale_ratio": 1.29,
            "price_fair": 205.02,
            "eps_avg_yearly": 5.86,
            "eps_latest_yearly": 11.88,
            "eps_growth_yearly": 71.15
        },
        "20143": {
            "year_quarter": 20143,
            "year": 2014,
            "quarter": 3,
            "eps": 2.19,
            "eps_growth_year": 18.38,
            "eps_4q": 8.39,
            "eps_4q_growth_year": 68.7,
            "roe": 3.27,
            "roe_4q": 13.459999999999999,
            "gross_profit": 561698,
            "gross_margin": 31.42,
            "gross_margin_4q_avg": 31.45,
            "net_income": 226062,
            "net_income_4q": null,
            "revenue": 1787916,
            "revenue_4q": null,
            "common_shares": 1048890,
            "book_valuer_per_share": 69.68,
            "book_valuer_per_share_4q_avg": 65.37,
            "equity": 7343207,
            "current_ratio": 291.13,
            "debt_ratio": 33.47,
            "inventory_turnover_ratio": 0.97,
            "account_receivable_turnover_ratio": 0.88,
            "reinvestment_rate": null,
            "research_to_sale_ratio": 1.43,
            "price_fair": 215.18,
            "eps_avg_yearly": 6.15,
            "eps_latest_yearly": 8.76,
            "eps_growth_yearly": 53.53
        },
        "20144": {
            "year_quarter": 20144,
            "year": 2014,
            "quarter": 4,
            "eps": 2.55,
            "eps_growth_year": 76.74,
            "eps_4q": 9.55,
            "eps_4q_growth_year": 78.14,
            "roe": 3.47,
            "roe_4q": 14.57,
            "gross_profit": 563877,
            "gross_margin": 30.76,
            "gross_margin_4q_avg": 31.27,
            "net_income": 267558,
            "net_income_4q": null,
            "revenue": 1832947,
            "revenue_4q": null,
            "common_shares": 1048890,
            "book_valuer_per_share": 75.67,
            "book_valuer_per_share_4q_avg": 68.68,
            "equity": 8057052,
            "current_ratio": 325.35,
            "debt_ratio": 31.01,
            "inventory_turnover_ratio": 0.93,
            "account_receivable_turnover_ratio": 0.92,
            "reinvestment_rate": 21.88,
            "research_to_sale_ratio": 1.25,
            "price_fair": 228.07,
            "eps_avg_yearly": 6.52,
            "eps_latest_yearly": 10.2,
            "eps_growth_yearly": 54.64
        },
        "20151": {
            "year_quarter": 20151,
            "year": 2015,
            "quarter": 1,
            "eps": 2.22,
            "eps_growth_year": 7.77,
            "eps_4q": 9.71,
            "eps_4q_growth_year": 47.35,
            "roe": 2.85,
            "roe_4q": 14.19,
            "gross_profit": 581901,
            "gross_margin": 31.24,
            "gross_margin_4q_avg": 31.58,
            "net_income": 233182,
            "net_income_4q": null,
            "revenue": 1862957,
            "revenue_4q": null,
            "common_shares": 1057929,
            "book_valuer_per_share": 77.35,
            "book_valuer_per_share_4q_avg": 71.7,
            "equity": 8302898,
            "current_ratio": 358.84,
            "debt_ratio": 27.18,
            "inventory_turnover_ratio": 0.95,
            "account_receivable_turnover_ratio": 0.93,
            "reinvestment_rate": 9.07,
            "research_to_sale_ratio": 0.91,
            "price_fair": 234.97,
            "eps_avg_yearly": 6.71,
            "eps_latest_yearly": 8.88,
            "eps_growth_yearly": 45.78
        },
        "20152": {
            "year_quarter": 20152,
            "year": 2015,
            "quarter": 2,
            "eps": 2.87,
            "eps_growth_year": -3.37,
            "eps_4q": 9.32,
            "eps_4q_growth_year": 11.78,
            "roe": 3.64,
            "roe_4q": 13.23,
            "gross_profit": 704270,
            "gross_margin": 32.19,
            "gross_margin_4q_avg": 31.4,
            "net_income": 308029,
            "net_income_4q": null,
            "revenue": 2187996,
            "revenue_4q": null,
            "common_shares": 1112118,
            "book_valuer_per_share": 76.7,
            "book_valuer_per_share_4q_avg": 74.85,
            "equity": 8643368,
            "current_ratio": 252.98,
            "debt_ratio": 26.97,
            "inventory_turnover_ratio": 1.17,
            "account_receivable_turnover_ratio": 1.01,
            "reinvestment_rate": 31.9,
            "research_to_sale_ratio": 1.09,
            "price_fair": 247.8,
            "eps_avg_yearly": 7.08,
            "eps_latest_yearly": 11.48,
            "eps_growth_yearly": 51.26
        },
        "20153": {
            "year_quarter": 20153,
            "year": 2015,
            "quarter": 3,
            "eps": 3.29,
            "eps_growth_year": 50.23,
            "eps_4q": 10.51,
            "eps_4q_growth_year": 25.26,
            "roe": 4.06,
            "roe_4q": 14.02,
            "gross_profit": 658833,
            "gross_margin": 30.94,
            "gross_margin_4q_avg": 31.28,
            "net_income": 368670,
            "net_income_4q": null,
            "revenue": 2129498,
            "revenue_4q": null,
            "common_shares": 1121547,
            "book_valuer_per_share": 83.73,
            "book_valuer_per_share_4q_avg": 78.36,
            "equity": 9503010,
            "current_ratio": 385.56,
            "debt_ratio": 35.04,
            "inventory_turnover_ratio": 1.15,
            "account_receivable_turnover_ratio": 0.87,
            "reinvestment_rate": 24.64,
            "research_to_sale_ratio": 1.14,
            "price_fair": 263,
            "eps_avg_yearly": 7.51,
            "eps_latest_yearly": 13.16,
            "eps_growth_yearly": 51.78
        },
        "20154": {
            "year_quarter": 20154,
            "year": 2015,
            "quarter": 4,
            "eps": 3.73,
            "eps_growth_year": 45.99,
            "eps_4q": 11.45,
            "eps_4q_growth_year": 19.83,
            "roe": 4.36,
            "roe_4q": 14.91,
            "gross_profit": 723099,
            "gross_margin": 37.23,
            "gross_margin_4q_avg": 32.9,
            "net_income": 439242,
            "net_income_4q": null,
            "revenue": 1942019,
            "revenue_4q": null,
            "common_shares": 1179796,
            "book_valuer_per_share": 89.36,
            "book_valuer_per_share_4q_avg": 81.79,
            "equity": 10654442,
            "current_ratio": 386.32,
            "debt_ratio": 31.66,
            "inventory_turnover_ratio": 0.93,
            "account_receivable_turnover_ratio": 0.77,
            "reinvestment_rate": 27.99,
            "research_to_sale_ratio": 1.21,
            "price_fair": 280.28,
            "eps_avg_yearly": 8.01,
            "eps_latest_yearly": 14.92,
            "eps_growth_yearly": 51.9
        },
        "20161": {
            "year_quarter": 20161,
            "year": 2016,
            "quarter": 1,
            "eps": 2.51,
            "eps_growth_year": 13.06,
            "eps_4q": 11.92,
            "eps_4q_growth_year": 22.73,
            "roe": 2.76,
            "roe_4q": 14.82,
            "gross_profit": 654034,
            "gross_margin": 34.19,
            "gross_margin_4q_avg": 33.64,
            "net_income": 298737,
            "net_income_4q": null,
            "revenue": 1912870,
            "revenue_4q": null,
            "common_shares": 1187023,
            "book_valuer_per_share": 90.52,
            "book_valuer_per_share_4q_avg": 85.08,
            "equity": 11022062,
            "current_ratio": 389.13,
            "debt_ratio": 29.52,
            "inventory_turnover_ratio": 1,
            "account_receivable_turnover_ratio": 0.81,
            "reinvestment_rate": 53.11,
            "research_to_sale_ratio": 1.04,
            "price_fair": 284.73,
            "eps_avg_yearly": 8.14,
            "eps_latest_yearly": 10.04,
            "eps_growth_yearly": 40.48
        },
        "20162": {
            "year_quarter": 20162,
            "year": 2016,
            "quarter": 2,
            "eps": 2.77,
            "eps_growth_year": -3.48,
            "eps_4q": 12.08,
            "eps_4q_growth_year": 29.66,
            "roe": 3.07,
            "roe_4q": 14.25,
            "gross_profit": 702492,
            "gross_margin": 35.15,
            "gross_margin_4q_avg": 34.38,
            "net_income": 324374,
            "net_income_4q": null,
            "revenue": 1998596,
            "revenue_4q": null,
            "common_shares": 1187824,
            "book_valuer_per_share": 82.76,
            "book_valuer_per_share_4q_avg": 86.59,
            "equity": 10102595,
            "current_ratio": 271.59,
            "debt_ratio": 35.84,
            "inventory_turnover_ratio": 1.05,
            "account_receivable_turnover_ratio": 0.9,
            "reinvestment_rate": 44.85,
            "research_to_sale_ratio": 0.99,
            "price_fair": 303.1,
            "eps_avg_yearly": 8.66,
            "eps_latest_yearly": 11.08,
            "eps_growth_yearly": 52.98
        },
        "20163": {
            "year_quarter": 20163,
            "year": 2016,
            "quarter": 3,
            "eps": 1.34,
            "eps_growth_year": -59.27,
            "eps_4q": 10.31,
            "eps_4q_growth_year": -1.94,
            "roe": 1.55,
            "roe_4q": 11.74,
            "gross_profit": 517250,
            "gross_margin": 30.17,
            "gross_margin_4q_avg": 34.19,
            "net_income": 155898,
            "net_income_4q": null,
            "revenue": 1714665,
            "revenue_4q": null,
            "common_shares": 1188175,
            "book_valuer_per_share": 81.2,
            "book_valuer_per_share_4q_avg": 85.96,
            "equity": 9957418,
            "current_ratio": 330.93,
            "debt_ratio": 32.2,
            "inventory_turnover_ratio": 0.98,
            "account_receivable_turnover_ratio": 0.84,
            "reinvestment_rate": 44.27,
            "research_to_sale_ratio": 2.07,
            "price_fair": 305.46,
            "eps_avg_yearly": 8.73,
            "eps_latest_yearly": 5.36,
            "eps_growth_yearly": 25.15
        },
        "20164": {
            "year_quarter": 20164,
            "year": 2016,
            "quarter": 4,
            "eps": 1.88,
            "eps_growth_year": -49.59,
            "eps_4q": 8.49,
            "eps_4q_growth_year": -25.88,
            "roe": 2.18,
            "roe_4q": 9.56,
            "gross_profit": 544970,
            "gross_margin": 31.18,
            "gross_margin_4q_avg": 32.67,
            "net_income": 218410,
            "net_income_4q": null,
            "revenue": 1747757,
            "revenue_4q": null,
            "common_shares": 1188175,
            "book_valuer_per_share": 82.26,
            "book_valuer_per_share_4q_avg": 84.19,
            "equity": 10078308,
            "current_ratio": 319.23,
            "debt_ratio": 33.05,
            "inventory_turnover_ratio": 0.98,
            "account_receivable_turnover_ratio": 0.85,
            "reinvestment_rate": 43.66,
            "research_to_sale_ratio": 5.59,
            "price_fair": 312.73,
            "eps_avg_yearly": 8.94,
            "eps_latest_yearly": 7.52,
            "eps_growth_yearly": 35.69
        },
        "20171": {
            "year_quarter": 20171,
            "year": 2017,
            "quarter": 1,
            "eps": 0.6,
            "eps_growth_year": -76.1,
            "eps_4q": 6.58,
            "eps_4q_growth_year": -44.75,
            "roe": 0.67,
            "roe_4q": 7.470000000000001,
            "gross_profit": 385694,
            "gross_margin": 26.88,
            "gross_margin_4q_avg": 30.85,
            "net_income": 65323,
            "net_income_4q": null,
            "revenue": 1434679,
            "revenue_4q": null,
            "common_shares": 1188175,
            "book_valuer_per_share": 77.59,
            "book_valuer_per_share_4q_avg": 80.95,
            "equity": 9511384,
            "current_ratio": 301.26,
            "debt_ratio": 35.29,
            "inventory_turnover_ratio": 0.82,
            "account_receivable_turnover_ratio": 0.72,
            "reinvestment_rate": 35.57,
            "research_to_sale_ratio": 3.01,
            "price_fair": 298.79,
            "eps_avg_yearly": 8.88,
            "eps_latest_yearly": 2.4,
            "eps_growth_yearly": 23.67
        },
        "20172": {
            "year_quarter": 20172,
            "year": 2017,
            "quarter": 2,
            "eps": 1.68,
            "eps_growth_year": -39.35,
            "eps_4q": 5.49,
            "eps_4q_growth_year": -54.54,
            "roe": 2.05,
            "roe_4q": 6.45,
            "gross_profit": 432923,
            "gross_margin": 25.56,
            "gross_margin_4q_avg": 28.45,
            "net_income": 195328,
            "net_income_4q": null,
            "revenue": 1693841,
            "revenue_4q": null,
            "common_shares": 1188175,
            "book_valuer_per_share": 78.03,
            "book_valuer_per_share_4q_avg": 79.77,
            "equity": 9562348,
            "current_ratio": 308.43,
            "debt_ratio": 34.55,
            "inventory_turnover_ratio": 1,
            "account_receivable_turnover_ratio": 0.87,
            "reinvestment_rate": 47.19,
            "research_to_sale_ratio": 1.87,
            "price_fair": 314.56,
            "eps_avg_yearly": 8.99,
            "eps_latest_yearly": 6.72,
            "eps_growth_yearly": 57.06
        },
        "20173": {
            "year_quarter": 20173,
            "year": 2017,
            "quarter": 3,
            "eps": 0.53,
            "eps_growth_year": -60.45,
            "eps_4q": 4.69,
            "eps_4q_growth_year": -54.51,
            "roe": 0.64,
            "roe_4q": 5.54,
            "gross_profit": 384146,
            "gross_margin": 22.18,
            "gross_margin_4q_avg": 26.45,
            "net_income": 61872,
            "net_income_4q": null,
            "revenue": 1731848,
            "revenue_4q": null,
            "common_shares": 1188175,
            "book_valuer_per_share": 79.97,
            "book_valuer_per_share_4q_avg": 79.46,
            "equity": 9793593,
            "current_ratio": 159.08,
            "debt_ratio": 33.17,
            "inventory_turnover_ratio": 1.08,
            "account_receivable_turnover_ratio": 0.8,
            "reinvestment_rate": 54.08,
            "research_to_sale_ratio": 2.47,
            "price_fair": 303.01,
            "eps_avg_yearly": 8.66,
            "eps_latest_yearly": 2.12,
            "eps_growth_yearly": 27.34
        },
        "20174": {
            "year_quarter": 20174,
            "year": 2017,
            "quarter": 4,
            "eps": -0.53,
            "eps_growth_year": -128.48,
            "eps_4q": 2.28,
            "eps_4q_growth_year": -73.18,
            "roe": -0.66,
            "roe_4q": 2.6999999999999997,
            "gross_profit": 229436,
            "gross_margin": 14.86,
            "gross_margin_4q_avg": 22.37,
            "net_income": -64599,
            "net_income_4q": null,
            "revenue": 1543974,
            "revenue_4q": null,
            "common_shares": 1188175,
            "book_valuer_per_share": 79.31,
            "book_valuer_per_share_4q_avg": 78.73,
            "equity": 9715187,
            "current_ratio": 157.02,
            "debt_ratio": 32.92,
            "inventory_turnover_ratio": 1.04,
            "account_receivable_turnover_ratio": 0.73,
            "reinvestment_rate": 62.13,
            "research_to_sale_ratio": 2.95,
            "price_fair": 309.77,
            "eps_avg_yearly": 8.85,
            "eps_latest_yearly": 2.12,
            "eps_growth_yearly": 35.08
        },
        "20181": {
            "year_quarter": 20181,
            "year": 2018,
            "quarter": 1,
            "eps": -0.37,
            "eps_growth_year": -161.67,
            "eps_4q": 1.4,
            "eps_4q_growth_year": -78.73,
            "roe": -0.46,
            "roe_4q": 1.5699999999999998,
            "gross_profit": 147498,
            "gross_margin": 11.59,
            "gross_margin_4q_avg": 18.55,
            "net_income": -43628,
            "net_income_4q": null,
            "revenue": 1272854,
            "revenue_4q": null,
            "common_shares": 1116175,
            "book_valuer_per_share": 80.72,
            "book_valuer_per_share_4q_avg": 79.51,
            "equity": 9304153,
            "current_ratio": 138.71,
            "debt_ratio": 37.81,
            "inventory_turnover_ratio": 0.86,
            "account_receivable_turnover_ratio": 0.67,
            "reinvestment_rate": 71.05,
            "research_to_sale_ratio": 2.65,
            "price_fair": 311.3,
            "eps_avg_yearly": 8.89,
            "eps_latest_yearly": 2.12,
            "eps_growth_yearly": 25.28
        },
        "20182": {
            "year_quarter": 20182,
            "year": 2018,
            "quarter": 2,
            "eps": -1.15,
            "eps_growth_year": -168.45,
            "eps_4q": -1.53,
            "eps_4q_growth_year": -127.83,
            "roe": -1.41,
            "roe_4q": -1.8899999999999997,
            "gross_profit": 201447,
            "gross_margin": 12.12,
            "gross_margin_4q_avg": 15.19,
            "net_income": -128804,
            "net_income_4q": null,
            "revenue": 1662228,
            "revenue_4q": null,
            "common_shares": 1116175,
            "book_valuer_per_share": 77.59,
            "book_valuer_per_share_4q_avg": 79.4,
            "equity": 8990379,
            "current_ratio": 133.33,
            "debt_ratio": 39.17,
            "inventory_turnover_ratio": 1.09,
            "account_receivable_turnover_ratio": 0.86,
            "reinvestment_rate": 80.23,
            "research_to_sale_ratio": 3.47,
            "price_fair": 204.78,
            "eps_avg_yearly": 8.66,
            "eps_latest_yearly": 2.12,
            "eps_growth_yearly": 13.63
        },
        "20183": {
            "year_quarter": 20183,
            "year": 2018,
            "quarter": 3,
            "eps": -0.41,
            "eps_growth_year": -177.36,
            "eps_4q": -2.51,
            "eps_4q_growth_year": -153.53,
            "roe": -0.47,
            "roe_4q": -3,
            "gross_profit": 215695,
            "gross_margin": 13.84,
            "gross_margin_4q_avg": 13.1,
            "net_income": -41250,
            "net_income_4q": null,
            "revenue": 1558005,
            "revenue_4q": null,
            "common_shares": 1116175,
            "book_valuer_per_share": 73.79,
            "book_valuer_per_share_4q_avg": 77.85,
            "equity": 8570654,
            "current_ratio": 231.74,
            "debt_ratio": 41.19,
            "inventory_turnover_ratio": 1.01,
            "account_receivable_turnover_ratio": 0.76,
            "reinvestment_rate": 76.51,
            "research_to_sale_ratio": 1.76,
            "price_fair": 290.21,
            "eps_avg_yearly": 8.66,
            "eps_latest_yearly": 2.12,
            "eps_growth_yearly": 23.52
        },
        "20184": {
            "year_quarter": 20184,
            "year": 2018,
            "quarter": 4,
            "eps": -0.57,
            "eps_growth_year": null,
            "eps_4q": -2.54,
            "eps_4q_growth_year": -211.59,
            "roe": -0.72,
            "roe_4q": -3.0599999999999996,
            "gross_profit": 266296,
            "gross_margin": 15.64,
            "gross_margin_4q_avg": 13.3,
            "net_income": -60391,
            "net_income_4q": null,
            "revenue": 1702768,
            "revenue_4q": null,
            "common_shares": 1116175,
            "book_valuer_per_share": 74.13,
            "book_valuer_per_share_4q_avg": 76.56,
            "equity": 8280963,
            "current_ratio": 218.55,
            "debt_ratio": 43.01,
            "inventory_turnover_ratio": 1.06,
            "account_receivable_turnover_ratio": 0.82,
            "reinvestment_rate": 68.49,
            "research_to_sale_ratio": 2.39,
            "price_fair": 252.81,
            "eps_avg_yearly": 8.52,
            "eps_latest_yearly": 2.12,
            "eps_growth_yearly": 19.68
        },
        "20191": {
            "year_quarter": 20191,
            "year": 2019,
            "quarter": 1,
            "eps": -1,
            "eps_growth_year": null,
            "eps_4q": -3.24,
            "eps_4q_growth_year": -331.58,
            "roe": -1.29,
            "roe_4q": -3.8899999999999997,
            "gross_profit": 217955,
            "gross_margin": 14.04,
            "gross_margin_4q_avg": 13.91,
            "net_income": -106409,
            "net_income_4q": null,
            "revenue": 1552357,
            "revenue_4q": null,
            "common_shares": 1056175,
            "book_valuer_per_share": 75.93,
            "book_valuer_per_share_4q_avg": 75.36,
            "equity": 8178722,
            "current_ratio": 199.09,
            "debt_ratio": 44.87,
            "inventory_turnover_ratio": 0.9,
            "account_receivable_turnover_ratio": 0.75,
            "reinvestment_rate": 88.96,
            "research_to_sale_ratio": 2.07,
            "price_fair": 296.8,
            "eps_avg_yearly": 8.48,
            "eps_latest_yearly": 2.12,
            "eps_growth_yearly": 26.83
        },
        "20192": {
            "year_quarter": 20192,
            "year": 2019,
            "quarter": 2,
            "eps": 0.18,
            "eps_growth_year": null,
            "eps_4q": -1.85,
            "eps_4q_growth_year": null,
            "roe": 0.24,
            "roe_4q": -2.24,
            "gross_profit": 304434,
            "gross_margin": 15.61,
            "gross_margin_4q_avg": 14.78,
            "net_income": 19116,
            "net_income_4q": null,
            "revenue": 1950616,
            "revenue_4q": null,
            "common_shares": 1056175,
            "book_valuer_per_share": 74.97,
            "book_valuer_per_share_4q_avg": 74.71,
            "equity": 8081858,
            "current_ratio": 201.87,
            "debt_ratio": 43.93,
            "inventory_turnover_ratio": 1.04,
            "account_receivable_turnover_ratio": 0.85,
            "reinvestment_rate": 73.78,
            "research_to_sale_ratio": 1.73,
            "price_fair": 218.31,
            "eps_avg_yearly": 8.15,
            "eps_latest_yearly": 2.12,
            "eps_growth_yearly": 16.8
        },
        "20193": {
            "year_quarter": 20193,
            "year": 2019,
            "quarter": 3,
            "eps": 0.75,
            "eps_growth_year": null,
            "eps_4q": -0.66,
            "eps_4q_growth_year": null,
            "roe": 1,
            "roe_4q": -0.77,
            "gross_profit": 390298,
            "gross_margin": 18,
            "gross_margin_4q_avg": 15.82,
            "net_income": 80015,
            "net_income_4q": null,
            "revenue": 2168195,
            "revenue_4q": null,
            "common_shares": 1056175,
            "book_valuer_per_share": 72.93,
            "book_valuer_per_share_4q_avg": 74.49,
            "equity": 7866017,
            "current_ratio": 212.07,
            "debt_ratio": 43.12,
            "inventory_turnover_ratio": 1.18,
            "account_receivable_turnover_ratio": 0.79,
            "reinvestment_rate": 57.23,
            "research_to_sale_ratio": 2.83,
            "price_fair": 245.62,
            "eps_avg_yearly": 7.02,
            "eps_latest_yearly": 3,
            "eps_growth_yearly": 151.03
        },
        "20194": {
            "year_quarter": 20194,
            "year": 2019,
            "quarter": 4,
            "eps": 1.62,
            "eps_growth_year": null,
            "eps_4q": 1.54,
            "eps_4q_growth_year": null,
            "roe": 2.18,
            "roe_4q": 2.13,
            "gross_profit": 458666,
            "gross_margin": 20.58,
            "gross_margin_4q_avg": 17.06,
            "net_income": 170804,
            "net_income_4q": null,
            "revenue": 2228818,
            "revenue_4q": null,
            "common_shares": 1056175,
            "book_valuer_per_share": 72.54,
            "book_valuer_per_share_4q_avg": 74.09,
            "equity": 7822067,
            "current_ratio": 219.02,
            "debt_ratio": 42.15,
            "inventory_turnover_ratio": 1.33,
            "account_receivable_turnover_ratio": 0.75,
            "reinvestment_rate": 41.5,
            "research_to_sale_ratio": 4.28,
            "price_fair": 212.8,
            "eps_avg_yearly": 6.08,
            "eps_latest_yearly": 6.48,
            "eps_growth_yearly": 196.65
        },
        "20201": {
            "year_quarter": 20201,
            "year": 2020,
            "quarter": 1,
            "eps": -1.06,
            "eps_growth_year": null,
            "eps_4q": 1.49,
            "eps_4q_growth_year": null,
            "roe": -1.46,
            "roe_4q": 1.9600000000000002,
            "gross_profit": 126516,
            "gross_margin": 11.19,
            "gross_margin_4q_avg": 16.35,
            "net_income": -112830,
            "net_income_4q": null,
            "revenue": 1130199,
            "revenue_4q": null,
            "common_shares": 1056175,
            "book_valuer_per_share": 70.56,
            "book_valuer_per_share_4q_avg": 72.75,
            "equity": 7602555,
            "current_ratio": 218.42,
            "debt_ratio": 42.71,
            "inventory_turnover_ratio": 0.78,
            "account_receivable_turnover_ratio": 0.44,
            "reinvestment_rate": -47.24,
            "research_to_sale_ratio": 3.53,
            "price_fair": 195.48,
            "eps_avg_yearly": 5.59,
            "eps_latest_yearly": 6.48,
            "eps_growth_yearly": 237.58
        },
        "20202": {
            "year_quarter": 20202,
            "year": 2020,
            "quarter": 2,
            "eps": 1.82,
            "eps_growth_year": 911.11,
            "eps_4q": 3.13,
            "eps_4q_growth_year": null,
            "roe": 2.55,
            "roe_4q": 4.27,
            "gross_profit": 465019,
            "gross_margin": 21.77,
            "gross_margin_4q_avg": 17.89,
            "net_income": 193094,
            "net_income_4q": null,
            "revenue": 2135664,
            "revenue_4q": null,
            "common_shares": 1056175,
            "book_valuer_per_share": 69.72,
            "book_valuer_per_share_4q_avg": 71.44,
            "equity": 7517939,
            "current_ratio": 200.51,
            "debt_ratio": 44.87,
            "inventory_turnover_ratio": 1.24,
            "account_receivable_turnover_ratio": 0.88,
            "reinvestment_rate": -46.18,
            "research_to_sale_ratio": 3.08,
            "price_fair": 168,
            "eps_avg_yearly": 4.8,
            "eps_latest_yearly": 6.48,
            "eps_growth_yearly": 265.6
        },
        "20203": {
            "year_quarter": 20203,
            "year": 2020,
            "quarter": 3,
            "eps": 1.94,
            "eps_growth_year": 158.67,
            "eps_4q": 4.32,
            "eps_4q_growth_year": null,
            "roe": 2.66,
            "roe_4q": 5.93,
            "gross_profit": 582178,
            "gross_margin": 23.95,
            "gross_margin_4q_avg": 19.37,
            "net_income": 206588,
            "net_income_4q": null,
            "revenue": 2430601,
            "revenue_4q": null,
            "common_shares": 1056175,
            "book_valuer_per_share": 74.36,
            "book_valuer_per_share_4q_avg": 71.8,
            "equity": 8005439,
            "current_ratio": 275.64,
            "debt_ratio": 47.11,
            "inventory_turnover_ratio": 1.41,
            "account_receivable_turnover_ratio": 0.78,
            "reinvestment_rate": -30.06,
            "research_to_sale_ratio": 1.72,
            "price_fair": 180,
            "eps_avg_yearly": 5.14,
            "eps_latest_yearly": 7.76,
            "eps_growth_yearly": 298.87
        },
        "20204": {
            "year_quarter": 20204,
            "year": 2020,
            "quarter": 4,
            "eps": 2.06,
            "eps_growth_year": 27.45,
            "eps_4q": 4.64,
            "eps_4q_growth_year": 200.63,
            "roe": 2.74,
            "roe_4q": 6.49,
            "gross_profit": 616074,
            "gross_margin": 24.76,
            "gross_margin_4q_avg": 20.42,
            "net_income": 229678,
            "net_income_4q": null,
            "revenue": 2487809,
            "revenue_4q": null,
            "common_shares": 1106175,
            "book_valuer_per_share": 77.81,
            "book_valuer_per_share_4q_avg": 73.11,
            "equity": 8763942,
            "current_ratio": 260.07,
            "debt_ratio": 46.54,
            "inventory_turnover_ratio": 1.44,
            "account_receivable_turnover_ratio": 0.7,
            "reinvestment_rate": 8.28,
            "research_to_sale_ratio": 5.16,
            "price_fair": 183.6,
            "eps_avg_yearly": 5.25,
            "eps_latest_yearly": 8.24,
            "eps_growth_yearly": 279.38
        },
        "20211": {
            "year_quarter": 20211,
            "year": 2021,
            "quarter": 1,
            "eps": 1.13,
            "eps_growth_year": null,
            "eps_4q": 6.79,
            "eps_4q_growth_year": 356.26,
            "roe": 1.42,
            "roe_4q": 9.370000000000001,
            "gross_profit": 550607,
            "gross_margin": 25.66,
            "gross_margin_4q_avg": 24.04,
            "net_income": 125705,
            "net_income_4q": null,
            "revenue": 2145708,
            "revenue_4q": null,
            "common_shares": 1106175,
            "book_valuer_per_share": 79.6,
            "book_valuer_per_share_4q_avg": 75.37,
            "equity": 8921997,
            "current_ratio": 247.14,
            "debt_ratio": 46.25,
            "inventory_turnover_ratio": 1.16,
            "account_receivable_turnover_ratio": 0.61,
            "reinvestment_rate": 139.09,
            "research_to_sale_ratio": 4.16,
            "price_fair": 194.2,
            "eps_avg_yearly": 5.55,
            "eps_latest_yearly": 4.52,
            "eps_growth_yearly": 292.48
        },
        "20212": {
            "year_quarter": 20212,
            "year": 2021,
            "quarter": 2,
            "eps": 1.27,
            "eps_growth_year": -30.22,
            "eps_4q": 6.32,
            "eps_4q_growth_year": 102.3,
            "roe": 1.58,
            "roe_4q": 8.4,
            "gross_profit": 450231,
            "gross_margin": 20.15,
            "gross_margin_4q_avg": 23.63,
            "net_income": 140978,
            "net_income_4q": null,
            "revenue": 2234752,
            "revenue_4q": null,
            "common_shares": 1106175,
            "book_valuer_per_share": 80.12,
            "book_valuer_per_share_4q_avg": 77.97,
            "equity": 8974429,
            "current_ratio": 211.88,
            "debt_ratio": 47.87,
            "inventory_turnover_ratio": 1.14,
            "account_receivable_turnover_ratio": 0.63,
            "reinvestment_rate": 73.19,
            "research_to_sale_ratio": 4.37,
            "price_fair": 186,
            "eps_avg_yearly": 5.31,
            "eps_latest_yearly": 5.08,
            "eps_growth_yearly": 196.71
        },
        "20213": {
            "year_quarter": 20213,
            "year": 2021,
            "quarter": 3,
            "eps": 0.27,
            "eps_growth_year": -86.08,
            "eps_4q": 4.74,
            "eps_4q_growth_year": 9.92,
            "roe": 0.33,
            "roe_4q": 6.07,
            "gross_profit": 400118,
            "gross_margin": 17.62,
            "gross_margin_4q_avg": 22.05,
            "net_income": 28985,
            "net_income_4q": null,
            "revenue": 2270470,
            "revenue_4q": null,
            "common_shares": 1106175,
            "book_valuer_per_share": 78.34,
            "book_valuer_per_share_4q_avg": 78.97,
            "equity": 8791848,
            "current_ratio": 198.92,
            "debt_ratio": 51,
            "inventory_turnover_ratio": 1.11,
            "account_receivable_turnover_ratio": 0.63,
            "reinvestment_rate": 68.17,
            "research_to_sale_ratio": 3.73,
            "price_fair": 180.8,
            "eps_avg_yearly": 5.17,
            "eps_latest_yearly": 1.08,
            "eps_growth_yearly": 190.83
        },
        "20214": {
            "year_quarter": 20214,
            "year": 2021,
            "quarter": 4,
            "eps": -0.73,
            "eps_growth_year": -135.13,
            "eps_4q": 1.95,
            "eps_4q_growth_year": -57.89,
            "roe": -0.93,
            "roe_4q": 2.4,
            "gross_profit": 368865,
            "gross_margin": 16.06,
            "gross_margin_4q_avg": 19.87,
            "net_income": -81695,
            "net_income_4q": null,
            "revenue": 2297281,
            "revenue_4q": null,
            "common_shares": 1106175,
            "book_valuer_per_share": 78.73,
            "book_valuer_per_share_4q_avg": 79.2,
            "equity": 8834615,
            "current_ratio": 170.93,
            "debt_ratio": 52.17,
            "inventory_turnover_ratio": 1.16,
            "account_receivable_turnover_ratio": 0.67,
            "reinvestment_rate": 156.48,
            "research_to_sale_ratio": 3.47,
            "price_fair": 180.8,
            "eps_avg_yearly": 5.17,
            "eps_latest_yearly": 1.08,
            "eps_growth_yearly": 190.83
        },
        "20221": {
            "year_quarter": 20221,
            "year": 2022,
            "quarter": 1,
            "eps": -1.75,
            "eps_growth_year": -254.87,
            "eps_4q": -0.93,
            "eps_4q_growth_year": -113.71,
            "roe": -2.2,
            "roe_4q": -1.2200000000000002,
            "gross_profit": 195745,
            "gross_margin": 10.8,
            "gross_margin_4q_avg": 16.16,
            "net_income": -196438,
            "net_income_4q": null,
            "revenue": 1813099,
            "revenue_4q": null,
            "common_shares": 1106175,
            "book_valuer_per_share": 80.52,
            "book_valuer_per_share_4q_avg": 79.43,
            "equity": 9033374,
            "current_ratio": 176.33,
            "debt_ratio": 54.07,
            "inventory_turnover_ratio": 0.91,
            "account_receivable_turnover_ratio": 0.6,
            "reinvestment_rate": 302.86,
            "research_to_sale_ratio": 3.86,
            "price_fair": 180.8,
            "eps_avg_yearly": 5.17,
            "eps_latest_yearly": 1.08,
            "eps_growth_yearly": 190.83
        },
        "20222": {
            "year_quarter": 20222,
            "year": 2022,
            "quarter": 2,
            "eps": -0.81,
            "eps_growth_year": -163.78,
            "eps_4q": -3.02,
            "eps_4q_growth_year": -147.69,
            "roe": -1.03,
            "roe_4q": -3.83,
            "gross_profit": 306553,
            "gross_margin": 13.15,
            "gross_margin_4q_avg": 14.41,
            "net_income": -91457,
            "net_income_4q": null,
            "revenue": 2330418,
            "revenue_4q": null,
            "common_shares": 1106175,
            "book_valuer_per_share": 77.4,
            "book_valuer_per_share_4q_avg": 78.75,
            "equity": 8684245,
            "current_ratio": 143.09,
            "debt_ratio": 58.99,
            "inventory_turnover_ratio": 1.05,
            "account_receivable_turnover_ratio": 0.8,
            "reinvestment_rate": 448.42,
            "research_to_sale_ratio": 3.64,
            "price_fair": 180.8,
            "eps_avg_yearly": 5.17,
            "eps_latest_yearly": 1.08,
            "eps_growth_yearly": 190.83
        },
        "20223": {
            "year_quarter": 20223,
            "year": 2022,
            "quarter": 3,
            "eps": -1.21,
            "eps_growth_year": -548.15,
            "eps_4q": -4.5,
            "eps_4q_growth_year": -194.82,
            "roe": -1.56,
            "roe_4q": -5.72,
            "gross_profit": 348883,
            "gross_margin": 14.06,
            "gross_margin_4q_avg": 13.52,
            "net_income": -135139,
            "net_income_4q": null,
            "revenue": 2480776,
            "revenue_4q": null,
            "common_shares": 1106175,
            "book_valuer_per_share": 77.02,
            "book_valuer_per_share_4q_avg": 78.42,
            "equity": 8640833,
            "current_ratio": 112.88,
            "debt_ratio": 59.94,
            "inventory_turnover_ratio": 1.1,
            "account_receivable_turnover_ratio": 0.75,
            "reinvestment_rate": 766.46,
            "research_to_sale_ratio": 3.48,
            "price_fair": 180.8,
            "eps_avg_yearly": 5.17,
            "eps_latest_yearly": 1.08,
            "eps_growth_yearly": 190.83
        },
        "20224": {
            "year_quarter": 20224,
            "year": 2022,
            "quarter": 4,
            "eps": -0.19,
            "eps_growth_year": null,
            "eps_4q": -3.96,
            "eps_4q_growth_year": -302.9,
            "roe": -0.25,
            "roe_4q": -5.04,
            "gross_profit": 492598,
            "gross_margin": 17.85,
            "gross_margin_4q_avg": 13.97,
            "net_income": -21341,
            "net_income_4q": null,
            "revenue": 2759632,
            "revenue_4q": null,
            "common_shares": 1106175,
            "book_valuer_per_share": 75.61,
            "book_valuer_per_share_4q_avg": 77.64,
            "equity": 8492012,
            "current_ratio": 119.07,
            "debt_ratio": 61.21,
            "inventory_turnover_ratio": 1.21,
            "account_receivable_turnover_ratio": 0.76,
            "reinvestment_rate": 822.11,
            "research_to_sale_ratio": 2.84,
            "price_fair": 180.8,
            "eps_avg_yearly": 5.17,
            "eps_latest_yearly": 1.08,
            "eps_growth_yearly": 190.83
        },
        "20231": {
            "year_quarter": 20231,
            "year": 2023,
            "quarter": 1,
            "eps": 0.62,
            "eps_growth_year": null,
            "eps_4q": -1.59,
            "eps_4q_growth_year": null,
            "roe": 0.8,
            "roe_4q": -2.04,
            "gross_profit": 423607,
            "gross_margin": 19.1,
            "gross_margin_4q_avg": 16.04,
            "net_income": 69045,
            "net_income_4q": null,
            "revenue": 2217676,
            "revenue_4q": null,
            "common_shares": 1106175,
            "book_valuer_per_share": 77.88,
            "book_valuer_per_share_4q_avg": 76.98,
            "equity": 8787749,
            "current_ratio": 128.09,
            "debt_ratio": 61.48,
            "inventory_turnover_ratio": 0.95,
            "account_receivable_turnover_ratio": 0.58,
            "reinvestment_rate": 657.33,
            "research_to_sale_ratio": 3.44,
            "price_fair": 180.8,
            "eps_avg_yearly": 5.17,
            "eps_latest_yearly": 1.08,
            "eps_growth_yearly": 190.83
        },
        "20232": {
            "year_quarter": 20232,
            "year": 2023,
            "quarter": 2,
            "eps": 0.73,
            "eps_growth_year": null,
            "eps_4q": -0.04,
            "eps_4q_growth_year": null,
            "roe": 0.9,
            "roe_4q": -0.10999999999999988,
            "gross_profit": 453637,
            "gross_margin": 19.37,
            "gross_margin_4q_avg": 17.6,
            "net_income": 80051,
            "net_income_4q": null,
            "revenue": 2342407,
            "revenue_4q": null,
            "common_shares": 1177957,
            "book_valuer_per_share": 75.62,
            "book_valuer_per_share_4q_avg": 76.53,
            "equity": 9076778,
            "current_ratio": 122.86,
            "debt_ratio": 62.27,
            "inventory_turnover_ratio": 0.94,
            "account_receivable_turnover_ratio": 0.6,
            "reinvestment_rate": 662.22,
            "research_to_sale_ratio": 3.88,
            "price_fair": 170.98,
            "eps_avg_yearly": 4.89,
            "eps_latest_yearly": 2.92,
            "eps_growth_yearly": 175.85
        },
        "20233": {
            "year_quarter": 20233,
            "year": 2023,
            "quarter": 3,
            "eps": -1.85,
            "eps_growth_year": null,
            "eps_4q": -0.76,
            "eps_4q_growth_year": null,
            "roe": -2.41,
            "roe_4q": -0.9600000000000002,
            "gross_profit": 265727,
            "gross_margin": 13.71,
            "gross_margin_4q_avg": 17.51,
            "net_income": -220760,
            "net_income_4q": null,
            "revenue": 1938525,
            "revenue_4q": null,
            "common_shares": 1181359,
            "book_valuer_per_share": 77.1,
            "book_valuer_per_share_4q_avg": 76.55,
            "equity": 9274603,
            "current_ratio": 153.52,
            "debt_ratio": 62.58,
            "inventory_turnover_ratio": 0.69,
            "account_receivable_turnover_ratio": 0.5,
            "reinvestment_rate": 1335,
            "research_to_sale_ratio": 3.9,
            "price_fair": 154.7,
            "eps_avg_yearly": 5.15,
            "eps_latest_yearly": 2.92,
            "eps_growth_yearly": 20.01
        }
    },
    "months": {
        "2012-04": {
            "month": "2012-04",
            "price": "52.80",
            "revenue": 468040
        },
        "2012-05": {
            "month": "2012-05",
            "price": "60.71",
            "revenue": 546921
        },
        "2012-06": {
            "month": "2012-06",
            "price": "59.40",
            "revenue": 527212
        },
        "2012-07": {
            "month": "2012-07",
            "price": "50.42",
            "revenue": 437206
        },
        "2012-08": {
            "month": "2012-08",
            "price": "45.69",
            "revenue": 449873
        },
        "2012-09": {
            "month": "2012-09",
            "price": "41.78",
            "revenue": 427077
        },
        "2012-10": {
            "month": "2012-10",
            "price": "34.77",
            "revenue": 308412
        },
        "2012-11": {
            "month": "2012-11",
            "price": "31.88",
            "revenue": 371054
        },
        "2012-12": {
            "month": "2012-12",
            "price": "33.80",
            "revenue": 436007
        },
        "2013-01": {
            "month": "2013-01",
            "price": "36.18",
            "revenue": 359178
        },
        "2013-02": {
            "month": "2013-02",
            "price": "37.27",
            "revenue": 371931
        },
        "2013-03": {
            "month": "2013-03",
            "price": "40.13",
            "revenue": 438078
        },
        "2013-04": {
            "month": "2013-04",
            "price": "39.33",
            "revenue": 446450
        },
        "2013-05": {
            "month": "2013-05",
            "price": "39.23",
            "revenue": 500326
        },
        "2013-06": {
            "month": "2013-06",
            "price": "39.93",
            "revenue": 468081
        },
        "2013-07": {
            "month": "2013-07",
            "price": "43.34",
            "revenue": 553924
        },
        "2013-08": {
            "month": "2013-08",
            "price": "54.95",
            "revenue": 522580
        },
        "2013-09": {
            "month": "2013-09",
            "price": "59.32",
            "revenue": 554508
        },
        "2013-10": {
            "month": "2013-10",
            "price": "79.69",
            "revenue": 542793
        },
        "2013-11": {
            "month": "2013-11",
            "price": "93.20",
            "revenue": 546217
        },
        "2013-12": {
            "month": "2013-12",
            "price": "98.47",
            "revenue": 562956
        },
        "2014-01": {
            "month": "2014-01",
            "price": "99.82",
            "revenue": 520154
        },
        "2014-02": {
            "month": "2014-02",
            "price": "94.62",
            "revenue": 376953
        },
        "2014-03": {
            "month": "2014-03",
            "price": "123.15",
            "revenue": 739234
        },
        "2014-04": {
            "month": "2014-04",
            "price": "148.19",
            "revenue": 663073
        },
        "2014-05": {
            "month": "2014-05",
            "price": "143.86",
            "revenue": 626795
        },
        "2014-06": {
            "month": "2014-06",
            "price": "151.00",
            "revenue": 659223
        },
        "2014-07": {
            "month": "2014-07",
            "price": "140.80",
            "revenue": 613554
        },
        "2014-08": {
            "month": "2014-08",
            "price": "146.14",
            "revenue": 577955
        },
        "2014-09": {
            "month": "2014-09",
            "price": "143.52",
            "revenue": 596406
        },
        "2014-10": {
            "month": "2014-10",
            "price": "129.14",
            "revenue": 603117
        },
        "2014-11": {
            "month": "2014-11",
            "price": "124.50",
            "revenue": 588429
        },
        "2014-12": {
            "month": "2014-12",
            "price": "134.65",
            "revenue": 641401
        },
        "2015-01": {
            "month": "2015-01",
            "price": "133.55",
            "revenue": 744852
        },
        "2015-02": {
            "month": "2015-02",
            "price": "135.77",
            "revenue": 480523
        },
        "2015-03": {
            "month": "2015-03",
            "price": "170.07",
            "revenue": 637581
        },
        "2015-04": {
            "month": "2015-04",
            "price": "191.72",
            "revenue": 744782
        },
        "2015-05": {
            "month": "2015-05",
            "price": "209.28",
            "revenue": 743753
        },
        "2015-06": {
            "month": "2015-06",
            "price": "224.64",
            "revenue": 699462
        },
        "2015-07": {
            "month": "2015-07",
            "price": "208.00",
            "revenue": 750314
        },
        "2015-08": {
            "month": "2015-08",
            "price": "187.10",
            "revenue": 629975
        },
        "2015-09": {
            "month": "2015-09",
            "price": "180.58",
            "revenue": 749209
        },
        "2015-10": {
            "month": "2015-10",
            "price": "212.24",
            "revenue": 652120
        },
        "2015-11": {
            "month": "2015-11",
            "price": "193.10",
            "revenue": 641131
        },
        "2015-12": {
            "month": "2015-12",
            "price": "177.33",
            "revenue": 648768
        },
        "2016-01": {
            "month": "2016-01",
            "price": "202.60",
            "revenue": 758879
        },
        "2016-02": {
            "month": "2016-02",
            "price": "219.46",
            "revenue": 357135
        },
        "2016-03": {
            "month": "2016-03",
            "price": "231.07",
            "revenue": 796856
        },
        "2016-04": {
            "month": "2016-04",
            "price": "214.08",
            "revenue": 715267
        },
        "2016-05": {
            "month": "2016-05",
            "price": "206.17",
            "revenue": 638728
        },
        "2016-06": {
            "month": "2016-06",
            "price": "206.62",
            "revenue": 644601
        },
        "2016-07": {
            "month": "2016-07",
            "price": "180.62",
            "revenue": 568257
        },
        "2016-08": {
            "month": "2016-08",
            "price": "172.65",
            "revenue": 599106
        },
        "2016-09": {
            "month": "2016-09",
            "price": "172.37",
            "revenue": 547302
        },
        "2016-10": {
            "month": "2016-10",
            "price": "148.48",
            "revenue": 565550
        },
        "2016-11": {
            "month": "2016-11",
            "price": "112.50",
            "revenue": 593541
        },
        "2016-12": {
            "month": "2016-12",
            "price": "106.45",
            "revenue": 588666
        },
        "2017-01": {
            "month": "2017-01",
            "price": "104.53",
            "revenue": 504901
        },
        "2017-02": {
            "month": "2017-02",
            "price": "118.14",
            "revenue": 400030
        },
        "2017-03": {
            "month": "2017-03",
            "price": "115.41",
            "revenue": 529748
        },
        "2017-04": {
            "month": "2017-04",
            "price": "94.56",
            "revenue": 503116
        },
        "2017-05": {
            "month": "2017-05",
            "price": "86.19",
            "revenue": 601621
        },
        "2017-06": {
            "month": "2017-06",
            "price": "89.86",
            "revenue": 589104
        },
        "2017-07": {
            "month": "2017-07",
            "price": "85.48",
            "revenue": 630304
        },
        "2017-08": {
            "month": "2017-08",
            "price": "81.32",
            "revenue": 580408
        },
        "2017-09": {
            "month": "2017-09",
            "price": "78.45",
            "revenue": 521136
        },
        "2017-10": {
            "month": "2017-10",
            "price": "72.95",
            "revenue": 504754
        },
        "2017-11": {
            "month": "2017-11",
            "price": "64.15",
            "revenue": 531396
        },
        "2017-12": {
            "month": "2017-12",
            "price": "66.44",
            "revenue": 507824
        },
        "2018-01": {
            "month": "2018-01",
            "price": "72.54",
            "revenue": 530232
        },
        "2018-02": {
            "month": "2018-02",
            "price": "74.63",
            "revenue": 286143
        },
        "2018-03": {
            "month": "2018-03",
            "price": "79.57",
            "revenue": 456479
        },
        "2018-04": {
            "month": "2018-04",
            "price": "88.32",
            "revenue": 547610
        },
        "2018-05": {
            "month": "2018-05",
            "price": "68.91",
            "revenue": 548586
        },
        "2018-06": {
            "month": "2018-06",
            "price": "65.00",
            "revenue": 566032
        },
        "2018-07": {
            "month": "2018-07",
            "price": "55.75",
            "revenue": 563513
        },
        "2018-08": {
            "month": "2018-08",
            "price": "55.44",
            "revenue": 509278
        },
        "2018-09": {
            "month": "2018-09",
            "price": "51.65",
            "revenue": 485214
        },
        "2018-10": {
            "month": "2018-10",
            "price": "46.58",
            "revenue": 493387
        },
        "2018-11": {
            "month": "2018-11",
            "price": "45.02",
            "revenue": 568879
        },
        "2018-12": {
            "month": "2018-12",
            "price": "51.30",
            "revenue": 640502
        },
        "2019-01": {
            "month": "2019-01",
            "price": "57.33",
            "revenue": 610493
        },
        "2019-02": {
            "month": "2019-02",
            "price": "66.55",
            "revenue": 276032
        },
        "2019-03": {
            "month": "2019-03",
            "price": "70.96",
            "revenue": 665832
        },
        "2019-04": {
            "month": "2019-04",
            "price": "80.86",
            "revenue": 674264
        },
        "2019-05": {
            "month": "2019-05",
            "price": "62.63",
            "revenue": 637646
        },
        "2019-06": {
            "month": "2019-06",
            "price": "60.42",
            "revenue": 638706
        },
        "2019-07": {
            "month": "2019-07",
            "price": "59.10",
            "revenue": 674048
        },
        "2019-08": {
            "month": "2019-08",
            "price": "50.72",
            "revenue": 741046
        },
        "2019-09": {
            "month": "2019-09",
            "price": "53.03",
            "revenue": 753101
        },
        "2019-10": {
            "month": "2019-10",
            "price": "60.55",
            "revenue": 692514
        },
        "2019-11": {
            "month": "2019-11",
            "price": "64.25",
            "revenue": 742477
        },
        "2019-12": {
            "month": "2019-12",
            "price": "62.42",
            "revenue": 793827
        },
        "2020-01": {
            "month": "2020-01",
            "price": "61.14",
            "revenue": 467800
        },
        "2020-02": {
            "month": "2020-02",
            "price": "58.42",
            "revenue": 86318
        },
        "2020-03": {
            "month": "2020-03",
            "price": "54.17",
            "revenue": 576081
        },
        "2020-04": {
            "month": "2020-04",
            "price": "56.74",
            "revenue": 712460
        },
        "2020-05": {
            "month": "2020-05",
            "price": "61.08",
            "revenue": 701277
        },
        "2020-06": {
            "month": "2020-06",
            "price": "61.02",
            "revenue": 721927
        },
        "2020-07": {
            "month": "2020-07",
            "price": "80.00",
            "revenue": 802373
        },
        "2020-08": {
            "month": "2020-08",
            "price": "98.11",
            "revenue": 796499
        },
        "2020-09": {
            "month": "2020-09",
            "price": "95.80",
            "revenue": 831729
        },
        "2020-10": {
            "month": "2020-10",
            "price": "94.93",
            "revenue": 696479
        },
        "2020-11": {
            "month": "2020-11",
            "price": "92.30",
            "revenue": 861842
        },
        "2020-12": {
            "month": "2020-12",
            "price": "83.25",
            "revenue": 929488
        },
        "2021-01": {
            "month": "2021-01",
            "price": "80.04",
            "revenue": 879365
        },
        "2021-02": {
            "month": "2021-02",
            "price": "80.23",
            "revenue": 504342
        },
        "2021-03": {
            "month": "2021-03",
            "price": "80.58",
            "revenue": 762001
        },
        "2021-04": {
            "month": "2021-04",
            "price": "81.47",
            "revenue": 777036
        },
        "2021-05": {
            "month": "2021-05",
            "price": "76.95",
            "revenue": 678178
        },
        "2021-06": {
            "month": "2021-06",
            "price": "73.14",
            "revenue": 779538
        },
        "2021-07": {
            "month": "2021-07",
            "price": "73.07",
            "revenue": 756793
        },
        "2021-08": {
            "month": "2021-08",
            "price": "68.17",
            "revenue": 747334
        },
        "2021-09": {
            "month": "2021-09",
            "price": "63.24",
            "revenue": 766343
        },
        "2021-10": {
            "month": "2021-10",
            "price": "65.10",
            "revenue": 684585
        },
        "2021-11": {
            "month": "2021-11",
            "price": "63.21",
            "revenue": 791014
        },
        "2021-12": {
            "month": "2021-12",
            "price": "61.42",
            "revenue": 821682
        },
        "2022-01": {
            "month": "2022-01",
            "price": "63.18",
            "revenue": 672787
        },
        "2022-02": {
            "month": "2022-02",
            "price": "66.01",
            "revenue": 460763
        },
        "2022-03": {
            "month": "2022-03",
            "price": "64.03",
            "revenue": 679549
        },
        "2022-04": {
            "month": "2022-04",
            "price": "65.32",
            "revenue": 687515
        },
        "2022-05": {
            "month": "2022-05",
            "price": "55.74",
            "revenue": 773130
        },
        "2022-06": {
            "month": "2022-06",
            "price": "56.58",
            "revenue": 869773
        },
        "2022-07": {
            "month": "2022-07",
            "price": "56.29",
            "revenue": 786319
        },
        "2022-08": {
            "month": "2022-08",
            "price": "55.67",
            "revenue": 849214
        },
        "2022-09": {
            "month": "2022-09",
            "price": "56.01",
            "revenue": 845243
        },
        "2022-10": {
            "month": "2022-10",
            "price": "56.06",
            "revenue": 883902
        },
        "2022-11": {
            "month": "2022-11",
            "price": "52.40",
            "revenue": 922207
        },
        "2022-12": {
            "month": "2022-12",
            "price": "56.65",
            "revenue": 953523
        },
        "2023-01": {
            "month": "2023-01",
            "price": "61.25",
            "revenue": 528224
        },
        "2023-02": {
            "month": "2023-02",
            "price": "68.24",
            "revenue": 699228
        },
        "2023-03": {
            "month": "2023-03",
            "price": "71.99",
            "revenue": 990223
        },
        "2023-04": {
            "month": "2023-04",
            "price": "79.98",
            "revenue": 909964
        },
        "2023-05": {
            "month": "2023-05",
            "price": "79.20",
            "revenue": 839743
        },
        "2023-06": {
            "month": "2023-06",
            "price": "71.66",
            "revenue": 592701
        },
        "2023-07": {
            "month": "2023-07",
            "price": "62.26",
            "revenue": 600871
        },
        "2023-08": {
            "month": "2023-08",
            "price": "55.16",
            "revenue": 674045
        },
        "2023-09": {
            "month": "2023-09",
            "price": "54.50",
            "revenue": 663609
        },
        "2023-10": {
            "month": "2023-10",
            "price": "50.81",
            "revenue": 678255
        },
        "2023-11": {
            "month": "2023-11",
            "price": "50.66",
            "revenue": 737034
        },
        "2023-12": {
            "month": "2023-12",
            "price": "51.31",
            "revenue": 757112
        }
    }
}
