{
    "summary": {
        "stock_name": "亞德客-KY",
        "stock_id": "1590",
        "category": "電機機械",
        "main_business": "氣動控制元件,氣動執行元件,<br>氣源處理元件及氣動輔助元件之研發,生產及銷售",
        "website_url": "http://www.airtac.com/",
        "ceo": "王世忠",
        "pe_ratio": 34,
        "report_year_from": 2009,
        "report_year_to": 2023,
        "age": 14,
        "eps_negative_percentage": 0,
        "eps_growth_avg": {
            "last_all": 16.65,
            "last_2y": 32.75,
            "last_4y": 15.49,
            "last_8y": 17.45,
            "last_12y": null,
            "last_16y": null,
            "last_20y": null,
            "at_2006_last_3y": null,
            "at_2007_last_3y": null,
            "at_2008_last_3y": null,
            "at_2009_last_3y": null,
            "at_2010_last_3y": null,
            "at_2011_last_3y": null,
            "at_2012_last_3y": null,
            "at_2013_last_3y": null,
            "at_2014_last_3y": null,
            "at_2015_last_3y": -0.47,
            "at_2016_last_3y": 13.84,
            "at_2017_last_3y": 19.91,
            "at_2018_last_3y": 16.23,
            "at_2019_last_3y": 21.7,
            "at_2020_last_3y": 31.36,
            "at_2021_last_3y": 22,
            "at_2022_last_3y": 23.58,
            "at_2023_last_3y": 23.58,
            "at_2006_last_all": null,
            "at_2007_last_all": null,
            "at_2008_last_all": null,
            "at_2009_last_all": null,
            "at_2010_last_all": null,
            "at_2011_last_all": null,
            "at_2012_last_all": null,
            "at_2013_last_all": 13.04,
            "at_2014_last_all": 7.97,
            "at_2015_last_all": -0.47,
            "at_2016_last_all": 7.43,
            "at_2017_last_all": 17.62,
            "at_2018_last_all": 12.69,
            "at_2019_last_all": 10.61,
            "at_2020_last_all": 18.07,
            "at_2021_last_all": 19.37,
            "at_2022_last_all": 16.65,
            "at_2023_last_all": 16.65
        },
        "latest_eps": 29.79,
        "latest_price": 1025,
        "latest_roe": 16.26,
        "latest_gross_margin": 45.41,
        "latest_equity": 38024788,
        "latest_revenue": 6905753,
        "latest_gross_profit": 3135819,
        "latest_net_income": 1622587,
        "latest_debt_ratio": 30.71,
        "latest_current_ratio": 146.12,
        "latest_account_receivable_turnover_ratio": 0.71,
        "latest_inventory_turnover_ratio": 0.52,
        "latest_reinvestment_rate": 46.5,
        "latest_research_to_sale_ratio": 2.74
    },
    "eps_dividends": {
        "2001": {
            "cash": 0,
            "stock": 0,
            "eps": 0
        },
        "2002": {
            "cash": 0,
            "stock": 0,
            "eps": 0
        },
        "2003": {
            "cash": 0,
            "stock": 0,
            "eps": 0
        },
        "2004": {
            "cash": 0,
            "stock": 0,
            "eps": 0
        },
        "2005": {
            "cash": 0,
            "stock": 0,
            "eps": 0
        },
        "2006": {
            "cash": 0,
            "stock": 0,
            "eps": 0
        },
        "2007": {
            "cash": 0,
            "stock": 0,
            "eps": 0
        },
        "2008": {
            "cash": 0,
            "stock": 0,
            "eps": 0
        },
        "2009": {
            "cash": 0,
            "stock": 0,
            "eps": 0
        },
        "2010": {
            "cash": 0,
            "stock": 0,
            "eps": 0
        },
        "2011": {
            "cash": 9,
            "stock": 0,
            "eps": 9
        },
        "2012": {
            "cash": 0,
            "stock": 0,
            "eps": 7.36
        },
        "2013": {
            "cash": 4,
            "stock": 1,
            "eps": 10.62
        },
        "2014": {
            "cash": 6,
            "stock": 0,
            "eps": 10.39
        },
        "2015": {
            "cash": 5,
            "stock": 1,
            "eps": 7.71
        },
        "2016": {
            "cash": 4,
            "stock": 0,
            "eps": 10.72
        },
        "2017": {
            "cash": 5,
            "stock": 0,
            "eps": 18.07
        },
        "2018": {
            "cash": 7,
            "stock": 0,
            "eps": 15.02
        },
        "2019": {
            "cash": 5,
            "stock": 0,
            "eps": 14.43
        },
        "2020": {
            "cash": 5,
            "stock": 0,
            "eps": 25.64
        },
        "2021": {
            "cash": 9,
            "stock": 0,
            "eps": 33.62
        },
        "2022": {
            "cash": 13,
            "stock": 0,
            "eps": 30.07
        },
        "2023": {
            "cash": 13,
            "stock": 0,
            "eps": 8.11
        }
    },
    "dividends": {
        "2011-01-01": {
            "cash": 5.3,
            "stock": 0
        },
        "2011-04-27": {
            "cash": 4.36,
            "stock": 0
        },
        "2013-03-05": {
            "cash": 3.8,
            "stock": 0.7
        },
        "2014-05-29": {
            "cash": 6.3,
            "stock": 0
        },
        "2015-07-15": {
            "cash": 4.8,
            "stock": 0.5
        },
        "2016-09-29": {
            "cash": 4,
            "stock": 0
        },
        "2017-07-20": {
            "cash": 5.37,
            "stock": 0
        },
        "2018-10-05": {
            "cash": 7.44,
            "stock": 0
        },
        "2019-10-04": {
            "cash": 5.27,
            "stock": 0
        },
        "2020-10-07": {
            "cash": 4.76,
            "stock": 0
        },
        "2021-07-15": {
            "cash": 9.15,
            "stock": 0
        },
        "2022-10-07": {
            "cash": 13.31,
            "stock": 0
        },
        "2023-03-08": {
            "cash": 13.45,
            "stock": 0
        }
    },
    "prices": {
        "200101": "無",
        "200102": "無",
        "200103": "無",
        "200104": "無",
        "200105": "無",
        "200106": "無",
        "200107": "無",
        "200108": "無",
        "200109": "無",
        "200110": "無",
        "200111": "無",
        "200112": "無",
        "200201": "無",
        "200202": "無",
        "200203": "無",
        "200204": "無",
        "200205": "無",
        "200206": "無",
        "200207": "無",
        "200208": "無",
        "200209": "無",
        "200210": "無",
        "200211": "無",
        "200212": "無",
        "200301": "無",
        "200302": "無",
        "200303": "無",
        "200304": "無",
        "200305": "無",
        "200306": "無",
        "200307": "無",
        "200308": "無",
        "200309": "無",
        "200310": "無",
        "200311": "無",
        "200312": "無",
        "200401": "無",
        "200402": "無",
        "200403": "無",
        "200404": "無",
        "200405": "無",
        "200406": "無",
        "200407": "無",
        "200408": "無",
        "200409": "無",
        "200410": "無",
        "200411": "無",
        "200412": "無",
        "200501": "無",
        "200502": "無",
        "200503": "無",
        "200504": "無",
        "200505": "無",
        "200506": "無",
        "200507": "無",
        "200508": "無",
        "200509": "無",
        "200510": "無",
        "200511": "無",
        "200512": "無",
        "200601": "無",
        "200602": "無",
        "200603": "無",
        "200604": "無",
        "200605": "無",
        "200606": "無",
        "200607": "無",
        "200608": "無",
        "200609": "無",
        "200610": "無",
        "200611": "無",
        "200612": "無",
        "200701": "無",
        "200702": "無",
        "200703": "無",
        "200704": "無",
        "200705": "無",
        "200706": "無",
        "200707": "無",
        "200708": "無",
        "200709": "無",
        "200710": "無",
        "200711": "無",
        "200712": "無",
        "200801": "無",
        "200802": "無",
        "200803": "無",
        "200804": "無",
        "200805": "無",
        "200806": "無",
        "200807": "無",
        "200808": "無",
        "200809": "無",
        "200810": "無",
        "200811": "無",
        "200812": "無",
        "200901": "無",
        "200902": "無",
        "200903": "無",
        "200904": "無",
        "200905": "無",
        "200906": "無",
        "200907": "無",
        "200908": "無",
        "200909": "無",
        "200910": "無",
        "200911": "無",
        "200912": "無",
        "201001": "無",
        "201002": "無",
        "201003": "無",
        "201004": "無",
        "201005": "無",
        "201006": "無",
        "201007": "無",
        "201008": "無",
        "201009": "無",
        "201010": "無",
        "201011": "無",
        "201012": "152.47",
        "201101": "147.60",
        "201102": "155.93",
        "201103": "177.48",
        "201104": "211.37",
        "201105": "237.55",
        "201106": "233.98",
        "201107": "225.79",
        "201108": "214.98",
        "201109": "171.24",
        "201110": "173.60",
        "201111": "143.95",
        "201112": "127.48",
        "201201": "129.43",
        "201202": "162.58",
        "201203": "169.76",
        "201204": "165.72",
        "201205": "161.59",
        "201206": "161.24",
        "201207": "152.32",
        "201208": "153.66",
        "201209": "145.32",
        "201210": "144.25",
        "201211": "145.68",
        "201212": "163.40",
        "201301": "168.68",
        "201302": "171.69",
        "201303": "164.12",
        "201304": "150.38",
        "201305": "162.11",
        "201306": "149.21",
        "201307": "159.78",
        "201308": "188.81",
        "201309": "201.22",
        "201310": "220.95",
        "201311": "228.31",
        "201312": "248.07",
        "201401": "258.03",
        "201402": "291.56",
        "201403": "321.98",
        "201404": "324.05",
        "201405": "314.64",
        "201406": "315.22",
        "201407": "279.84",
        "201408": "297.48",
        "201409": "271.05",
        "201410": "231.02",
        "201411": "254.88",
        "201412": "276.23",
        "201501": "271.60",
        "201502": "275.96",
        "201503": "262.57",
        "201504": "233.80",
        "201505": "239.15",
        "201506": "204.45",
        "201507": "159.57",
        "201508": "150.57",
        "201509": "171.58",
        "201510": "173.60",
        "201511": "156.12",
        "201512": "150.26",
        "201601": "142.19",
        "201602": "163.85",
        "201603": "183.70",
        "201604": "211.18",
        "201605": "217.10",
        "201606": "232.69",
        "201607": "239.75",
        "201608": "233.20",
        "201609": "251.95",
        "201610": "262.88",
        "201611": "242.64",
        "201612": "251.84",
        "201701": "250.91",
        "201702": "284.03",
        "201703": "295.57",
        "201704": "334.03",
        "201705": "339.25",
        "201706": "336.07",
        "201707": "384.64",
        "201708": "402.59",
        "201709": "422.70",
        "201710": "452.42",
        "201711": "488.05",
        "201712": "500.24",
        "201801": "491.64",
        "201802": "489.46",
        "201803": "493.00",
        "201804": "550.56",
        "201805": "513.55",
        "201806": "490.98",
        "201807": "344.73",
        "201808": "296.09",
        "201809": "285.08",
        "201810": "260.57",
        "201811": "297.84",
        "201812": "325.24",
        "201901": "333.05",
        "201902": "377.27",
        "201903": "383.52",
        "201904": "417.58",
        "201905": "350.07",
        "201906": "321.79",
        "201907": "343.61",
        "201908": "317.43",
        "201909": "356.26",
        "201910": "402.29",
        "201911": "439.05",
        "201912": "442.41",
        "202001": "484.70",
        "202002": "510.92",
        "202003": "430.98",
        "202004": "491.72",
        "202005": "551.70",
        "202006": "510.25",
        "202007": "559.52",
        "202008": "659.10",
        "202009": "663.68",
        "202010": "685.68",
        "202011": "792.57",
        "202012": "874.35",
        "202101": "1075.35",
        "202102": "1025.54",
        "202103": "976.27",
        "202104": "1099.21",
        "202105": "1029.57",
        "202106": "1017.14",
        "202107": "1066.77",
        "202108": "888.95",
        "202109": "913.65",
        "202110": "818.85",
        "202111": "824.50",
        "202112": "925.27",
        "202201": "970.11",
        "202202": "940.47",
        "202203": "903.22",
        "202204": "868.58",
        "202205": "850.81",
        "202206": "1001.24",
        "202207": "904.81",
        "202208": "820.22",
        "202209": "777.62",
        "202210": "713.50",
        "202211": "857.59",
        "202212": "937.45",
        "202301": "969.23",
        "202302": "1078.33",
        "202303": "1124.57",
        "202304": "1144.71",
        "202305": "1050.00"
    },
    "quarters": {
        "20011": {
            "year_quarter": 20011,
            "year": 2001,
            "quarter": 1,
            "eps": null,
            "eps_growth_year": null,
            "eps_4q": null,
            "eps_4q_growth_year": null,
            "roe": null,
            "roe_4q": 0,
            "gross_profit": null,
            "gross_margin": null,
            "gross_margin_4q_avg": 0,
            "net_income": null,
            "revenue": null,
            "common_shares": null,
            "book_valuer_per_share": null,
            "book_valuer_per_share_4q_avg": 0,
            "equity": null,
            "current_ratio": null,
            "debt_ratio": null,
            "inventory_turnover_ratio": null,
            "account_receivable_turnover_ratio": null,
            "reinvestment_rate": null,
            "research_to_sale_ratio": null,
            "price_fair": 0,
            "eps_avg_yearly": 0,
            "eps_latest_yearly": 0,
            "eps_growth_yearly": 0
        },
        "20012": {
            "year_quarter": 20012,
            "year": 2001,
            "quarter": 2,
            "eps": null,
            "eps_growth_year": null,
            "eps_4q": null,
            "eps_4q_growth_year": null,
            "roe": null,
            "roe_4q": 0,
            "gross_profit": null,
            "gross_margin": null,
            "gross_margin_4q_avg": 0,
            "net_income": null,
            "revenue": null,
            "common_shares": null,
            "book_valuer_per_share": null,
            "book_valuer_per_share_4q_avg": 0,
            "equity": null,
            "current_ratio": null,
            "debt_ratio": null,
            "inventory_turnover_ratio": null,
            "account_receivable_turnover_ratio": null,
            "reinvestment_rate": null,
            "research_to_sale_ratio": null,
            "price_fair": 0,
            "eps_avg_yearly": 0,
            "eps_latest_yearly": 0,
            "eps_growth_yearly": 0
        },
        "20013": {
            "year_quarter": 20013,
            "year": 2001,
            "quarter": 3,
            "eps": null,
            "eps_growth_year": null,
            "eps_4q": null,
            "eps_4q_growth_year": null,
            "roe": null,
            "roe_4q": 0,
            "gross_profit": null,
            "gross_margin": null,
            "gross_margin_4q_avg": 0,
            "net_income": null,
            "revenue": null,
            "common_shares": null,
            "book_valuer_per_share": null,
            "book_valuer_per_share_4q_avg": 0,
            "equity": null,
            "current_ratio": null,
            "debt_ratio": null,
            "inventory_turnover_ratio": null,
            "account_receivable_turnover_ratio": null,
            "reinvestment_rate": null,
            "research_to_sale_ratio": null,
            "price_fair": 0,
            "eps_avg_yearly": 0,
            "eps_latest_yearly": 0,
            "eps_growth_yearly": 0
        },
        "20014": {
            "year_quarter": 20014,
            "year": 2001,
            "quarter": 4,
            "eps": null,
            "eps_growth_year": null,
            "eps_4q": null,
            "eps_4q_growth_year": null,
            "roe": null,
            "roe_4q": 0,
            "gross_profit": null,
            "gross_margin": null,
            "gross_margin_4q_avg": 0,
            "net_income": null,
            "revenue": null,
            "common_shares": null,
            "book_valuer_per_share": null,
            "book_valuer_per_share_4q_avg": 0,
            "equity": null,
            "current_ratio": null,
            "debt_ratio": null,
            "inventory_turnover_ratio": null,
            "account_receivable_turnover_ratio": null,
            "reinvestment_rate": null,
            "research_to_sale_ratio": null,
            "price_fair": 0,
            "eps_avg_yearly": 0,
            "eps_latest_yearly": 0,
            "eps_growth_yearly": 0
        },
        "20021": {
            "year_quarter": 20021,
            "year": 2002,
            "quarter": 1,
            "eps": null,
            "eps_growth_year": null,
            "eps_4q": null,
            "eps_4q_growth_year": null,
            "roe": null,
            "roe_4q": 0,
            "gross_profit": null,
            "gross_margin": null,
            "gross_margin_4q_avg": 0,
            "net_income": null,
            "revenue": null,
            "common_shares": null,
            "book_valuer_per_share": null,
            "book_valuer_per_share_4q_avg": 0,
            "equity": null,
            "current_ratio": null,
            "debt_ratio": null,
            "inventory_turnover_ratio": null,
            "account_receivable_turnover_ratio": null,
            "reinvestment_rate": null,
            "research_to_sale_ratio": null,
            "price_fair": 0,
            "eps_avg_yearly": 0,
            "eps_latest_yearly": 0,
            "eps_growth_yearly": 0
        },
        "20022": {
            "year_quarter": 20022,
            "year": 2002,
            "quarter": 2,
            "eps": null,
            "eps_growth_year": null,
            "eps_4q": null,
            "eps_4q_growth_year": null,
            "roe": null,
            "roe_4q": 0,
            "gross_profit": null,
            "gross_margin": null,
            "gross_margin_4q_avg": 0,
            "net_income": null,
            "revenue": null,
            "common_shares": null,
            "book_valuer_per_share": null,
            "book_valuer_per_share_4q_avg": 0,
            "equity": null,
            "current_ratio": null,
            "debt_ratio": null,
            "inventory_turnover_ratio": null,
            "account_receivable_turnover_ratio": null,
            "reinvestment_rate": null,
            "research_to_sale_ratio": null,
            "price_fair": 0,
            "eps_avg_yearly": 0,
            "eps_latest_yearly": 0,
            "eps_growth_yearly": 0
        },
        "20023": {
            "year_quarter": 20023,
            "year": 2002,
            "quarter": 3,
            "eps": null,
            "eps_growth_year": null,
            "eps_4q": null,
            "eps_4q_growth_year": null,
            "roe": null,
            "roe_4q": 0,
            "gross_profit": null,
            "gross_margin": null,
            "gross_margin_4q_avg": 0,
            "net_income": null,
            "revenue": null,
            "common_shares": null,
            "book_valuer_per_share": null,
            "book_valuer_per_share_4q_avg": 0,
            "equity": null,
            "current_ratio": null,
            "debt_ratio": null,
            "inventory_turnover_ratio": null,
            "account_receivable_turnover_ratio": null,
            "reinvestment_rate": null,
            "research_to_sale_ratio": null,
            "price_fair": 0,
            "eps_avg_yearly": 0,
            "eps_latest_yearly": 0,
            "eps_growth_yearly": 0
        },
        "20024": {
            "year_quarter": 20024,
            "year": 2002,
            "quarter": 4,
            "eps": null,
            "eps_growth_year": null,
            "eps_4q": null,
            "eps_4q_growth_year": null,
            "roe": null,
            "roe_4q": 0,
            "gross_profit": null,
            "gross_margin": null,
            "gross_margin_4q_avg": 0,
            "net_income": null,
            "revenue": null,
            "common_shares": null,
            "book_valuer_per_share": null,
            "book_valuer_per_share_4q_avg": 0,
            "equity": null,
            "current_ratio": null,
            "debt_ratio": null,
            "inventory_turnover_ratio": null,
            "account_receivable_turnover_ratio": null,
            "reinvestment_rate": null,
            "research_to_sale_ratio": null,
            "price_fair": 0,
            "eps_avg_yearly": 0,
            "eps_latest_yearly": 0,
            "eps_growth_yearly": 0
        },
        "20031": {
            "year_quarter": 20031,
            "year": 2003,
            "quarter": 1,
            "eps": null,
            "eps_growth_year": null,
            "eps_4q": null,
            "eps_4q_growth_year": null,
            "roe": null,
            "roe_4q": 0,
            "gross_profit": null,
            "gross_margin": null,
            "gross_margin_4q_avg": 0,
            "net_income": null,
            "revenue": null,
            "common_shares": null,
            "book_valuer_per_share": null,
            "book_valuer_per_share_4q_avg": 0,
            "equity": null,
            "current_ratio": null,
            "debt_ratio": null,
            "inventory_turnover_ratio": null,
            "account_receivable_turnover_ratio": null,
            "reinvestment_rate": null,
            "research_to_sale_ratio": null,
            "price_fair": 0,
            "eps_avg_yearly": 0,
            "eps_latest_yearly": 0,
            "eps_growth_yearly": 0
        },
        "20032": {
            "year_quarter": 20032,
            "year": 2003,
            "quarter": 2,
            "eps": null,
            "eps_growth_year": null,
            "eps_4q": null,
            "eps_4q_growth_year": null,
            "roe": null,
            "roe_4q": 0,
            "gross_profit": null,
            "gross_margin": null,
            "gross_margin_4q_avg": 0,
            "net_income": null,
            "revenue": null,
            "common_shares": null,
            "book_valuer_per_share": null,
            "book_valuer_per_share_4q_avg": 0,
            "equity": null,
            "current_ratio": null,
            "debt_ratio": null,
            "inventory_turnover_ratio": null,
            "account_receivable_turnover_ratio": null,
            "reinvestment_rate": null,
            "research_to_sale_ratio": null,
            "price_fair": 0,
            "eps_avg_yearly": 0,
            "eps_latest_yearly": 0,
            "eps_growth_yearly": 0
        },
        "20033": {
            "year_quarter": 20033,
            "year": 2003,
            "quarter": 3,
            "eps": null,
            "eps_growth_year": null,
            "eps_4q": null,
            "eps_4q_growth_year": null,
            "roe": null,
            "roe_4q": 0,
            "gross_profit": null,
            "gross_margin": null,
            "gross_margin_4q_avg": 0,
            "net_income": null,
            "revenue": null,
            "common_shares": null,
            "book_valuer_per_share": null,
            "book_valuer_per_share_4q_avg": 0,
            "equity": null,
            "current_ratio": null,
            "debt_ratio": null,
            "inventory_turnover_ratio": null,
            "account_receivable_turnover_ratio": null,
            "reinvestment_rate": null,
            "research_to_sale_ratio": null,
            "price_fair": 0,
            "eps_avg_yearly": 0,
            "eps_latest_yearly": 0,
            "eps_growth_yearly": 0
        },
        "20034": {
            "year_quarter": 20034,
            "year": 2003,
            "quarter": 4,
            "eps": null,
            "eps_growth_year": null,
            "eps_4q": null,
            "eps_4q_growth_year": null,
            "roe": null,
            "roe_4q": 0,
            "gross_profit": null,
            "gross_margin": null,
            "gross_margin_4q_avg": 0,
            "net_income": null,
            "revenue": null,
            "common_shares": null,
            "book_valuer_per_share": null,
            "book_valuer_per_share_4q_avg": 0,
            "equity": null,
            "current_ratio": null,
            "debt_ratio": null,
            "inventory_turnover_ratio": null,
            "account_receivable_turnover_ratio": null,
            "reinvestment_rate": null,
            "research_to_sale_ratio": null,
            "price_fair": 0,
            "eps_avg_yearly": 0,
            "eps_latest_yearly": 0,
            "eps_growth_yearly": 0
        },
        "20041": {
            "year_quarter": 20041,
            "year": 2004,
            "quarter": 1,
            "eps": null,
            "eps_growth_year": null,
            "eps_4q": null,
            "eps_4q_growth_year": null,
            "roe": null,
            "roe_4q": 0,
            "gross_profit": null,
            "gross_margin": null,
            "gross_margin_4q_avg": 0,
            "net_income": null,
            "revenue": null,
            "common_shares": null,
            "book_valuer_per_share": null,
            "book_valuer_per_share_4q_avg": 0,
            "equity": null,
            "current_ratio": null,
            "debt_ratio": null,
            "inventory_turnover_ratio": null,
            "account_receivable_turnover_ratio": null,
            "reinvestment_rate": null,
            "research_to_sale_ratio": null,
            "price_fair": 0,
            "eps_avg_yearly": 0,
            "eps_latest_yearly": 0,
            "eps_growth_yearly": 0
        },
        "20042": {
            "year_quarter": 20042,
            "year": 2004,
            "quarter": 2,
            "eps": null,
            "eps_growth_year": null,
            "eps_4q": null,
            "eps_4q_growth_year": null,
            "roe": null,
            "roe_4q": 0,
            "gross_profit": null,
            "gross_margin": null,
            "gross_margin_4q_avg": 0,
            "net_income": null,
            "revenue": null,
            "common_shares": null,
            "book_valuer_per_share": null,
            "book_valuer_per_share_4q_avg": 0,
            "equity": null,
            "current_ratio": null,
            "debt_ratio": null,
            "inventory_turnover_ratio": null,
            "account_receivable_turnover_ratio": null,
            "reinvestment_rate": null,
            "research_to_sale_ratio": null,
            "price_fair": 0,
            "eps_avg_yearly": 0,
            "eps_latest_yearly": 0,
            "eps_growth_yearly": 0
        },
        "20043": {
            "year_quarter": 20043,
            "year": 2004,
            "quarter": 3,
            "eps": null,
            "eps_growth_year": null,
            "eps_4q": null,
            "eps_4q_growth_year": null,
            "roe": null,
            "roe_4q": 0,
            "gross_profit": null,
            "gross_margin": null,
            "gross_margin_4q_avg": 0,
            "net_income": null,
            "revenue": null,
            "common_shares": null,
            "book_valuer_per_share": null,
            "book_valuer_per_share_4q_avg": 0,
            "equity": null,
            "current_ratio": null,
            "debt_ratio": null,
            "inventory_turnover_ratio": null,
            "account_receivable_turnover_ratio": null,
            "reinvestment_rate": null,
            "research_to_sale_ratio": null,
            "price_fair": 0,
            "eps_avg_yearly": 0,
            "eps_latest_yearly": 0,
            "eps_growth_yearly": 0
        },
        "20044": {
            "year_quarter": 20044,
            "year": 2004,
            "quarter": 4,
            "eps": null,
            "eps_growth_year": null,
            "eps_4q": null,
            "eps_4q_growth_year": null,
            "roe": null,
            "roe_4q": 0,
            "gross_profit": null,
            "gross_margin": null,
            "gross_margin_4q_avg": 0,
            "net_income": null,
            "revenue": null,
            "common_shares": null,
            "book_valuer_per_share": null,
            "book_valuer_per_share_4q_avg": 0,
            "equity": null,
            "current_ratio": null,
            "debt_ratio": null,
            "inventory_turnover_ratio": null,
            "account_receivable_turnover_ratio": null,
            "reinvestment_rate": null,
            "research_to_sale_ratio": null,
            "price_fair": 0,
            "eps_avg_yearly": 0,
            "eps_latest_yearly": 0,
            "eps_growth_yearly": 0
        },
        "20051": {
            "year_quarter": 20051,
            "year": 2005,
            "quarter": 1,
            "eps": null,
            "eps_growth_year": null,
            "eps_4q": null,
            "eps_4q_growth_year": null,
            "roe": null,
            "roe_4q": 0,
            "gross_profit": null,
            "gross_margin": null,
            "gross_margin_4q_avg": 0,
            "net_income": null,
            "revenue": null,
            "common_shares": null,
            "book_valuer_per_share": null,
            "book_valuer_per_share_4q_avg": 0,
            "equity": null,
            "current_ratio": null,
            "debt_ratio": null,
            "inventory_turnover_ratio": null,
            "account_receivable_turnover_ratio": null,
            "reinvestment_rate": null,
            "research_to_sale_ratio": null,
            "price_fair": 0,
            "eps_avg_yearly": 0,
            "eps_latest_yearly": 0,
            "eps_growth_yearly": 0
        },
        "20052": {
            "year_quarter": 20052,
            "year": 2005,
            "quarter": 2,
            "eps": null,
            "eps_growth_year": null,
            "eps_4q": null,
            "eps_4q_growth_year": null,
            "roe": null,
            "roe_4q": 0,
            "gross_profit": null,
            "gross_margin": null,
            "gross_margin_4q_avg": 0,
            "net_income": null,
            "revenue": null,
            "common_shares": null,
            "book_valuer_per_share": null,
            "book_valuer_per_share_4q_avg": 0,
            "equity": null,
            "current_ratio": null,
            "debt_ratio": null,
            "inventory_turnover_ratio": null,
            "account_receivable_turnover_ratio": null,
            "reinvestment_rate": null,
            "research_to_sale_ratio": null,
            "price_fair": 0,
            "eps_avg_yearly": 0,
            "eps_latest_yearly": 0,
            "eps_growth_yearly": 0
        },
        "20053": {
            "year_quarter": 20053,
            "year": 2005,
            "quarter": 3,
            "eps": null,
            "eps_growth_year": null,
            "eps_4q": null,
            "eps_4q_growth_year": null,
            "roe": null,
            "roe_4q": 0,
            "gross_profit": null,
            "gross_margin": null,
            "gross_margin_4q_avg": 0,
            "net_income": null,
            "revenue": null,
            "common_shares": null,
            "book_valuer_per_share": null,
            "book_valuer_per_share_4q_avg": 0,
            "equity": null,
            "current_ratio": null,
            "debt_ratio": null,
            "inventory_turnover_ratio": null,
            "account_receivable_turnover_ratio": null,
            "reinvestment_rate": null,
            "research_to_sale_ratio": null,
            "price_fair": 0,
            "eps_avg_yearly": 0,
            "eps_latest_yearly": 0,
            "eps_growth_yearly": 0
        },
        "20054": {
            "year_quarter": 20054,
            "year": 2005,
            "quarter": 4,
            "eps": null,
            "eps_growth_year": null,
            "eps_4q": null,
            "eps_4q_growth_year": null,
            "roe": null,
            "roe_4q": 0,
            "gross_profit": null,
            "gross_margin": null,
            "gross_margin_4q_avg": 0,
            "net_income": null,
            "revenue": null,
            "common_shares": null,
            "book_valuer_per_share": null,
            "book_valuer_per_share_4q_avg": 0,
            "equity": null,
            "current_ratio": null,
            "debt_ratio": null,
            "inventory_turnover_ratio": null,
            "account_receivable_turnover_ratio": null,
            "reinvestment_rate": null,
            "research_to_sale_ratio": null,
            "price_fair": 0,
            "eps_avg_yearly": 0,
            "eps_latest_yearly": 0,
            "eps_growth_yearly": 0
        },
        "20061": {
            "year_quarter": 20061,
            "year": 2006,
            "quarter": 1,
            "eps": null,
            "eps_growth_year": null,
            "eps_4q": null,
            "eps_4q_growth_year": null,
            "roe": null,
            "roe_4q": 0,
            "gross_profit": null,
            "gross_margin": null,
            "gross_margin_4q_avg": 0,
            "net_income": null,
            "revenue": null,
            "common_shares": null,
            "book_valuer_per_share": null,
            "book_valuer_per_share_4q_avg": 0,
            "equity": null,
            "current_ratio": null,
            "debt_ratio": null,
            "inventory_turnover_ratio": null,
            "account_receivable_turnover_ratio": null,
            "reinvestment_rate": null,
            "research_to_sale_ratio": null,
            "price_fair": 0,
            "eps_avg_yearly": 0,
            "eps_latest_yearly": 0,
            "eps_growth_yearly": 0
        },
        "20062": {
            "year_quarter": 20062,
            "year": 2006,
            "quarter": 2,
            "eps": null,
            "eps_growth_year": null,
            "eps_4q": null,
            "eps_4q_growth_year": null,
            "roe": null,
            "roe_4q": 0,
            "gross_profit": null,
            "gross_margin": null,
            "gross_margin_4q_avg": 0,
            "net_income": null,
            "revenue": null,
            "common_shares": null,
            "book_valuer_per_share": null,
            "book_valuer_per_share_4q_avg": 0,
            "equity": null,
            "current_ratio": null,
            "debt_ratio": null,
            "inventory_turnover_ratio": null,
            "account_receivable_turnover_ratio": null,
            "reinvestment_rate": null,
            "research_to_sale_ratio": null,
            "price_fair": 0,
            "eps_avg_yearly": 0,
            "eps_latest_yearly": 0,
            "eps_growth_yearly": 0
        },
        "20063": {
            "year_quarter": 20063,
            "year": 2006,
            "quarter": 3,
            "eps": null,
            "eps_growth_year": null,
            "eps_4q": null,
            "eps_4q_growth_year": null,
            "roe": null,
            "roe_4q": 0,
            "gross_profit": null,
            "gross_margin": null,
            "gross_margin_4q_avg": 0,
            "net_income": null,
            "revenue": null,
            "common_shares": null,
            "book_valuer_per_share": null,
            "book_valuer_per_share_4q_avg": 0,
            "equity": null,
            "current_ratio": null,
            "debt_ratio": null,
            "inventory_turnover_ratio": null,
            "account_receivable_turnover_ratio": null,
            "reinvestment_rate": null,
            "research_to_sale_ratio": null,
            "price_fair": 0,
            "eps_avg_yearly": 0,
            "eps_latest_yearly": 0,
            "eps_growth_yearly": 0
        },
        "20064": {
            "year_quarter": 20064,
            "year": 2006,
            "quarter": 4,
            "eps": null,
            "eps_growth_year": null,
            "eps_4q": null,
            "eps_4q_growth_year": null,
            "roe": null,
            "roe_4q": 0,
            "gross_profit": null,
            "gross_margin": null,
            "gross_margin_4q_avg": 0,
            "net_income": null,
            "revenue": null,
            "common_shares": null,
            "book_valuer_per_share": null,
            "book_valuer_per_share_4q_avg": 0,
            "equity": null,
            "current_ratio": null,
            "debt_ratio": null,
            "inventory_turnover_ratio": null,
            "account_receivable_turnover_ratio": null,
            "reinvestment_rate": null,
            "research_to_sale_ratio": null,
            "price_fair": 0,
            "eps_avg_yearly": 0,
            "eps_latest_yearly": 0,
            "eps_growth_yearly": 0
        },
        "20071": {
            "year_quarter": 20071,
            "year": 2007,
            "quarter": 1,
            "eps": null,
            "eps_growth_year": null,
            "eps_4q": null,
            "eps_4q_growth_year": null,
            "roe": null,
            "roe_4q": 0,
            "gross_profit": null,
            "gross_margin": null,
            "gross_margin_4q_avg": 0,
            "net_income": null,
            "revenue": null,
            "common_shares": null,
            "book_valuer_per_share": null,
            "book_valuer_per_share_4q_avg": 0,
            "equity": null,
            "current_ratio": null,
            "debt_ratio": null,
            "inventory_turnover_ratio": null,
            "account_receivable_turnover_ratio": null,
            "reinvestment_rate": null,
            "research_to_sale_ratio": null,
            "price_fair": 0,
            "eps_avg_yearly": 0,
            "eps_latest_yearly": 0,
            "eps_growth_yearly": 0
        },
        "20072": {
            "year_quarter": 20072,
            "year": 2007,
            "quarter": 2,
            "eps": null,
            "eps_growth_year": null,
            "eps_4q": null,
            "eps_4q_growth_year": null,
            "roe": null,
            "roe_4q": 0,
            "gross_profit": null,
            "gross_margin": null,
            "gross_margin_4q_avg": 0,
            "net_income": null,
            "revenue": null,
            "common_shares": null,
            "book_valuer_per_share": null,
            "book_valuer_per_share_4q_avg": 0,
            "equity": null,
            "current_ratio": null,
            "debt_ratio": null,
            "inventory_turnover_ratio": null,
            "account_receivable_turnover_ratio": null,
            "reinvestment_rate": null,
            "research_to_sale_ratio": null,
            "price_fair": 0,
            "eps_avg_yearly": 0,
            "eps_latest_yearly": 0,
            "eps_growth_yearly": 0
        },
        "20073": {
            "year_quarter": 20073,
            "year": 2007,
            "quarter": 3,
            "eps": null,
            "eps_growth_year": null,
            "eps_4q": null,
            "eps_4q_growth_year": null,
            "roe": null,
            "roe_4q": 0,
            "gross_profit": null,
            "gross_margin": null,
            "gross_margin_4q_avg": 0,
            "net_income": null,
            "revenue": null,
            "common_shares": null,
            "book_valuer_per_share": null,
            "book_valuer_per_share_4q_avg": 0,
            "equity": null,
            "current_ratio": null,
            "debt_ratio": null,
            "inventory_turnover_ratio": null,
            "account_receivable_turnover_ratio": null,
            "reinvestment_rate": null,
            "research_to_sale_ratio": null,
            "price_fair": 0,
            "eps_avg_yearly": 0,
            "eps_latest_yearly": 0,
            "eps_growth_yearly": 0
        },
        "20074": {
            "year_quarter": 20074,
            "year": 2007,
            "quarter": 4,
            "eps": null,
            "eps_growth_year": null,
            "eps_4q": null,
            "eps_4q_growth_year": null,
            "roe": null,
            "roe_4q": 0,
            "gross_profit": null,
            "gross_margin": null,
            "gross_margin_4q_avg": 0,
            "net_income": null,
            "revenue": null,
            "common_shares": 647000,
            "book_valuer_per_share": 28.29,
            "book_valuer_per_share_4q_avg": 7.07,
            "equity": 1945524,
            "current_ratio": 157.08,
            "debt_ratio": 47.81,
            "inventory_turnover_ratio": null,
            "account_receivable_turnover_ratio": null,
            "reinvestment_rate": null,
            "research_to_sale_ratio": null,
            "price_fair": 0,
            "eps_avg_yearly": 0,
            "eps_latest_yearly": 0,
            "eps_growth_yearly": 0
        },
        "20081": {
            "year_quarter": 20081,
            "year": 2008,
            "quarter": 1,
            "eps": null,
            "eps_growth_year": null,
            "eps_4q": null,
            "eps_4q_growth_year": null,
            "roe": null,
            "roe_4q": 0,
            "gross_profit": null,
            "gross_margin": null,
            "gross_margin_4q_avg": 0,
            "net_income": null,
            "revenue": null,
            "common_shares": null,
            "book_valuer_per_share": null,
            "book_valuer_per_share_4q_avg": 7.07,
            "equity": null,
            "current_ratio": null,
            "debt_ratio": null,
            "inventory_turnover_ratio": null,
            "account_receivable_turnover_ratio": null,
            "reinvestment_rate": null,
            "research_to_sale_ratio": null,
            "price_fair": 0,
            "eps_avg_yearly": 0,
            "eps_latest_yearly": 0,
            "eps_growth_yearly": 0
        },
        "20082": {
            "year_quarter": 20082,
            "year": 2008,
            "quarter": 2,
            "eps": null,
            "eps_growth_year": null,
            "eps_4q": null,
            "eps_4q_growth_year": null,
            "roe": null,
            "roe_4q": 0,
            "gross_profit": null,
            "gross_margin": null,
            "gross_margin_4q_avg": 0,
            "net_income": null,
            "revenue": null,
            "common_shares": null,
            "book_valuer_per_share": null,
            "book_valuer_per_share_4q_avg": 7.07,
            "equity": null,
            "current_ratio": null,
            "debt_ratio": null,
            "inventory_turnover_ratio": null,
            "account_receivable_turnover_ratio": null,
            "reinvestment_rate": null,
            "research_to_sale_ratio": null,
            "price_fair": 0,
            "eps_avg_yearly": 0,
            "eps_latest_yearly": 0,
            "eps_growth_yearly": 0
        },
        "20083": {
            "year_quarter": 20083,
            "year": 2008,
            "quarter": 3,
            "eps": null,
            "eps_growth_year": null,
            "eps_4q": null,
            "eps_4q_growth_year": null,
            "roe": null,
            "roe_4q": 0,
            "gross_profit": null,
            "gross_margin": null,
            "gross_margin_4q_avg": 0,
            "net_income": null,
            "revenue": null,
            "common_shares": null,
            "book_valuer_per_share": null,
            "book_valuer_per_share_4q_avg": 7.07,
            "equity": null,
            "current_ratio": null,
            "debt_ratio": null,
            "inventory_turnover_ratio": null,
            "account_receivable_turnover_ratio": null,
            "reinvestment_rate": null,
            "research_to_sale_ratio": null,
            "price_fair": 0,
            "eps_avg_yearly": 0,
            "eps_latest_yearly": 0,
            "eps_growth_yearly": 0
        },
        "20084": {
            "year_quarter": 20084,
            "year": 2008,
            "quarter": 4,
            "eps": null,
            "eps_growth_year": null,
            "eps_4q": null,
            "eps_4q_growth_year": null,
            "roe": null,
            "roe_4q": 0,
            "gross_profit": null,
            "gross_margin": null,
            "gross_margin_4q_avg": 0,
            "net_income": null,
            "revenue": null,
            "common_shares": 647000,
            "book_valuer_per_share": 27.31,
            "book_valuer_per_share_4q_avg": 6.83,
            "equity": 2033388,
            "current_ratio": 182.66,
            "debt_ratio": 50.46,
            "inventory_turnover_ratio": null,
            "account_receivable_turnover_ratio": null,
            "reinvestment_rate": null,
            "research_to_sale_ratio": null,
            "price_fair": 0,
            "eps_avg_yearly": 0,
            "eps_latest_yearly": 0,
            "eps_growth_yearly": 0
        },
        "20091": {
            "year_quarter": 20091,
            "year": 2009,
            "quarter": 1,
            "eps": null,
            "eps_growth_year": null,
            "eps_4q": null,
            "eps_4q_growth_year": null,
            "roe": null,
            "roe_4q": 0,
            "gross_profit": null,
            "gross_margin": null,
            "gross_margin_4q_avg": 0,
            "net_income": null,
            "revenue": null,
            "common_shares": null,
            "book_valuer_per_share": null,
            "book_valuer_per_share_4q_avg": 6.83,
            "equity": null,
            "current_ratio": null,
            "debt_ratio": null,
            "inventory_turnover_ratio": null,
            "account_receivable_turnover_ratio": null,
            "reinvestment_rate": null,
            "research_to_sale_ratio": null,
            "price_fair": 0,
            "eps_avg_yearly": 0,
            "eps_latest_yearly": 0,
            "eps_growth_yearly": 0
        },
        "20092": {
            "year_quarter": 20092,
            "year": 2009,
            "quarter": 2,
            "eps": null,
            "eps_growth_year": null,
            "eps_4q": null,
            "eps_4q_growth_year": null,
            "roe": null,
            "roe_4q": 0,
            "gross_profit": null,
            "gross_margin": null,
            "gross_margin_4q_avg": 0,
            "net_income": null,
            "revenue": null,
            "common_shares": null,
            "book_valuer_per_share": null,
            "book_valuer_per_share_4q_avg": 6.83,
            "equity": null,
            "current_ratio": null,
            "debt_ratio": null,
            "inventory_turnover_ratio": null,
            "account_receivable_turnover_ratio": null,
            "reinvestment_rate": null,
            "research_to_sale_ratio": null,
            "price_fair": 0,
            "eps_avg_yearly": 0,
            "eps_latest_yearly": 0,
            "eps_growth_yearly": 0
        },
        "20093": {
            "year_quarter": 20093,
            "year": 2009,
            "quarter": 3,
            "eps": null,
            "eps_growth_year": null,
            "eps_4q": null,
            "eps_4q_growth_year": null,
            "roe": null,
            "roe_4q": 0,
            "gross_profit": null,
            "gross_margin": null,
            "gross_margin_4q_avg": 0,
            "net_income": null,
            "revenue": null,
            "common_shares": null,
            "book_valuer_per_share": null,
            "book_valuer_per_share_4q_avg": 6.83,
            "equity": null,
            "current_ratio": null,
            "debt_ratio": null,
            "inventory_turnover_ratio": null,
            "account_receivable_turnover_ratio": null,
            "reinvestment_rate": null,
            "research_to_sale_ratio": null,
            "price_fair": 0,
            "eps_avg_yearly": 0,
            "eps_latest_yearly": 0,
            "eps_growth_yearly": 0
        },
        "20094": {
            "year_quarter": 20094,
            "year": 2009,
            "quarter": 4,
            "eps": null,
            "eps_growth_year": null,
            "eps_4q": null,
            "eps_4q_growth_year": null,
            "roe": null,
            "roe_4q": 0,
            "gross_profit": null,
            "gross_margin": null,
            "gross_margin_4q_avg": 0,
            "net_income": null,
            "revenue": null,
            "common_shares": 647000,
            "book_valuer_per_share": 35.69,
            "book_valuer_per_share_4q_avg": 8.92,
            "equity": 2438603,
            "current_ratio": 127.7,
            "debt_ratio": 44.32,
            "inventory_turnover_ratio": null,
            "account_receivable_turnover_ratio": null,
            "reinvestment_rate": null,
            "research_to_sale_ratio": null,
            "price_fair": 0,
            "eps_avg_yearly": 0,
            "eps_latest_yearly": 0,
            "eps_growth_yearly": 0
        },
        "20101": {
            "year_quarter": 20101,
            "year": 2010,
            "quarter": 1,
            "eps": null,
            "eps_growth_year": null,
            "eps_4q": null,
            "eps_4q_growth_year": null,
            "roe": null,
            "roe_4q": 0,
            "gross_profit": 484362,
            "gross_margin": null,
            "gross_margin_4q_avg": 0,
            "net_income": 222650,
            "revenue": 900389,
            "common_shares": 647000,
            "book_valuer_per_share": 37.72,
            "book_valuer_per_share_4q_avg": 18.35,
            "equity": 2551214,
            "current_ratio": 136.5,
            "debt_ratio": 43.26,
            "inventory_turnover_ratio": null,
            "account_receivable_turnover_ratio": null,
            "reinvestment_rate": null,
            "research_to_sale_ratio": null,
            "price_fair": 0,
            "eps_avg_yearly": 0,
            "eps_latest_yearly": 0,
            "eps_growth_yearly": 0
        },
        "20102": {
            "year_quarter": 20102,
            "year": 2010,
            "quarter": 2,
            "eps": null,
            "eps_growth_year": null,
            "eps_4q": null,
            "eps_4q_growth_year": null,
            "roe": null,
            "roe_4q": 0,
            "gross_profit": 719828,
            "gross_margin": null,
            "gross_margin_4q_avg": 0,
            "net_income": 319470,
            "revenue": 1322555,
            "common_shares": 1330000,
            "book_valuer_per_share": 19.6,
            "book_valuer_per_share_4q_avg": 23.25,
            "equity": 2719690,
            "current_ratio": 210.81,
            "debt_ratio": 47.7,
            "inventory_turnover_ratio": null,
            "account_receivable_turnover_ratio": null,
            "reinvestment_rate": null,
            "research_to_sale_ratio": null,
            "price_fair": 0,
            "eps_avg_yearly": 0,
            "eps_latest_yearly": 0,
            "eps_growth_yearly": 0
        },
        "20103": {
            "year_quarter": 20103,
            "year": 2010,
            "quarter": 3,
            "eps": null,
            "eps_growth_year": null,
            "eps_4q": null,
            "eps_4q_growth_year": null,
            "roe": null,
            "roe_4q": 0,
            "gross_profit": 601621,
            "gross_margin": null,
            "gross_margin_4q_avg": 0,
            "net_income": 278388,
            "revenue": 1221480,
            "common_shares": 1330000,
            "book_valuer_per_share": 21.59,
            "book_valuer_per_share_4q_avg": 28.65,
            "equity": 2988809,
            "current_ratio": 209.27,
            "debt_ratio": 44.85,
            "inventory_turnover_ratio": null,
            "account_receivable_turnover_ratio": null,
            "reinvestment_rate": null,
            "research_to_sale_ratio": null,
            "price_fair": 0,
            "eps_avg_yearly": 0,
            "eps_latest_yearly": 0,
            "eps_growth_yearly": 0
        },
        "20104": {
            "year_quarter": 20104,
            "year": 2010,
            "quarter": 4,
            "eps": null,
            "eps_growth_year": null,
            "eps_4q": null,
            "eps_4q_growth_year": null,
            "roe": null,
            "roe_4q": 0,
            "gross_profit": 469412,
            "gross_margin": null,
            "gross_margin_4q_avg": 0,
            "net_income": 229439,
            "revenue": 854669,
            "common_shares": 1500000,
            "book_valuer_per_share": 29.41,
            "book_valuer_per_share_4q_avg": 27.08,
            "equity": 4533095,
            "current_ratio": 287.02,
            "debt_ratio": 32.44,
            "inventory_turnover_ratio": null,
            "account_receivable_turnover_ratio": null,
            "reinvestment_rate": null,
            "research_to_sale_ratio": null,
            "price_fair": 0,
            "eps_avg_yearly": 0,
            "eps_latest_yearly": 0,
            "eps_growth_yearly": 0
        },
        "20111": {
            "year_quarter": 20111,
            "year": 2011,
            "quarter": 1,
            "eps": 2.22,
            "eps_growth_year": null,
            "eps_4q": 2.22,
            "eps_4q_growth_year": null,
            "roe": 7.11,
            "roe_4q": 7.11,
            "gross_profit": 681720,
            "gross_margin": 53.68,
            "gross_margin_4q_avg": 13.42,
            "net_income": 336674,
            "revenue": 1269999,
            "common_shares": 1500000,
            "book_valuer_per_share": 32.07,
            "book_valuer_per_share_4q_avg": 25.67,
            "equity": 4936729,
            "current_ratio": 372.65,
            "debt_ratio": 25.92,
            "inventory_turnover_ratio": 0.78,
            "account_receivable_turnover_ratio": 1.15,
            "reinvestment_rate": null,
            "research_to_sale_ratio": 0.83,
            "price_fair": 0,
            "eps_avg_yearly": 0,
            "eps_latest_yearly": 0,
            "eps_growth_yearly": 0
        },
        "20112": {
            "year_quarter": 20112,
            "year": 2011,
            "quarter": 2,
            "eps": 2.59,
            "eps_growth_year": null,
            "eps_4q": 4.81,
            "eps_4q_growth_year": null,
            "roe": 8.37,
            "roe_4q": 15.48,
            "gross_profit": 756848,
            "gross_margin": 51.7,
            "gross_margin_4q_avg": 26.35,
            "net_income": 399789,
            "revenue": 1463783,
            "common_shares": 1500000,
            "book_valuer_per_share": 29.9,
            "book_valuer_per_share_4q_avg": 28.24,
            "equity": 4621349,
            "current_ratio": 176.59,
            "debt_ratio": 37.03,
            "inventory_turnover_ratio": 0.86,
            "account_receivable_turnover_ratio": 1.1,
            "reinvestment_rate": null,
            "research_to_sale_ratio": 1.58,
            "price_fair": 362.6,
            "eps_avg_yearly": 10.36,
            "eps_latest_yearly": 10.36,
            "eps_growth_yearly": 66.67
        },
        "20113": {
            "year_quarter": 20113,
            "year": 2011,
            "quarter": 3,
            "eps": 2.4,
            "eps_growth_year": null,
            "eps_4q": 7.21,
            "eps_4q_growth_year": null,
            "roe": 7.47,
            "roe_4q": 22.95,
            "gross_profit": 839154,
            "gross_margin": 51.3,
            "gross_margin_4q_avg": 39.17,
            "net_income": 368647,
            "revenue": 1635923,
            "common_shares": 1500000,
            "book_valuer_per_share": 34,
            "book_valuer_per_share_4q_avg": 31.35,
            "equity": 5243895,
            "current_ratio": 168.36,
            "debt_ratio": 37.15,
            "inventory_turnover_ratio": 0.92,
            "account_receivable_turnover_ratio": 1.09,
            "reinvestment_rate": null,
            "research_to_sale_ratio": 2.76,
            "price_fair": 286.04,
            "eps_avg_yearly": 9.98,
            "eps_latest_yearly": 9.6,
            "eps_growth_yearly": 18.66
        },
        "20114": {
            "year_quarter": 20114,
            "year": 2011,
            "quarter": 4,
            "eps": 1.79,
            "eps_growth_year": null,
            "eps_4q": 9,
            "eps_4q_growth_year": null,
            "roe": 5.05,
            "roe_4q": 28,
            "gross_profit": 641697,
            "gross_margin": 50.58,
            "gross_margin_4q_avg": 51.82,
            "net_income": 271658,
            "revenue": 1268599,
            "common_shares": 1500000,
            "book_valuer_per_share": 35.78,
            "book_valuer_per_share_4q_avg": 32.94,
            "equity": 5513683,
            "current_ratio": 157.67,
            "debt_ratio": 35.6,
            "inventory_turnover_ratio": 0.66,
            "account_receivable_turnover_ratio": 0.86,
            "reinvestment_rate": null,
            "research_to_sale_ratio": 2.78,
            "price_fair": 27.12,
            "eps_avg_yearly": 9.04,
            "eps_latest_yearly": 7.16,
            "eps_growth_yearly": -21.45
        },
        "20121": {
            "year_quarter": 20121,
            "year": 2012,
            "quarter": 1,
            "eps": 1.57,
            "eps_growth_year": -29.28,
            "eps_4q": 8.35,
            "eps_4q_growth_year": 276.08,
            "roe": 4.3,
            "roe_4q": 25.189999999999998,
            "gross_profit": 661316,
            "gross_margin": 52.95,
            "gross_margin_4q_avg": 51.63,
            "net_income": 239758,
            "revenue": 1249045,
            "common_shares": 1500000,
            "book_valuer_per_share": 36.54,
            "book_valuer_per_share_4q_avg": 34.06,
            "equity": 5633495,
            "current_ratio": 138.28,
            "debt_ratio": 38.16,
            "inventory_turnover_ratio": 0.58,
            "account_receivable_turnover_ratio": 0.89,
            "reinvestment_rate": null,
            "research_to_sale_ratio": 3.3,
            "price_fair": 25.05,
            "eps_avg_yearly": 8.35,
            "eps_latest_yearly": 6.28,
            "eps_growth_yearly": -28.38
        },
        "20122": {
            "year_quarter": 20122,
            "year": 2012,
            "quarter": 2,
            "eps": 2.22,
            "eps_growth_year": -14.39,
            "eps_4q": 7.97,
            "eps_4q_growth_year": 65.65,
            "roe": 6.26,
            "roe_4q": 23.08,
            "gross_profit": 808506,
            "gross_margin": 51.37,
            "gross_margin_4q_avg": 51.55,
            "net_income": 338325,
            "revenue": 1573823,
            "common_shares": 1500000,
            "book_valuer_per_share": 33.54,
            "book_valuer_per_share_4q_avg": 34.97,
            "equity": 5174522,
            "current_ratio": 105.04,
            "debt_ratio": 46.79,
            "inventory_turnover_ratio": 0.75,
            "account_receivable_turnover_ratio": 1.02,
            "reinvestment_rate": null,
            "research_to_sale_ratio": 3.31,
            "price_fair": 172.67,
            "eps_avg_yearly": 8.46,
            "eps_latest_yearly": 8.88,
            "eps_growth_yearly": 10.42
        },
        "20123": {
            "year_quarter": 20123,
            "year": 2012,
            "quarter": 3,
            "eps": 1.92,
            "eps_growth_year": -19.71,
            "eps_4q": 7.5,
            "eps_4q_growth_year": 4.06,
            "roe": 5.47,
            "roe_4q": 21.080000000000002,
            "gross_profit": 773607,
            "gross_margin": 52.75,
            "gross_margin_4q_avg": 51.91,
            "net_income": 290419,
            "revenue": 1466495,
            "common_shares": 1500000,
            "book_valuer_per_share": 35.27,
            "book_valuer_per_share_4q_avg": 35.28,
            "equity": 5436325,
            "current_ratio": 102.77,
            "debt_ratio": 45.88,
            "inventory_turnover_ratio": 0.69,
            "account_receivable_turnover_ratio": 0.88,
            "reinvestment_rate": null,
            "research_to_sale_ratio": 3.07,
            "price_fair": 24.98,
            "eps_avg_yearly": 8.33,
            "eps_latest_yearly": 7.68,
            "eps_growth_yearly": -0.33
        },
        "20124": {
            "year_quarter": 20124,
            "year": 2012,
            "quarter": 4,
            "eps": 1.65,
            "eps_growth_year": -7.93,
            "eps_4q": 7.36,
            "eps_4q_growth_year": -18.24,
            "roe": 4.48,
            "roe_4q": 20.51,
            "gross_profit": 724436,
            "gross_margin": 52.55,
            "gross_margin_4q_avg": 52.41,
            "net_income": 249289,
            "revenue": 1378624,
            "common_shares": 1500000,
            "book_valuer_per_share": 36.89,
            "book_valuer_per_share_4q_avg": 35.56,
            "equity": 5681098,
            "current_ratio": 96.92,
            "debt_ratio": 44.04,
            "inventory_turnover_ratio": 0.63,
            "account_receivable_turnover_ratio": 0.85,
            "reinvestment_rate": null,
            "research_to_sale_ratio": 2.91,
            "price_fair": 24.24,
            "eps_avg_yearly": 8.08,
            "eps_latest_yearly": 6.6,
            "eps_growth_yearly": -8.31
        },
        "20131": {
            "year_quarter": 20131,
            "year": 2013,
            "quarter": 1,
            "eps": 1.75,
            "eps_growth_year": 11.46,
            "eps_4q": 7.54,
            "eps_4q_growth_year": -9.62,
            "roe": 4.48,
            "roe_4q": 20.689999999999998,
            "gross_profit": 775919,
            "gross_margin": 53.61,
            "gross_margin_4q_avg": 52.57,
            "net_income": 263342,
            "revenue": 1447209,
            "common_shares": 1500000,
            "book_valuer_per_share": 39.57,
            "book_valuer_per_share_4q_avg": 36.32,
            "equity": 6066610,
            "current_ratio": 98.56,
            "debt_ratio": 44.2,
            "inventory_turnover_ratio": 0.6,
            "account_receivable_turnover_ratio": 0.87,
            "reinvestment_rate": null,
            "research_to_sale_ratio": 3.14,
            "price_fair": 23.84,
            "eps_avg_yearly": 7.95,
            "eps_latest_yearly": 7,
            "eps_growth_yearly": -4.25
        },
        "20132": {
            "year_quarter": 20132,
            "year": 2013,
            "quarter": 2,
            "eps": 3.37,
            "eps_growth_year": 51.76,
            "eps_4q": 8.35,
            "eps_4q_growth_year": 4.69,
            "roe": 8.92,
            "roe_4q": 23.35,
            "gross_profit": 1132961,
            "gross_margin": 55.27,
            "gross_margin_4q_avg": 53.55,
            "net_income": 543371,
            "revenue": 2049893,
            "common_shares": 1605000,
            "book_valuer_per_share": 37.27,
            "book_valuer_per_share_4q_avg": 37.25,
            "equity": 6113967,
            "current_ratio": 96.18,
            "debt_ratio": 50.67,
            "inventory_turnover_ratio": 0.76,
            "account_receivable_turnover_ratio": 1,
            "reinvestment_rate": null,
            "research_to_sale_ratio": 2.39,
            "price_fair": 299.6,
            "eps_avg_yearly": 8.56,
            "eps_latest_yearly": 13.48,
            "eps_growth_yearly": 37.37
        },
        "20133": {
            "year_quarter": 20133,
            "year": 2013,
            "quarter": 3,
            "eps": 3.05,
            "eps_growth_year": 58.57,
            "eps_4q": 9.6,
            "eps_4q_growth_year": 27.94,
            "roe": 7.77,
            "roe_4q": 25.65,
            "gross_profit": 1125952,
            "gross_margin": 55.78,
            "gross_margin_4q_avg": 54.3,
            "net_income": 491650,
            "revenue": 2018709,
            "common_shares": 1605000,
            "book_valuer_per_share": 39.9,
            "book_valuer_per_share_4q_avg": 38.41,
            "equity": 6539645,
            "current_ratio": 96.77,
            "debt_ratio": 51.67,
            "inventory_turnover_ratio": 0.68,
            "account_receivable_turnover_ratio": 0.87,
            "reinvestment_rate": null,
            "research_to_sale_ratio": 2.59,
            "price_fair": 312.34,
            "eps_avg_yearly": 8.92,
            "eps_latest_yearly": 12.2,
            "eps_growth_yearly": 29.83
        },
        "20134": {
            "year_quarter": 20134,
            "year": 2013,
            "quarter": 4,
            "eps": 2.45,
            "eps_growth_year": 48.33,
            "eps_4q": 10.03,
            "eps_4q_growth_year": 36.29,
            "roe": 5.48,
            "roe_4q": 26.650000000000002,
            "gross_profit": 1001326,
            "gross_margin": 56.11,
            "gross_margin_4q_avg": 55.19,
            "net_income": 427088,
            "revenue": 1784480,
            "common_shares": 1705000,
            "book_valuer_per_share": 52.2,
            "book_valuer_per_share_4q_avg": 42.24,
            "equity": 9043585,
            "current_ratio": 132.11,
            "debt_ratio": 37.7,
            "inventory_turnover_ratio": 0.54,
            "account_receivable_turnover_ratio": 0.79,
            "reinvestment_rate": 112.26,
            "research_to_sale_ratio": 3.02,
            "price_fair": 269.82,
            "eps_avg_yearly": 9,
            "eps_latest_yearly": 9.8,
            "eps_growth_yearly": 19.97
        },
        "20141": {
            "year_quarter": 20141,
            "year": 2014,
            "quarter": 1,
            "eps": 2.24,
            "eps_growth_year": 28,
            "eps_4q": 10.73,
            "eps_4q_growth_year": 42.21,
            "roe": 4.18,
            "roe_4q": 26.35,
            "gross_profit": 1031227,
            "gross_margin": 56.3,
            "gross_margin_4q_avg": 55.87,
            "net_income": 385798,
            "revenue": 1831620,
            "common_shares": 1705000,
            "book_valuer_per_share": 54.27,
            "book_valuer_per_share_4q_avg": 45.91,
            "equity": 9402136,
            "current_ratio": 122.23,
            "debt_ratio": 38.99,
            "inventory_turnover_ratio": 0.49,
            "account_receivable_turnover_ratio": 0.78,
            "reinvestment_rate": 122.86,
            "research_to_sale_ratio": 3.1,
            "price_fair": 229.03,
            "eps_avg_yearly": 9,
            "eps_latest_yearly": 8.96,
            "eps_growth_yearly": 15.45
        },
        "20142": {
            "year_quarter": 20142,
            "year": 2014,
            "quarter": 2,
            "eps": 3.61,
            "eps_growth_year": 7.12,
            "eps_4q": 11.16,
            "eps_4q_growth_year": 33.69,
            "roe": 6.82,
            "roe_4q": 24.25,
            "gross_profit": 1334739,
            "gross_margin": 56.33,
            "gross_margin_4q_avg": 56.13,
            "net_income": 621165,
            "revenue": 2369569,
            "common_shares": 1705000,
            "book_valuer_per_share": 50.89,
            "book_valuer_per_share_4q_avg": 49.32,
            "equity": 8820282,
            "current_ratio": 107.28,
            "debt_ratio": 48.16,
            "inventory_turnover_ratio": 0.62,
            "account_receivable_turnover_ratio": 0.89,
            "reinvestment_rate": 130.11,
            "research_to_sale_ratio": 2.82,
            "price_fair": 329.65,
            "eps_avg_yearly": 9.42,
            "eps_latest_yearly": 14.44,
            "eps_growth_yearly": 33.08
        },
        "20143": {
            "year_quarter": 20143,
            "year": 2014,
            "quarter": 3,
            "eps": 2.22,
            "eps_growth_year": -27.21,
            "eps_4q": 10.51,
            "eps_4q_growth_year": 9.49,
            "roe": 4.17,
            "roe_4q": 20.65,
            "gross_profit": 1137772,
            "gross_margin": 53.32,
            "gross_margin_4q_avg": 55.52,
            "net_income": 379396,
            "revenue": 2133792,
            "common_shares": 1705000,
            "book_valuer_per_share": 54.22,
            "book_valuer_per_share_4q_avg": 52.9,
            "equity": 9389276,
            "current_ratio": 109.58,
            "debt_ratio": 47.69,
            "inventory_turnover_ratio": 0.58,
            "account_receivable_turnover_ratio": 0.75,
            "reinvestment_rate": 131.82,
            "research_to_sale_ratio": 3.89,
            "price_fair": 278.72,
            "eps_avg_yearly": 9.38,
            "eps_latest_yearly": 8.88,
            "eps_growth_yearly": 19.71
        },
        "20144": {
            "year_quarter": 20144,
            "year": 2014,
            "quarter": 4,
            "eps": 2.32,
            "eps_growth_year": -5.03,
            "eps_4q": 10.39,
            "eps_4q_growth_year": 3.54,
            "roe": 4.11,
            "roe_4q": 19.28,
            "gross_profit": 1099439,
            "gross_margin": 53.79,
            "gross_margin_4q_avg": 54.94,
            "net_income": 399753,
            "revenue": 2043980,
            "common_shares": 1705000,
            "book_valuer_per_share": 58.1,
            "book_valuer_per_share_4q_avg": 54.37,
            "equity": 10057813,
            "current_ratio": 111.92,
            "debt_ratio": 46.89,
            "inventory_turnover_ratio": 0.53,
            "account_receivable_turnover_ratio": 0.73,
            "reinvestment_rate": 132.44,
            "research_to_sale_ratio": 3.88,
            "price_fair": 277.46,
            "eps_avg_yearly": 9.37,
            "eps_latest_yearly": 9.28,
            "eps_growth_yearly": 19.6
        },
        "20151": {
            "year_quarter": 20151,
            "year": 2015,
            "quarter": 1,
            "eps": 1.45,
            "eps_growth_year": -35.27,
            "eps_4q": 9.6,
            "eps_4q_growth_year": -10.55,
            "roe": 2.46,
            "roe_4q": 17.560000000000002,
            "gross_profit": 1001316,
            "gross_margin": 53.63,
            "gross_margin_4q_avg": 54.27,
            "net_income": 249383,
            "revenue": 1867192,
            "common_shares": 1705000,
            "book_valuer_per_share": 58.97,
            "book_valuer_per_share_4q_avg": 55.55,
            "equity": 10208630,
            "current_ratio": 114.72,
            "debt_ratio": 48.1,
            "inventory_turnover_ratio": 0.45,
            "account_receivable_turnover_ratio": 0.69,
            "reinvestment_rate": 135.97,
            "research_to_sale_ratio": 4.09,
            "price_fair": 173.86,
            "eps_avg_yearly": 9.15,
            "eps_latest_yearly": 5.8,
            "eps_growth_yearly": 9
        },
        "20152": {
            "year_quarter": 20152,
            "year": 2015,
            "quarter": 2,
            "eps": 3.1,
            "eps_growth_year": -14.13,
            "eps_4q": 8.8,
            "eps_4q_growth_year": -21.11,
            "roe": 5.57,
            "roe_4q": 16.310000000000002,
            "gross_profit": 1269427,
            "gross_margin": 52.01,
            "gross_margin_4q_avg": 53.19,
            "net_income": 558267,
            "revenue": 2440755,
            "common_shares": 1790250,
            "book_valuer_per_share": 53.97,
            "book_valuer_per_share_4q_avg": 56.32,
            "equity": 9819751,
            "current_ratio": 103.27,
            "debt_ratio": 51.93,
            "inventory_turnover_ratio": 0.6,
            "account_receivable_turnover_ratio": 0.86,
            "reinvestment_rate": 134.79,
            "research_to_sale_ratio": 2.88,
            "price_fair": 324.71,
            "eps_avg_yearly": 9.28,
            "eps_latest_yearly": 12.4,
            "eps_growth_yearly": 33.28
        },
        "20153": {
            "year_quarter": 20153,
            "year": 2015,
            "quarter": 3,
            "eps": 1.45,
            "eps_growth_year": -34.68,
            "eps_4q": 8.14,
            "eps_4q_growth_year": -22.53,
            "roe": 2.56,
            "roe_4q": 14.7,
            "gross_profit": 1176608,
            "gross_margin": 50.61,
            "gross_margin_4q_avg": 52.51,
            "net_income": 258843,
            "revenue": 2324960,
            "common_shares": 1790250,
            "book_valuer_per_share": 57.39,
            "book_valuer_per_share_4q_avg": 57.11,
            "equity": 10421068,
            "current_ratio": 105.7,
            "debt_ratio": 51.28,
            "inventory_turnover_ratio": 0.6,
            "account_receivable_turnover_ratio": 0.75,
            "reinvestment_rate": 140.94,
            "research_to_sale_ratio": 3.29,
            "price_fair": 287.56,
            "eps_avg_yearly": 9.04,
            "eps_latest_yearly": 5.8,
            "eps_growth_yearly": 21.81
        },
        "20154": {
            "year_quarter": 20154,
            "year": 2015,
            "quarter": 4,
            "eps": 1.71,
            "eps_growth_year": -26.39,
            "eps_4q": 7.64,
            "eps_4q_growth_year": -26.45,
            "roe": 2.96,
            "roe_4q": 13.55,
            "gross_profit": 1089997,
            "gross_margin": 50.36,
            "gross_margin_4q_avg": 51.65,
            "net_income": 308593,
            "revenue": 2164262,
            "common_shares": 1790250,
            "book_valuer_per_share": 57.3,
            "book_valuer_per_share_4q_avg": 56.91,
            "equity": 10408852,
            "current_ratio": 103.97,
            "debt_ratio": 51.49,
            "inventory_turnover_ratio": 0.55,
            "account_receivable_turnover_ratio": 0.69,
            "reinvestment_rate": 132.89,
            "research_to_sale_ratio": 3.1,
            "price_fair": 315.7,
            "eps_avg_yearly": 9.02,
            "eps_latest_yearly": 6.84,
            "eps_growth_yearly": 32.65
        },
        "20161": {
            "year_quarter": 20161,
            "year": 2016,
            "quarter": 1,
            "eps": 2.45,
            "eps_growth_year": 68.97,
            "eps_4q": 8.71,
            "eps_4q_growth_year": -9.19,
            "roe": 4.15,
            "roe_4q": 15.24,
            "gross_profit": 1135840,
            "gross_margin": 50.04,
            "gross_margin_4q_avg": 50.76,
            "net_income": 440194,
            "revenue": 2270012,
            "common_shares": 1790250,
            "book_valuer_per_share": 59.49,
            "book_valuer_per_share_4q_avg": 57.04,
            "equity": 10801782,
            "current_ratio": 108.11,
            "debt_ratio": 50.83,
            "inventory_turnover_ratio": 0.58,
            "account_receivable_turnover_ratio": 0.73,
            "reinvestment_rate": 123.29,
            "research_to_sale_ratio": 3.24,
            "price_fair": 323.4,
            "eps_avg_yearly": 9.24,
            "eps_latest_yearly": 9.8,
            "eps_growth_yearly": 46.54
        },
        "20162": {
            "year_quarter": 20162,
            "year": 2016,
            "quarter": 2,
            "eps": 3.38,
            "eps_growth_year": 9.03,
            "eps_4q": 8.99,
            "eps_4q_growth_year": 2.09,
            "roe": 5.72,
            "roe_4q": 15.390000000000002,
            "gross_profit": 1495771,
            "gross_margin": 51.12,
            "gross_margin_4q_avg": 50.53,
            "net_income": 605240,
            "revenue": 2926008,
            "common_shares": 1790250,
            "book_valuer_per_share": 57.25,
            "book_valuer_per_share_4q_avg": 57.86,
            "equity": 10344411,
            "current_ratio": 100.26,
            "debt_ratio": 54.56,
            "inventory_turnover_ratio": 0.74,
            "account_receivable_turnover_ratio": 0.85,
            "reinvestment_rate": 110.87,
            "research_to_sale_ratio": 2.91,
            "price_fair": 333.55,
            "eps_avg_yearly": 9.53,
            "eps_latest_yearly": 13.52,
            "eps_growth_yearly": 45.68
        },
        "20163": {
            "year_quarter": 20163,
            "year": 2016,
            "quarter": 3,
            "eps": 3.04,
            "eps_growth_year": 109.66,
            "eps_4q": 10.58,
            "eps_4q_growth_year": 29.95,
            "roe": 6.21,
            "roe_4q": 19.04,
            "gross_profit": 1432363,
            "gross_margin": 51.65,
            "gross_margin_4q_avg": 50.79,
            "net_income": 650033,
            "revenue": 2772966,
            "common_shares": 1790250,
            "book_valuer_per_share": 58.49,
            "book_valuer_per_share_4q_avg": 58.13,
            "equity": 10581041,
            "current_ratio": 107.03,
            "debt_ratio": 52.6,
            "inventory_turnover_ratio": 0.69,
            "account_receivable_turnover_ratio": 0.74,
            "reinvestment_rate": 93.89,
            "research_to_sale_ratio": 3.2,
            "price_fair": 343.35,
            "eps_avg_yearly": 9.81,
            "eps_latest_yearly": 12.16,
            "eps_growth_yearly": 46.54
        },
        "20164": {
            "year_quarter": 20164,
            "year": 2016,
            "quarter": 4,
            "eps": 1.85,
            "eps_growth_year": 8.04,
            "eps_4q": 10.72,
            "eps_4q_growth_year": 40.3,
            "roe": 3.12,
            "roe_4q": 19.200000000000003,
            "gross_profit": 1371298,
            "gross_margin": 51.7,
            "gross_margin_4q_avg": 51.13,
            "net_income": 332583,
            "revenue": 2652632,
            "common_shares": 1790250,
            "book_valuer_per_share": 59.43,
            "book_valuer_per_share_4q_avg": 58.67,
            "equity": 10752197,
            "current_ratio": 100.35,
            "debt_ratio": 53.18,
            "inventory_turnover_ratio": 0.62,
            "account_receivable_turnover_ratio": 0.7,
            "reinvestment_rate": 87.34,
            "research_to_sale_ratio": 3.26,
            "price_fair": 345.1,
            "eps_avg_yearly": 9.86,
            "eps_latest_yearly": 7.4,
            "eps_growth_yearly": 40.27
        },
        "20171": {
            "year_quarter": 20171,
            "year": 2017,
            "quarter": 1,
            "eps": 3.5,
            "eps_growth_year": 42.86,
            "eps_4q": 11.76,
            "eps_4q_growth_year": 34.97,
            "roe": 5.79,
            "roe_4q": 20.84,
            "gross_profit": 1458240,
            "gross_margin": 51.84,
            "gross_margin_4q_avg": 51.58,
            "net_income": 626427,
            "revenue": 2812756,
            "common_shares": 1790250,
            "book_valuer_per_share": 60.26,
            "book_valuer_per_share_4q_avg": 58.86,
            "equity": 10900545,
            "current_ratio": 98.77,
            "debt_ratio": 53.45,
            "inventory_turnover_ratio": 0.61,
            "account_receivable_turnover_ratio": 0.73,
            "reinvestment_rate": 81.08,
            "research_to_sale_ratio": 3.12,
            "price_fair": 360.41,
            "eps_avg_yearly": 10.3,
            "eps_latest_yearly": 14,
            "eps_growth_yearly": 61.05
        },
        "20172": {
            "year_quarter": 20172,
            "year": 2017,
            "quarter": 2,
            "eps": 5.51,
            "eps_growth_year": 63.02,
            "eps_4q": 13.89,
            "eps_4q_growth_year": 54.55,
            "roe": 9,
            "roe_4q": 24.12,
            "gross_profit": 1936569,
            "gross_margin": 53.84,
            "gross_margin_4q_avg": 52.26,
            "net_income": 985681,
            "revenue": 3596674,
            "common_shares": 1790250,
            "book_valuer_per_share": 61.43,
            "book_valuer_per_share_4q_avg": 59.9,
            "equity": 11008442,
            "current_ratio": 87.85,
            "debt_ratio": 56.45,
            "inventory_turnover_ratio": 0.63,
            "account_receivable_turnover_ratio": 0.81,
            "reinvestment_rate": 83.99,
            "research_to_sale_ratio": 2.83,
            "price_fair": 379.14,
            "eps_avg_yearly": 10.83,
            "eps_latest_yearly": 22.04,
            "eps_growth_yearly": 52.27
        },
        "20173": {
            "year_quarter": 20173,
            "year": 2017,
            "quarter": 3,
            "eps": 4.87,
            "eps_growth_year": 60.2,
            "eps_4q": 15.02,
            "eps_4q_growth_year": 41.95,
            "roe": 6.85,
            "roe_4q": 24.76,
            "gross_profit": 1964565,
            "gross_margin": 50.92,
            "gross_margin_4q_avg": 52.08,
            "net_income": 895746,
            "revenue": 3858200,
            "common_shares": 1890250,
            "book_valuer_per_share": 79.99,
            "book_valuer_per_share_4q_avg": 65.28,
            "equity": 15129350,
            "current_ratio": 115.87,
            "debt_ratio": 42.49,
            "inventory_turnover_ratio": 0.59,
            "account_receivable_turnover_ratio": 0.74,
            "reinvestment_rate": 78.1,
            "research_to_sale_ratio": 2.6,
            "price_fair": 395.06,
            "eps_avg_yearly": 11.29,
            "eps_latest_yearly": 19.48,
            "eps_growth_yearly": 51.74
        },
        "20174": {
            "year_quarter": 20174,
            "year": 2017,
            "quarter": 4,
            "eps": 4.19,
            "eps_growth_year": 126.76,
            "eps_4q": 17.46,
            "eps_4q_growth_year": 62.9,
            "roe": 5.09,
            "roe_4q": 26.729999999999997,
            "gross_profit": 1767798,
            "gross_margin": 51.24,
            "gross_margin_4q_avg": 51.96,
            "net_income": 791927,
            "revenue": 3450275,
            "common_shares": 1890250,
            "book_valuer_per_share": 84.39,
            "book_valuer_per_share_4q_avg": 71.52,
            "equity": 15962017,
            "current_ratio": 108.27,
            "debt_ratio": 44.78,
            "inventory_turnover_ratio": 0.45,
            "account_receivable_turnover_ratio": 0.63,
            "reinvestment_rate": 76.59,
            "research_to_sale_ratio": 2.62,
            "price_fair": 410.29,
            "eps_avg_yearly": 11.72,
            "eps_latest_yearly": 16.76,
            "eps_growth_yearly": 53.16
        },
        "20181": {
            "year_quarter": 20181,
            "year": 2018,
            "quarter": 1,
            "eps": 4.65,
            "eps_growth_year": 32.86,
            "eps_4q": 18.79,
            "eps_4q_growth_year": 59.79,
            "roe": 5.31,
            "roe_4q": 26.25,
            "gross_profit": 1807846,
            "gross_margin": 50.08,
            "gross_margin_4q_avg": 51.52,
            "net_income": 878554,
            "revenue": 3609864,
            "common_shares": 1890250,
            "book_valuer_per_share": 90.41,
            "book_valuer_per_share_4q_avg": 79.06,
            "equity": 17099799,
            "current_ratio": 115.93,
            "debt_ratio": 45,
            "inventory_turnover_ratio": 0.43,
            "account_receivable_turnover_ratio": 0.67,
            "reinvestment_rate": 78.8,
            "research_to_sale_ratio": 2.72,
            "price_fair": 431.38,
            "eps_avg_yearly": 12.33,
            "eps_latest_yearly": 18.6,
            "eps_growth_yearly": 58.05
        },
        "20182": {
            "year_quarter": 20182,
            "year": 2018,
            "quarter": 2,
            "eps": 4.36,
            "eps_growth_year": -20.87,
            "eps_4q": 17.94,
            "eps_4q_growth_year": 29.11,
            "roe": 4.92,
            "roe_4q": 22.17,
            "gross_profit": 2273061,
            "gross_margin": 49.84,
            "gross_margin_4q_avg": 50.52,
            "net_income": 823467,
            "revenue": 4560944,
            "common_shares": 1890250,
            "book_valuer_per_share": 86.4,
            "book_valuer_per_share_4q_avg": 85.3,
            "equity": 16340936,
            "current_ratio": 101.28,
            "debt_ratio": 50.42,
            "inventory_turnover_ratio": 0.53,
            "account_receivable_turnover_ratio": 0.8,
            "reinvestment_rate": 78.58,
            "research_to_sale_ratio": 2.45,
            "price_fair": 437.94,
            "eps_avg_yearly": 12.51,
            "eps_latest_yearly": 17.44,
            "eps_growth_yearly": 41.2
        },
        "20183": {
            "year_quarter": 20183,
            "year": 2018,
            "quarter": 3,
            "eps": 2.41,
            "eps_growth_year": -50.51,
            "eps_4q": 15.61,
            "eps_4q_growth_year": 3.94,
            "roe": 2.8,
            "roe_4q": 18.119999999999997,
            "gross_profit": 1789076,
            "gross_margin": 46.49,
            "gross_margin_4q_avg": 49.41,
            "net_income": 456433,
            "revenue": 3848124,
            "common_shares": 1890250,
            "book_valuer_per_share": 86.13,
            "book_valuer_per_share_4q_avg": 86.83,
            "equity": 16290490,
            "current_ratio": 99.26,
            "debt_ratio": 52.01,
            "inventory_turnover_ratio": 0.5,
            "account_receivable_turnover_ratio": 0.66,
            "reinvestment_rate": 78.9,
            "research_to_sale_ratio": 3.08,
            "price_fair": 439.6,
            "eps_avg_yearly": 12.56,
            "eps_latest_yearly": 9.64,
            "eps_growth_yearly": 39.65
        },
        "20184": {
            "year_quarter": 20184,
            "year": 2018,
            "quarter": 4,
            "eps": 3.6,
            "eps_growth_year": -14.05,
            "eps_4q": 15.02,
            "eps_4q_growth_year": -13.96,
            "roe": 4.08,
            "roe_4q": 17.11,
            "gross_profit": 1663101,
            "gross_margin": 46.43,
            "gross_margin_4q_avg": 48.21,
            "net_income": 680753,
            "revenue": 3581811,
            "common_shares": 1890250,
            "book_valuer_per_share": 90.46,
            "book_valuer_per_share_4q_avg": 88.35,
            "equity": 17108999,
            "current_ratio": 100.51,
            "debt_ratio": 51.18,
            "inventory_turnover_ratio": 0.47,
            "account_receivable_turnover_ratio": 0.68,
            "reinvestment_rate": 83.35,
            "research_to_sale_ratio": 3.49,
            "price_fair": 450.8,
            "eps_avg_yearly": 12.88,
            "eps_latest_yearly": 14.4,
            "eps_growth_yearly": 50.87
        },
        "20191": {
            "year_quarter": 20191,
            "year": 2019,
            "quarter": 1,
            "eps": 3.63,
            "eps_growth_year": -21.94,
            "eps_4q": 14,
            "eps_4q_growth_year": -25.49,
            "roe": 3.89,
            "roe_4q": 15.69,
            "gross_profit": 1547640,
            "gross_margin": 45.81,
            "gross_margin_4q_avg": 47.14,
            "net_income": 686097,
            "revenue": 3378513,
            "common_shares": 1890250,
            "book_valuer_per_share": 96.22,
            "book_valuer_per_share_4q_avg": 89.8,
            "equity": 18197176,
            "current_ratio": 103.9,
            "debt_ratio": 51.05,
            "inventory_turnover_ratio": 0.45,
            "account_receivable_turnover_ratio": 0.68,
            "reinvestment_rate": 83.4,
            "research_to_sale_ratio": 3.44,
            "price_fair": 469.88,
            "eps_avg_yearly": 13.43,
            "eps_latest_yearly": 14.52,
            "eps_growth_yearly": 60.45
        },
        "20192": {
            "year_quarter": 20192,
            "year": 2019,
            "quarter": 2,
            "eps": 4.09,
            "eps_growth_year": -6.19,
            "eps_4q": 13.74,
            "eps_4q_growth_year": -23.42,
            "roe": 4.3,
            "roe_4q": 15.07,
            "gross_profit": 2088457,
            "gross_margin": 47.43,
            "gross_margin_4q_avg": 46.54,
            "net_income": 772925,
            "revenue": 4403161,
            "common_shares": 1890250,
            "book_valuer_per_share": 93.87,
            "book_valuer_per_share_4q_avg": 91.67,
            "equity": 17754224,
            "current_ratio": 97.78,
            "debt_ratio": 54.3,
            "inventory_turnover_ratio": 0.59,
            "account_receivable_turnover_ratio": 0.85,
            "reinvestment_rate": 82.88,
            "research_to_sale_ratio": 2.9,
            "price_fair": 478.54,
            "eps_avg_yearly": 13.67,
            "eps_latest_yearly": 16.36,
            "eps_growth_yearly": 35.17
        },
        "20193": {
            "year_quarter": 20193,
            "year": 2019,
            "quarter": 3,
            "eps": 2.32,
            "eps_growth_year": -3.73,
            "eps_4q": 13.64,
            "eps_4q_growth_year": -12.64,
            "roe": 2.48,
            "roe_4q": 14.75,
            "gross_profit": 1845107,
            "gross_margin": 45.88,
            "gross_margin_4q_avg": 46.39,
            "net_income": 437638,
            "revenue": 4021657,
            "common_shares": 1890250,
            "book_valuer_per_share": 92.61,
            "book_valuer_per_share_4q_avg": 93.29,
            "equity": 17515796,
            "current_ratio": 99.97,
            "debt_ratio": 55.23,
            "inventory_turnover_ratio": 0.61,
            "account_receivable_turnover_ratio": 0.78,
            "reinvestment_rate": 76.86,
            "research_to_sale_ratio": 3.17,
            "price_fair": 486.15,
            "eps_avg_yearly": 13.89,
            "eps_latest_yearly": 9.28,
            "eps_growth_yearly": 37.66
        },
        "20194": {
            "year_quarter": 20194,
            "year": 2019,
            "quarter": 4,
            "eps": 4.39,
            "eps_growth_year": 21.83,
            "eps_4q": 14.42,
            "eps_4q_growth_year": -3.98,
            "roe": 4.65,
            "roe_4q": 15.32,
            "gross_profit": 1944511,
            "gross_margin": 47.51,
            "gross_margin_4q_avg": 46.66,
            "net_income": 829391,
            "revenue": 4092986,
            "common_shares": 1890250,
            "book_valuer_per_share": 96.18,
            "book_valuer_per_share_4q_avg": 94.72,
            "equity": 18190104,
            "current_ratio": 101.86,
            "debt_ratio": 54.47,
            "inventory_turnover_ratio": 0.66,
            "account_receivable_turnover_ratio": 0.84,
            "reinvestment_rate": 74.81,
            "research_to_sale_ratio": 3.49,
            "price_fair": 509.6,
            "eps_avg_yearly": 14.56,
            "eps_latest_yearly": 17.56,
            "eps_growth_yearly": 55.48
        },
        "20201": {
            "year_quarter": 20201,
            "year": 2020,
            "quarter": 1,
            "eps": 2.14,
            "eps_growth_year": -41.05,
            "eps_4q": 12.93,
            "eps_4q_growth_year": -7.64,
            "roe": 2.21,
            "roe_4q": 13.64,
            "gross_profit": 1373358,
            "gross_margin": 43.5,
            "gross_margin_4q_avg": 46.08,
            "net_income": 404370,
            "revenue": 3157142,
            "common_shares": 1890250,
            "book_valuer_per_share": 97.14,
            "book_valuer_per_share_4q_avg": 94.95,
            "equity": 18371638,
            "current_ratio": 102.1,
            "debt_ratio": 54.18,
            "inventory_turnover_ratio": 0.58,
            "account_receivable_turnover_ratio": 0.67,
            "reinvestment_rate": 78.73,
            "research_to_sale_ratio": 2.78,
            "price_fair": 506.89,
            "eps_avg_yearly": 14.48,
            "eps_latest_yearly": 8.56,
            "eps_growth_yearly": 31.85
        },
        "20202": {
            "year_quarter": 20202,
            "year": 2020,
            "quarter": 2,
            "eps": 6.97,
            "eps_growth_year": 70.42,
            "eps_4q": 15.81,
            "eps_4q_growth_year": 15.11,
            "roe": 7.14,
            "roe_4q": 16.48,
            "gross_profit": 2715500,
            "gross_margin": 50.89,
            "gross_margin_4q_avg": 46.95,
            "net_income": 1316779,
            "revenue": 5335621,
            "common_shares": 1890250,
            "book_valuer_per_share": 97.98,
            "book_valuer_per_share_4q_avg": 95.98,
            "equity": 18529201,
            "current_ratio": 103.28,
            "debt_ratio": 54.67,
            "inventory_turnover_ratio": 0.84,
            "account_receivable_turnover_ratio": 1.04,
            "reinvestment_rate": 74.01,
            "research_to_sale_ratio": 2.21,
            "price_fair": 538.3,
            "eps_avg_yearly": 15.38,
            "eps_latest_yearly": 27.88,
            "eps_growth_yearly": 78.78
        },
        "20203": {
            "year_quarter": 20203,
            "year": 2020,
            "quarter": 3,
            "eps": 8.16,
            "eps_growth_year": 251.72,
            "eps_4q": 21.65,
            "eps_4q_growth_year": 58.78,
            "roe": 7.92,
            "roe_4q": 21.92,
            "gross_profit": 2653049,
            "gross_margin": 50.82,
            "gross_margin_4q_avg": 48.18,
            "net_income": 1541254,
            "revenue": 5220227,
            "common_shares": 1890250,
            "book_valuer_per_share": 107.88,
            "book_valuer_per_share_4q_avg": 99.8,
            "equity": 20399622,
            "current_ratio": 107.26,
            "debt_ratio": 48.39,
            "inventory_turnover_ratio": 0.79,
            "account_receivable_turnover_ratio": 0.84,
            "reinvestment_rate": 76.67,
            "research_to_sale_ratio": 2.58,
            "price_fair": 583.1,
            "eps_avg_yearly": 16.66,
            "eps_latest_yearly": 32.64,
            "eps_growth_yearly": 85.57
        },
        "20204": {
            "year_quarter": 20204,
            "year": 2020,
            "quarter": 4,
            "eps": 8.37,
            "eps_growth_year": 90.7,
            "eps_4q": 25.63,
            "eps_4q_growth_year": 77.72,
            "roe": 7.38,
            "roe_4q": 24.650000000000002,
            "gross_profit": 2711226,
            "gross_margin": 50.3,
            "gross_margin_4q_avg": 48.88,
            "net_income": 1581800,
            "revenue": 5390011,
            "common_shares": 1890250,
            "book_valuer_per_share": 118.94,
            "book_valuer_per_share_4q_avg": 105.49,
            "equity": 22491128,
            "current_ratio": 112.96,
            "debt_ratio": 45.71,
            "inventory_turnover_ratio": 0.77,
            "account_receivable_turnover_ratio": 0.79,
            "reinvestment_rate": 75.69,
            "research_to_sale_ratio": 2.54,
            "price_fair": 640.15,
            "eps_avg_yearly": 18.29,
            "eps_latest_yearly": 33.48,
            "eps_growth_yearly": 96
        },
        "20211": {
            "year_quarter": 20211,
            "year": 2021,
            "quarter": 1,
            "eps": 7.66,
            "eps_growth_year": 257.94,
            "eps_4q": 31.15,
            "eps_4q_growth_year": 140.85,
            "roe": 6.5,
            "roe_4q": 28.939999999999998,
            "gross_profit": 2876323,
            "gross_margin": 48.47,
            "gross_margin_4q_avg": 50.12,
            "net_income": 1447154,
            "revenue": 5933876,
            "common_shares": 1890250,
            "book_valuer_per_share": 116.55,
            "book_valuer_per_share_4q_avg": 110.34,
            "equity": 22039812,
            "current_ratio": 104.51,
            "debt_ratio": 48.31,
            "inventory_turnover_ratio": 0.84,
            "account_receivable_turnover_ratio": 0.81,
            "reinvestment_rate": 70.67,
            "research_to_sale_ratio": 2.38,
            "price_fair": 676.55,
            "eps_avg_yearly": 19.33,
            "eps_latest_yearly": 30.64,
            "eps_growth_yearly": 71.58
        },
        "20212": {
            "year_quarter": 20212,
            "year": 2021,
            "quarter": 2,
            "eps": 9.46,
            "eps_growth_year": 35.72,
            "eps_4q": 33.64,
            "eps_4q_growth_year": 112.78,
            "roe": 7.83,
            "roe_4q": 29.630000000000003,
            "gross_profit": 3455749,
            "gross_margin": 49.12,
            "gross_margin_4q_avg": 49.68,
            "net_income": 1787949,
            "revenue": 7035048,
            "common_shares": 1890250,
            "book_valuer_per_share": 125.08,
            "book_valuer_per_share_4q_avg": 117.11,
            "equity": 23651120,
            "current_ratio": 109.08,
            "debt_ratio": 46.11,
            "inventory_turnover_ratio": 0.95,
            "account_receivable_turnover_ratio": 0.85,
            "reinvestment_rate": 65.91,
            "research_to_sale_ratio": 2.11,
            "price_fair": 711.11,
            "eps_avg_yearly": 20.32,
            "eps_latest_yearly": 37.84,
            "eps_growth_yearly": 63.1
        },
        "20213": {
            "year_quarter": 20213,
            "year": 2021,
            "quarter": 3,
            "eps": 8.47,
            "eps_growth_year": 3.8,
            "eps_4q": 33.95,
            "eps_4q_growth_year": 56.81,
            "roe": 6.52,
            "roe_4q": 28.23,
            "gross_profit": 3279235,
            "gross_margin": 49.21,
            "gross_margin_4q_avg": 49.28,
            "net_income": 1600605,
            "revenue": 6663429,
            "common_shares": 1890250,
            "book_valuer_per_share": 134.54,
            "book_valuer_per_share_4q_avg": 123.78,
            "equity": 25439355,
            "current_ratio": 107.91,
            "debt_ratio": 44.93,
            "inventory_turnover_ratio": 0.82,
            "account_receivable_turnover_ratio": 0.76,
            "reinvestment_rate": 59.9,
            "research_to_sale_ratio": 2.28,
            "price_fair": 742.61,
            "eps_avg_yearly": 21.22,
            "eps_latest_yearly": 33.88,
            "eps_growth_yearly": 63.38
        },
        "20214": {
            "year_quarter": 20214,
            "year": 2021,
            "quarter": 4,
            "eps": 8.03,
            "eps_growth_year": -4.06,
            "eps_4q": 32.21,
            "eps_4q_growth_year": 25.66,
            "roe": 5.3,
            "roe_4q": 26.15,
            "gross_profit": 2725311,
            "gross_margin": 47.25,
            "gross_margin_4q_avg": 48.51,
            "net_income": 1605689,
            "revenue": 5767542,
            "common_shares": 2000000,
            "book_valuer_per_share": 175.72,
            "book_valuer_per_share_4q_avg": 137.97,
            "equity": 35151671,
            "current_ratio": 209.49,
            "debt_ratio": 26.27,
            "inventory_turnover_ratio": 0.63,
            "account_receivable_turnover_ratio": 0.72,
            "reinvestment_rate": 57.44,
            "research_to_sale_ratio": 2.66,
            "price_fair": 776.21,
            "eps_avg_yearly": 22.18,
            "eps_latest_yearly": 32.12,
            "eps_growth_yearly": 65.57
        },
        "20221": {
            "year_quarter": 20221,
            "year": 2022,
            "quarter": 1,
            "eps": 8.39,
            "eps_growth_year": 9.53,
            "eps_4q": 33.36,
            "eps_4q_growth_year": 7.11,
            "roe": 4.77,
            "roe_4q": 24.42,
            "gross_profit": 2808067,
            "gross_margin": 43.14,
            "gross_margin_4q_avg": 47.18,
            "net_income": 1678177,
            "revenue": 6508962,
            "common_shares": 2000000,
            "book_valuer_per_share": 176.16,
            "book_valuer_per_share_4q_avg": 152.88,
            "equity": 35240035,
            "current_ratio": 147.12,
            "debt_ratio": 26.48,
            "inventory_turnover_ratio": 0.66,
            "account_receivable_turnover_ratio": 0.83,
            "reinvestment_rate": 59.92,
            "research_to_sale_ratio": 2.73,
            "price_fair": 808.94,
            "eps_avg_yearly": 23.11,
            "eps_latest_yearly": 33.56,
            "eps_growth_yearly": 63.95
        },
        "20222": {
            "year_quarter": 20222,
            "year": 2022,
            "quarter": 2,
            "eps": 8.01,
            "eps_growth_year": -15.33,
            "eps_4q": 32.43,
            "eps_4q_growth_year": -3.6,
            "roe": 4.47,
            "roe_4q": 21.06,
            "gross_profit": 3366056,
            "gross_margin": 46.61,
            "gross_margin_4q_avg": 46.55,
            "net_income": 1601621,
            "revenue": 7222386,
            "common_shares": 2000000,
            "book_valuer_per_share": 181.95,
            "book_valuer_per_share_4q_avg": 167.09,
            "equity": 36398363,
            "current_ratio": 143.18,
            "debt_ratio": 29.86,
            "inventory_turnover_ratio": 0.63,
            "account_receivable_turnover_ratio": 0.84,
            "reinvestment_rate": 55.52,
            "research_to_sale_ratio": 2.51,
            "price_fair": 840.88,
            "eps_avg_yearly": 24.03,
            "eps_latest_yearly": 32.04,
            "eps_growth_yearly": 64.38
        },
        "20223": {
            "year_quarter": 20223,
            "year": 2022,
            "quarter": 3,
            "eps": 6.96,
            "eps_growth_year": -17.83,
            "eps_4q": 31.38,
            "eps_4q_growth_year": -7.57,
            "roe": 3.74,
            "roe_4q": 18.28,
            "gross_profit": 2814290,
            "gross_margin": 46.31,
            "gross_margin_4q_avg": 45.83,
            "net_income": 1391033,
            "revenue": 6077173,
            "common_shares": 2000000,
            "book_valuer_per_share": 190.09,
            "book_valuer_per_share_4q_avg": 180.98,
            "equity": 38026048,
            "current_ratio": 152.97,
            "debt_ratio": 27.42,
            "inventory_turnover_ratio": 0.49,
            "account_receivable_turnover_ratio": 0.69,
            "reinvestment_rate": 55.74,
            "research_to_sale_ratio": 3.04,
            "price_fair": 880.69,
            "eps_avg_yearly": 25.16,
            "eps_latest_yearly": 27.84,
            "eps_growth_yearly": 72.28
        },
        "20224": {
            "year_quarter": 20224,
            "year": 2022,
            "quarter": 4,
            "eps": 6.71,
            "eps_growth_year": -16.43,
            "eps_4q": 30.07,
            "eps_4q_growth_year": -6.66,
            "roe": 3.49,
            "roe_4q": 16.47,
            "gross_profit": 2904590,
            "gross_margin": 46.37,
            "gross_margin_4q_avg": 45.61,
            "net_income": 1341827,
            "revenue": 6264353,
            "common_shares": 2000000,
            "book_valuer_per_share": 194.63,
            "book_valuer_per_share_4q_avg": 185.71,
            "equity": 38933090,
            "current_ratio": 155.72,
            "debt_ratio": 28.69,
            "inventory_turnover_ratio": 0.47,
            "account_receivable_turnover_ratio": 0.71,
            "reinvestment_rate": 51.54,
            "research_to_sale_ratio": 3.07,
            "price_fair": 907.9,
            "eps_avg_yearly": 25.94,
            "eps_latest_yearly": 26.84,
            "eps_growth_yearly": 59.04
        },
        "20231": {
            "year_quarter": 20231,
            "year": 2023,
            "quarter": 1,
            "eps": 8.11,
            "eps_growth_year": -3.34,
            "eps_4q": 29.79,
            "eps_4q_growth_year": -10.72,
            "roe": 4.22,
            "roe_4q": 15.919999999999998,
            "gross_profit": 3135819,
            "gross_margin": 45.41,
            "gross_margin_4q_avg": 46.18,
            "net_income": 1622587,
            "revenue": 6905753,
            "common_shares": 2000000,
            "book_valuer_per_share": 190.09,
            "book_valuer_per_share_4q_avg": 189.19,
            "equity": 38024788,
            "current_ratio": 146.12,
            "debt_ratio": 30.71,
            "inventory_turnover_ratio": 0.52,
            "account_receivable_turnover_ratio": 0.71,
            "reinvestment_rate": 46.5,
            "research_to_sale_ratio": 2.74,
            "price_fair": 947.1,
            "eps_avg_yearly": 27.06,
            "eps_latest_yearly": 32.44,
            "eps_growth_yearly": 64.05
        }
    },
    "months": {
        "2011-02": {
            "month": "2011-02",
            "price": "155.93",
            "revenue": 298085
        },
        "2011-03": {
            "month": "2011-03",
            "price": "177.48",
            "revenue": 538558
        },
        "2011-04": {
            "month": "2011-04",
            "price": "211.37",
            "revenue": 496207
        },
        "2011-05": {
            "month": "2011-05",
            "price": "237.55",
            "revenue": 473827
        },
        "2011-06": {
            "month": "2011-06",
            "price": "233.98",
            "revenue": 497965
        },
        "2011-07": {
            "month": "2011-07",
            "price": "225.79",
            "revenue": 466469
        },
        "2011-08": {
            "month": "2011-08",
            "price": "214.98",
            "revenue": 447245
        },
        "2011-09": {
            "month": "2011-09",
            "price": "171.24",
            "revenue": 468776
        },
        "2011-10": {
            "month": "2011-10",
            "price": "173.60",
            "revenue": 417573
        },
        "2011-11": {
            "month": "2011-11",
            "price": "143.95",
            "revenue": 421001
        },
        "2011-12": {
            "month": "2011-12",
            "price": "127.48",
            "revenue": 409536
        },
        "2012-01": {
            "month": "2012-01",
            "price": "129.43",
            "revenue": 240766
        },
        "2012-02": {
            "month": "2012-02",
            "price": "162.58",
            "revenue": 437848
        },
        "2012-03": {
            "month": "2012-03",
            "price": "169.76",
            "revenue": 570969
        },
        "2012-04": {
            "month": "2012-04",
            "price": "165.72",
            "revenue": 494199
        },
        "2012-05": {
            "month": "2012-05",
            "price": "161.59",
            "revenue": 542051
        },
        "2012-06": {
            "month": "2012-06",
            "price": "161.24",
            "revenue": 527419
        },
        "2012-07": {
            "month": "2012-07",
            "price": "152.32",
            "revenue": 515120
        },
        "2012-08": {
            "month": "2012-08",
            "price": "153.66",
            "revenue": 505330
        },
        "2012-09": {
            "month": "2012-09",
            "price": "145.32",
            "revenue": 479272
        },
        "2012-10": {
            "month": "2012-10",
            "price": "144.25",
            "revenue": 441392
        },
        "2012-11": {
            "month": "2012-11",
            "price": "145.68",
            "revenue": 495459
        },
        "2012-12": {
            "month": "2012-12",
            "price": "163.40",
            "revenue": 439664
        },
        "2013-01": {
            "month": "2013-01",
            "price": "168.68",
            "revenue": 526162
        },
        "2013-02": {
            "month": "2013-02",
            "price": "171.69",
            "revenue": 280991
        },
        "2013-03": {
            "month": "2013-03",
            "price": "164.12",
            "revenue": 641437
        },
        "2013-04": {
            "month": "2013-04",
            "price": "150.38",
            "revenue": 679474
        },
        "2013-05": {
            "month": "2013-05",
            "price": "162.11",
            "revenue": 683603
        },
        "2013-06": {
            "month": "2013-06",
            "price": "149.21",
            "revenue": 689146
        },
        "2013-07": {
            "month": "2013-07",
            "price": "159.78",
            "revenue": 694096
        },
        "2013-08": {
            "month": "2013-08",
            "price": "188.81",
            "revenue": 665996
        },
        "2013-09": {
            "month": "2013-09",
            "price": "201.22",
            "revenue": 655925
        },
        "2013-10": {
            "month": "2013-10",
            "price": "220.95",
            "revenue": 550979
        },
        "2013-11": {
            "month": "2013-11",
            "price": "228.31",
            "revenue": 623654
        },
        "2013-12": {
            "month": "2013-12",
            "price": "248.07",
            "revenue": 610484
        },
        "2014-01": {
            "month": "2014-01",
            "price": "258.03",
            "revenue": 490148
        },
        "2014-02": {
            "month": "2014-02",
            "price": "291.56",
            "revenue": 518443
        },
        "2014-03": {
            "month": "2014-03",
            "price": "321.98",
            "revenue": 795196
        },
        "2014-04": {
            "month": "2014-04",
            "price": "324.05",
            "revenue": 819346
        },
        "2014-05": {
            "month": "2014-05",
            "price": "314.64",
            "revenue": 802148
        },
        "2014-06": {
            "month": "2014-06",
            "price": "315.22",
            "revenue": 747409
        },
        "2014-07": {
            "month": "2014-07",
            "price": "279.84",
            "revenue": 762723
        },
        "2014-08": {
            "month": "2014-08",
            "price": "297.48",
            "revenue": 677957
        },
        "2014-09": {
            "month": "2014-09",
            "price": "271.05",
            "revenue": 698442
        },
        "2014-10": {
            "month": "2014-10",
            "price": "231.02",
            "revenue": 648401
        },
        "2014-11": {
            "month": "2014-11",
            "price": "254.88",
            "revenue": 694417
        },
        "2014-12": {
            "month": "2014-12",
            "price": "276.23",
            "revenue": 707389
        },
        "2015-01": {
            "month": "2015-01",
            "price": "271.60",
            "revenue": 714555
        },
        "2015-02": {
            "month": "2015-02",
            "price": "275.96",
            "revenue": 361505
        },
        "2015-03": {
            "month": "2015-03",
            "price": "262.57",
            "revenue": 790515
        },
        "2015-04": {
            "month": "2015-04",
            "price": "233.80",
            "revenue": 859021
        },
        "2015-05": {
            "month": "2015-05",
            "price": "239.15",
            "revenue": 798045
        },
        "2015-06": {
            "month": "2015-06",
            "price": "204.45",
            "revenue": 784211
        },
        "2015-07": {
            "month": "2015-07",
            "price": "159.57",
            "revenue": 818560
        },
        "2015-08": {
            "month": "2015-08",
            "price": "150.57",
            "revenue": 753332
        },
        "2015-09": {
            "month": "2015-09",
            "price": "171.58",
            "revenue": 753168
        },
        "2015-10": {
            "month": "2015-10",
            "price": "173.60",
            "revenue": 653287
        },
        "2015-11": {
            "month": "2015-11",
            "price": "156.12",
            "revenue": 736149
        },
        "2015-12": {
            "month": "2015-12",
            "price": "150.26",
            "revenue": 779244
        },
        "2016-01": {
            "month": "2016-01",
            "price": "142.19",
            "revenue": 851565
        },
        "2016-02": {
            "month": "2016-02",
            "price": "163.85",
            "revenue": 457700
        },
        "2016-03": {
            "month": "2016-03",
            "price": "183.70",
            "revenue": 959297
        },
        "2016-04": {
            "month": "2016-04",
            "price": "211.18",
            "revenue": 957762
        },
        "2016-05": {
            "month": "2016-05",
            "price": "217.10",
            "revenue": 979323
        },
        "2016-06": {
            "month": "2016-06",
            "price": "232.69",
            "revenue": 988097
        },
        "2016-07": {
            "month": "2016-07",
            "price": "239.75",
            "revenue": 944697
        },
        "2016-08": {
            "month": "2016-08",
            "price": "233.20",
            "revenue": 942701
        },
        "2016-09": {
            "month": "2016-09",
            "price": "251.95",
            "revenue": 885659
        },
        "2016-10": {
            "month": "2016-10",
            "price": "262.88",
            "revenue": 794596
        },
        "2016-11": {
            "month": "2016-11",
            "price": "242.64",
            "revenue": 940266
        },
        "2016-12": {
            "month": "2016-12",
            "price": "251.84",
            "revenue": 916331
        },
        "2017-01": {
            "month": "2017-01",
            "price": "250.91",
            "revenue": 791037
        },
        "2017-02": {
            "month": "2017-02",
            "price": "284.03",
            "revenue": 799035
        },
        "2017-03": {
            "month": "2017-03",
            "price": "295.57",
            "revenue": 1216050
        },
        "2017-04": {
            "month": "2017-04",
            "price": "334.03",
            "revenue": 1139585
        },
        "2017-05": {
            "month": "2017-05",
            "price": "339.25",
            "revenue": 1143271
        },
        "2017-06": {
            "month": "2017-06",
            "price": "336.07",
            "revenue": 1324330
        },
        "2017-07": {
            "month": "2017-07",
            "price": "384.64",
            "revenue": 1300823
        },
        "2017-08": {
            "month": "2017-08",
            "price": "402.59",
            "revenue": 1263722
        },
        "2017-09": {
            "month": "2017-09",
            "price": "422.70",
            "revenue": 1271528
        },
        "2017-10": {
            "month": "2017-10",
            "price": "452.42",
            "revenue": 1057601
        },
        "2017-11": {
            "month": "2017-11",
            "price": "488.05",
            "revenue": 1247502
        },
        "2017-12": {
            "month": "2017-12",
            "price": "500.24",
            "revenue": 1145481
        },
        "2018-01": {
            "month": "2018-01",
            "price": "491.64",
            "revenue": 1388552
        },
        "2018-02": {
            "month": "2018-02",
            "price": "489.46",
            "revenue": 642262
        },
        "2018-03": {
            "month": "2018-03",
            "price": "493.00",
            "revenue": 1579061
        },
        "2018-04": {
            "month": "2018-04",
            "price": "550.56",
            "revenue": 1467778
        },
        "2018-05": {
            "month": "2018-05",
            "price": "513.55",
            "revenue": 1605060
        },
        "2018-06": {
            "month": "2018-06",
            "price": "490.98",
            "revenue": 1488621
        },
        "2018-07": {
            "month": "2018-07",
            "price": "344.73",
            "revenue": 1339038
        },
        "2018-08": {
            "month": "2018-08",
            "price": "296.09",
            "revenue": 1266837
        },
        "2018-09": {
            "month": "2018-09",
            "price": "285.08",
            "revenue": 1242508
        },
        "2018-10": {
            "month": "2018-10",
            "price": "260.57",
            "revenue": 1102023
        },
        "2018-11": {
            "month": "2018-11",
            "price": "297.84",
            "revenue": 1271289
        },
        "2018-12": {
            "month": "2018-12",
            "price": "325.24",
            "revenue": 1208617
        },
        "2019-01": {
            "month": "2019-01",
            "price": "333.05",
            "revenue": 1171487
        },
        "2019-02": {
            "month": "2019-02",
            "price": "377.27",
            "revenue": 729595
        },
        "2019-03": {
            "month": "2019-03",
            "price": "383.52",
            "revenue": 1477314
        },
        "2019-04": {
            "month": "2019-04",
            "price": "417.58",
            "revenue": 1586264
        },
        "2019-05": {
            "month": "2019-05",
            "price": "350.07",
            "revenue": 1491592
        },
        "2019-06": {
            "month": "2019-06",
            "price": "321.79",
            "revenue": 1325186
        },
        "2019-07": {
            "month": "2019-07",
            "price": "343.61",
            "revenue": 1335215
        },
        "2019-08": {
            "month": "2019-08",
            "price": "317.43",
            "revenue": 1335010
        },
        "2019-09": {
            "month": "2019-09",
            "price": "356.26",
            "revenue": 1352364
        },
        "2019-10": {
            "month": "2019-10",
            "price": "402.29",
            "revenue": 1183761
        },
        "2019-11": {
            "month": "2019-11",
            "price": "439.05",
            "revenue": 1411391
        },
        "2019-12": {
            "month": "2019-12",
            "price": "442.41",
            "revenue": 1500008
        },
        "2020-01": {
            "month": "2020-01",
            "price": "484.70",
            "revenue": 888909
        },
        "2020-02": {
            "month": "2020-02",
            "price": "510.92",
            "revenue": 532385
        },
        "2020-03": {
            "month": "2020-03",
            "price": "430.98",
            "revenue": 1736113
        },
        "2020-04": {
            "month": "2020-04",
            "price": "491.72",
            "revenue": 1964417
        },
        "2020-05": {
            "month": "2020-05",
            "price": "551.70",
            "revenue": 1682673
        },
        "2020-06": {
            "month": "2020-06",
            "price": "510.25",
            "revenue": 1688835
        },
        "2020-07": {
            "month": "2020-07",
            "price": "559.52",
            "revenue": 1754776
        },
        "2020-08": {
            "month": "2020-08",
            "price": "659.10",
            "revenue": 1670613
        },
        "2020-09": {
            "month": "2020-09",
            "price": "663.68",
            "revenue": 1794693
        },
        "2020-10": {
            "month": "2020-10",
            "price": "685.68",
            "revenue": 1537348
        },
        "2020-11": {
            "month": "2020-11",
            "price": "792.57",
            "revenue": 1874075
        },
        "2020-12": {
            "month": "2020-12",
            "price": "874.35",
            "revenue": 1978234
        },
        "2021-01": {
            "month": "2021-01",
            "price": "1075.35",
            "revenue": 2133512
        },
        "2021-02": {
            "month": "2021-02",
            "price": "1025.54",
            "revenue": 1409761
        },
        "2021-03": {
            "month": "2021-03",
            "price": "976.27",
            "revenue": 2388542
        },
        "2021-04": {
            "month": "2021-04",
            "price": "1099.21",
            "revenue": 2426662
        },
        "2021-05": {
            "month": "2021-05",
            "price": "1029.57",
            "revenue": 2233597
        },
        "2021-06": {
            "month": "2021-06",
            "price": "1017.14",
            "revenue": 2376162
        },
        "2021-07": {
            "month": "2021-07",
            "price": "1066.77",
            "revenue": 2253509
        },
        "2021-08": {
            "month": "2021-08",
            "price": "888.95",
            "revenue": 2245773
        },
        "2021-09": {
            "month": "2021-09",
            "price": "913.65",
            "revenue": 2163974
        },
        "2021-10": {
            "month": "2021-10",
            "price": "818.85",
            "revenue": 1591905
        },
        "2021-11": {
            "month": "2021-11",
            "price": "824.50",
            "revenue": 1925213
        },
        "2021-12": {
            "month": "2021-12",
            "price": "925.27",
            "revenue": 2250066
        },
        "2022-01": {
            "month": "2022-01",
            "price": "970.11",
            "revenue": 1950788
        },
        "2022-02": {
            "month": "2022-02",
            "price": "940.47",
            "revenue": 1718300
        },
        "2022-03": {
            "month": "2022-03",
            "price": "903.22",
            "revenue": 2839524
        },
        "2022-04": {
            "month": "2022-04",
            "price": "868.58",
            "revenue": 2264771
        },
        "2022-05": {
            "month": "2022-05",
            "price": "850.81",
            "revenue": 2650385
        },
        "2022-06": {
            "month": "2022-06",
            "price": "1001.24",
            "revenue": 2307603
        },
        "2022-07": {
            "month": "2022-07",
            "price": "904.81",
            "revenue": 1978552
        },
        "2022-08": {
            "month": "2022-08",
            "price": "820.22",
            "revenue": 1976218
        },
        "2022-09": {
            "month": "2022-09",
            "price": "777.62",
            "revenue": 2122815
        },
        "2022-10": {
            "month": "2022-10",
            "price": "713.50",
            "revenue": 1974139
        },
        "2022-11": {
            "month": "2022-11",
            "price": "857.59",
            "revenue": 2210863
        },
        "2022-12": {
            "month": "2022-12",
            "price": "937.45",
            "revenue": 2079528
        },
        "2023-01": {
            "month": "2023-01",
            "price": "969.23",
            "revenue": 1457763
        },
        "2023-02": {
            "month": "2023-02",
            "price": "1078.33",
            "revenue": 2368561
        },
        "2023-03": {
            "month": "2023-03",
            "price": "1124.57",
            "revenue": 3079445
        },
        "2023-04": {
            "month": "2023-04",
            "price": "1144.71",
            "revenue": 2687697
        }
    }
}
