{
    "summary": {
        "stock_name": "駿吉-KY",
        "stock_id": "1591",
        "category": "電機機械",
        "main_business": "氣動式槍釘系列製造、生產<br>傢俬釘製造、生產",
        "website_url": "http://www.inmax-fasteners.com",
        "ceo": "江文洲",
        "pe_ratio": -83,
        "report_year_from": 2009,
        "report_year_to": 2023,
        "age": 15,
        "eps_negative_percentage": 8,
        "eps_growth_avg": {
            "last_all": 1.57,
            "last_2y": -11.95,
            "last_4y": -3.7,
            "last_8y": 1.51,
            "last_12y": null,
            "last_16y": null,
            "last_20y": null,
            "at_2006_last_3y": null,
            "at_2007_last_3y": null,
            "at_2008_last_3y": null,
            "at_2009_last_3y": null,
            "at_2010_last_3y": null,
            "at_2011_last_3y": null,
            "at_2012_last_3y": null,
            "at_2013_last_3y": null,
            "at_2014_last_3y": null,
            "at_2015_last_3y": -2.04,
            "at_2016_last_3y": -6.06,
            "at_2017_last_3y": -23.38,
            "at_2018_last_3y": 8.01,
            "at_2019_last_3y": -9.28,
            "at_2020_last_3y": 5.09,
            "at_2021_last_3y": 27.94,
            "at_2022_last_3y": 20.38,
            "at_2023_last_3y": 16.04,
            "at_2024_last_3y": 16.04,
            "at_2006_last_all": null,
            "at_2007_last_all": null,
            "at_2008_last_all": null,
            "at_2009_last_all": null,
            "at_2010_last_all": null,
            "at_2011_last_all": null,
            "at_2012_last_all": null,
            "at_2013_last_all": 15.46,
            "at_2014_last_all": 1.78,
            "at_2015_last_all": -2.04,
            "at_2016_last_all": 6.88,
            "at_2017_last_all": -10.44,
            "at_2018_last_all": 5.34,
            "at_2019_last_all": -5.66,
            "at_2020_last_all": 6.08,
            "at_2021_last_all": 4.92,
            "at_2022_last_all": 10.81,
            "at_2023_last_all": 1.57,
            "at_2024_last_all": 1.57
        },
        "latest_eps": -0.6,
        "latest_price": 49.95,
        "latest_roe": -4.46,
        "latest_gross_margin": -13.16,
        "latest_equity": 455227,
        "latest_revenue": 24947,
        "latest_gross_profit": -3282,
        "latest_net_income": -10711,
        "latest_debt_ratio": 11.79,
        "latest_current_ratio": 571.33,
        "latest_account_receivable_turnover_ratio": 2.62,
        "latest_inventory_turnover_ratio": 0.28,
        "latest_reinvestment_rate": -56.83,
        "latest_research_to_sale_ratio": 0
    },
    "eps_dividends": {
        "2001": {
            "cash": 0,
            "stock": 0,
            "eps": 0
        },
        "2002": {
            "cash": 0,
            "stock": 0,
            "eps": 0
        },
        "2003": {
            "cash": 0,
            "stock": 0,
            "eps": 0
        },
        "2004": {
            "cash": 0,
            "stock": 0,
            "eps": 0
        },
        "2005": {
            "cash": 0,
            "stock": 0,
            "eps": 0
        },
        "2006": {
            "cash": 0,
            "stock": 0,
            "eps": 0
        },
        "2007": {
            "cash": 0,
            "stock": 0,
            "eps": 0
        },
        "2008": {
            "cash": 0,
            "stock": 0,
            "eps": 0
        },
        "2009": {
            "cash": 0,
            "stock": 0,
            "eps": 0
        },
        "2010": {
            "cash": 0,
            "stock": 1.3,
            "eps": 0
        },
        "2011": {
            "cash": 0,
            "stock": 1,
            "eps": 1.91
        },
        "2012": {
            "cash": 1,
            "stock": 0,
            "eps": 3.03
        },
        "2013": {
            "cash": 0,
            "stock": 1.5,
            "eps": 2.19
        },
        "2014": {
            "cash": 0,
            "stock": 1.5,
            "eps": 1.63
        },
        "2015": {
            "cash": 0,
            "stock": 1.2,
            "eps": 1.41
        },
        "2016": {
            "cash": 0,
            "stock": 0,
            "eps": 2.01
        },
        "2017": {
            "cash": 0,
            "stock": 1,
            "eps": 0.06
        },
        "2018": {
            "cash": 0,
            "stock": 0,
            "eps": 1.44
        },
        "2019": {
            "cash": 1,
            "stock": 0,
            "eps": 0.25
        },
        "2020": {
            "cash": 0.5,
            "stock": 0,
            "eps": 1.61
        },
        "2021": {
            "cash": 0.5,
            "stock": 0,
            "eps": 1.52
        },
        "2022": {
            "cash": 0.5,
            "stock": 0.5,
            "eps": 2.58
        },
        "2023": {
            "cash": 0.5,
            "stock": 0,
            "eps": -0.96
        }
    },
    "dividends": {
        "2010-04-26": {
            "cash": 0,
            "stock": 1.3
        },
        "2011-03-25": {
            "cash": 0,
            "stock": 1
        },
        "2012-05-03": {
            "cash": 1,
            "stock": 0
        },
        "2013-06-28": {
            "cash": 0,
            "stock": 1.5
        },
        "2014-06-18": {
            "cash": 0,
            "stock": 1.5
        },
        "2015-05-08": {
            "cash": 0,
            "stock": 1.2
        },
        "2017-03-21": {
            "cash": 0,
            "stock": 1
        },
        "2019-08-08": {
            "cash": 1,
            "stock": 0
        },
        "2020-08-10": {
            "cash": 0.5,
            "stock": 0
        },
        "2021-08-12": {
            "cash": 0.5,
            "stock": 0
        },
        "2022-09-16": {
            "cash": 0.5,
            "stock": 0.5
        },
        "2023-07-14": {
            "cash": 0.5,
            "stock": 0
        }
    },
    "prices": {
        "200101": "無",
        "200102": "無",
        "200103": "無",
        "200104": "無",
        "200105": "無",
        "200106": "無",
        "200107": "無",
        "200108": "無",
        "200109": "無",
        "200110": "無",
        "200111": "無",
        "200112": "無",
        "200201": "無",
        "200202": "無",
        "200203": "無",
        "200204": "無",
        "200205": "無",
        "200206": "無",
        "200207": "無",
        "200208": "無",
        "200209": "無",
        "200210": "無",
        "200211": "無",
        "200212": "無",
        "200301": "無",
        "200302": "無",
        "200303": "無",
        "200304": "無",
        "200305": "無",
        "200306": "無",
        "200307": "無",
        "200308": "無",
        "200309": "無",
        "200310": "無",
        "200311": "無",
        "200312": "無",
        "200401": "無",
        "200402": "無",
        "200403": "無",
        "200404": "無",
        "200405": "無",
        "200406": "無",
        "200407": "無",
        "200408": "無",
        "200409": "無",
        "200410": "無",
        "200411": "無",
        "200412": "無",
        "200501": "無",
        "200502": "無",
        "200503": "無",
        "200504": "無",
        "200505": "無",
        "200506": "無",
        "200507": "無",
        "200508": "無",
        "200509": "無",
        "200510": "無",
        "200511": "無",
        "200512": "無",
        "200601": "無",
        "200602": "無",
        "200603": "無",
        "200604": "無",
        "200605": "無",
        "200606": "無",
        "200607": "無",
        "200608": "無",
        "200609": "無",
        "200610": "無",
        "200611": "無",
        "200612": "無",
        "200701": "無",
        "200702": "無",
        "200703": "無",
        "200704": "無",
        "200705": "無",
        "200706": "無",
        "200707": "無",
        "200708": "無",
        "200709": "無",
        "200710": "無",
        "200711": "無",
        "200712": "無",
        "200801": "無",
        "200802": "無",
        "200803": "無",
        "200804": "無",
        "200805": "無",
        "200806": "無",
        "200807": "無",
        "200808": "無",
        "200809": "無",
        "200810": "無",
        "200811": "無",
        "200812": "無",
        "200901": "無",
        "200902": "無",
        "200903": "無",
        "200904": "無",
        "200905": "無",
        "200906": "無",
        "200907": "無",
        "200908": "無",
        "200909": "無",
        "200910": "無",
        "200911": "無",
        "200912": "無",
        "201001": "無",
        "201002": "無",
        "201003": "無",
        "201004": "47.35",
        "201005": "48.58",
        "201006": "49.97",
        "201007": "50.54",
        "201008": "45.70",
        "201009": "43.04",
        "201010": "44.05",
        "201011": "46.37",
        "201012": "無",
        "201101": "43.56",
        "201102": "43.06",
        "201103": "44.45",
        "201104": "45.63",
        "201105": "47.10",
        "201106": "48.82",
        "201107": "47.62",
        "201108": "44.90",
        "201109": "36.58",
        "201110": "30.70",
        "201111": "30.66",
        "201112": "31.19",
        "201201": "33.99",
        "201202": "37.06",
        "201203": "37.12",
        "201204": "31.66",
        "201205": "32.01",
        "201206": "29.90",
        "201207": "31.29",
        "201208": "31.60",
        "201209": "33.63",
        "201210": "33.20",
        "201211": "33.71",
        "201212": "32.97",
        "201301": "33.92",
        "201302": "35.10",
        "201303": "35.73",
        "201304": "35.60",
        "201305": "35.51",
        "201306": "36.34",
        "201307": "37.74",
        "201308": "36.47",
        "201309": "33.88",
        "201310": "32.03",
        "201311": "30.07",
        "201312": "30.17",
        "201401": "30.71",
        "201402": "31.61",
        "201403": "32.06",
        "201404": "37.75",
        "201405": "47.10",
        "201406": "51.60",
        "201407": "51.34",
        "201408": "48.02",
        "201409": "44.80",
        "201410": "41.14",
        "201411": "36.18",
        "201412": "37.58",
        "201501": "41.42",
        "201502": "43.70",
        "201503": "36.84",
        "201504": "36.01",
        "201505": "33.24",
        "201506": "27.64",
        "201507": "28.08",
        "201508": "25.44",
        "201509": "25.90",
        "201510": "26.33",
        "201511": "26.20",
        "201512": "25.24",
        "201601": "21.43",
        "201602": "18.70",
        "201603": "19.11",
        "201604": "19.62",
        "201605": "19.12",
        "201606": "20.02",
        "201607": "25.85",
        "201608": "34.75",
        "201609": "33.31",
        "201610": "30.01",
        "201611": "27.28",
        "201612": "24.05",
        "201701": "22.18",
        "201702": "22.61",
        "201703": "21.90",
        "201704": "21.32",
        "201705": "26.20",
        "201706": "30.35",
        "201707": "28.84",
        "201708": "34.32",
        "201709": "30.15",
        "201710": "30.95",
        "201711": "35.31",
        "201712": "35.08",
        "201801": "40.12",
        "201802": "40.98",
        "201803": "40.59",
        "201804": "37.04",
        "201805": "28.97",
        "201806": "32.34",
        "201807": "35.98",
        "201808": "35.46",
        "201809": "33.87",
        "201810": "33.92",
        "201811": "36.16",
        "201812": "38.97",
        "201901": "39.72",
        "201902": "41.88",
        "201903": "39.90",
        "201904": "36.57",
        "201905": "34.70",
        "201906": "34.95",
        "201907": "33.09",
        "201908": "29.54",
        "201909": "25.12",
        "201910": "22.82",
        "201911": "23.37",
        "201912": "22.94",
        "202001": "22.83",
        "202002": "23.05",
        "202003": "20.07",
        "202004": "19.38",
        "202005": "19.74",
        "202006": "21.84",
        "202007": "21.42",
        "202008": "18.58",
        "202009": "17.25",
        "202010": "16.90",
        "202011": "19.15",
        "202012": "19.41",
        "202101": "18.41",
        "202102": "18.37",
        "202103": "18.28",
        "202104": "20.25",
        "202105": "18.66",
        "202106": "17.51",
        "202107": "16.61",
        "202108": "15.58",
        "202109": "15.48",
        "202110": "15.32",
        "202111": "14.83",
        "202112": "14.67",
        "202201": "14.41",
        "202202": "14.70",
        "202203": "18.60",
        "202204": "21.27",
        "202205": "23.22",
        "202206": "22.73",
        "202207": "18.43",
        "202208": "18.99",
        "202209": "16.53",
        "202210": "14.82",
        "202211": "18.13",
        "202212": "17.84",
        "202301": "17.34",
        "202302": "24.46",
        "202303": "27.47",
        "202304": "27.36",
        "202305": "27.98",
        "202306": "34.50",
        "202307": "38.01",
        "202308": "41.20",
        "202309": "41.64",
        "202310": "41.19",
        "202311": "40.50",
        "202312": "53.17"
    },
    "quarters": {
        "20011": {
            "year_quarter": 20011,
            "year": 2001,
            "quarter": 1,
            "eps": null,
            "eps_growth_year": null,
            "eps_4q": null,
            "eps_4q_growth_year": null,
            "roe": null,
            "roe_4q": 0,
            "gross_profit": null,
            "gross_margin": null,
            "gross_margin_4q_avg": 0,
            "net_income": null,
            "net_income_4q": null,
            "revenue": null,
            "revenue_4q": null,
            "common_shares": null,
            "book_valuer_per_share": null,
            "book_valuer_per_share_4q_avg": 0,
            "equity": null,
            "current_ratio": null,
            "debt_ratio": null,
            "inventory_turnover_ratio": null,
            "account_receivable_turnover_ratio": null,
            "reinvestment_rate": null,
            "research_to_sale_ratio": null,
            "price_fair": 0,
            "eps_avg_yearly": 0,
            "eps_latest_yearly": 0,
            "eps_growth_yearly": 0
        },
        "20012": {
            "year_quarter": 20012,
            "year": 2001,
            "quarter": 2,
            "eps": null,
            "eps_growth_year": null,
            "eps_4q": null,
            "eps_4q_growth_year": null,
            "roe": null,
            "roe_4q": 0,
            "gross_profit": null,
            "gross_margin": null,
            "gross_margin_4q_avg": 0,
            "net_income": null,
            "net_income_4q": null,
            "revenue": null,
            "revenue_4q": null,
            "common_shares": null,
            "book_valuer_per_share": null,
            "book_valuer_per_share_4q_avg": 0,
            "equity": null,
            "current_ratio": null,
            "debt_ratio": null,
            "inventory_turnover_ratio": null,
            "account_receivable_turnover_ratio": null,
            "reinvestment_rate": null,
            "research_to_sale_ratio": null,
            "price_fair": 0,
            "eps_avg_yearly": 0,
            "eps_latest_yearly": 0,
            "eps_growth_yearly": 0
        },
        "20013": {
            "year_quarter": 20013,
            "year": 2001,
            "quarter": 3,
            "eps": null,
            "eps_growth_year": null,
            "eps_4q": null,
            "eps_4q_growth_year": null,
            "roe": null,
            "roe_4q": 0,
            "gross_profit": null,
            "gross_margin": null,
            "gross_margin_4q_avg": 0,
            "net_income": null,
            "net_income_4q": null,
            "revenue": null,
            "revenue_4q": null,
            "common_shares": null,
            "book_valuer_per_share": null,
            "book_valuer_per_share_4q_avg": 0,
            "equity": null,
            "current_ratio": null,
            "debt_ratio": null,
            "inventory_turnover_ratio": null,
            "account_receivable_turnover_ratio": null,
            "reinvestment_rate": null,
            "research_to_sale_ratio": null,
            "price_fair": 0,
            "eps_avg_yearly": 0,
            "eps_latest_yearly": 0,
            "eps_growth_yearly": 0
        },
        "20014": {
            "year_quarter": 20014,
            "year": 2001,
            "quarter": 4,
            "eps": null,
            "eps_growth_year": null,
            "eps_4q": null,
            "eps_4q_growth_year": null,
            "roe": null,
            "roe_4q": 0,
            "gross_profit": null,
            "gross_margin": null,
            "gross_margin_4q_avg": 0,
            "net_income": null,
            "net_income_4q": null,
            "revenue": null,
            "revenue_4q": null,
            "common_shares": null,
            "book_valuer_per_share": null,
            "book_valuer_per_share_4q_avg": 0,
            "equity": null,
            "current_ratio": null,
            "debt_ratio": null,
            "inventory_turnover_ratio": null,
            "account_receivable_turnover_ratio": null,
            "reinvestment_rate": null,
            "research_to_sale_ratio": null,
            "price_fair": 0,
            "eps_avg_yearly": 0,
            "eps_latest_yearly": 0,
            "eps_growth_yearly": 0
        },
        "20021": {
            "year_quarter": 20021,
            "year": 2002,
            "quarter": 1,
            "eps": null,
            "eps_growth_year": null,
            "eps_4q": null,
            "eps_4q_growth_year": null,
            "roe": null,
            "roe_4q": 0,
            "gross_profit": null,
            "gross_margin": null,
            "gross_margin_4q_avg": 0,
            "net_income": null,
            "net_income_4q": null,
            "revenue": null,
            "revenue_4q": null,
            "common_shares": null,
            "book_valuer_per_share": null,
            "book_valuer_per_share_4q_avg": 0,
            "equity": null,
            "current_ratio": null,
            "debt_ratio": null,
            "inventory_turnover_ratio": null,
            "account_receivable_turnover_ratio": null,
            "reinvestment_rate": null,
            "research_to_sale_ratio": null,
            "price_fair": 0,
            "eps_avg_yearly": 0,
            "eps_latest_yearly": 0,
            "eps_growth_yearly": 0
        },
        "20022": {
            "year_quarter": 20022,
            "year": 2002,
            "quarter": 2,
            "eps": null,
            "eps_growth_year": null,
            "eps_4q": null,
            "eps_4q_growth_year": null,
            "roe": null,
            "roe_4q": 0,
            "gross_profit": null,
            "gross_margin": null,
            "gross_margin_4q_avg": 0,
            "net_income": null,
            "net_income_4q": null,
            "revenue": null,
            "revenue_4q": null,
            "common_shares": null,
            "book_valuer_per_share": null,
            "book_valuer_per_share_4q_avg": 0,
            "equity": null,
            "current_ratio": null,
            "debt_ratio": null,
            "inventory_turnover_ratio": null,
            "account_receivable_turnover_ratio": null,
            "reinvestment_rate": null,
            "research_to_sale_ratio": null,
            "price_fair": 0,
            "eps_avg_yearly": 0,
            "eps_latest_yearly": 0,
            "eps_growth_yearly": 0
        },
        "20023": {
            "year_quarter": 20023,
            "year": 2002,
            "quarter": 3,
            "eps": null,
            "eps_growth_year": null,
            "eps_4q": null,
            "eps_4q_growth_year": null,
            "roe": null,
            "roe_4q": 0,
            "gross_profit": null,
            "gross_margin": null,
            "gross_margin_4q_avg": 0,
            "net_income": null,
            "net_income_4q": null,
            "revenue": null,
            "revenue_4q": null,
            "common_shares": null,
            "book_valuer_per_share": null,
            "book_valuer_per_share_4q_avg": 0,
            "equity": null,
            "current_ratio": null,
            "debt_ratio": null,
            "inventory_turnover_ratio": null,
            "account_receivable_turnover_ratio": null,
            "reinvestment_rate": null,
            "research_to_sale_ratio": null,
            "price_fair": 0,
            "eps_avg_yearly": 0,
            "eps_latest_yearly": 0,
            "eps_growth_yearly": 0
        },
        "20024": {
            "year_quarter": 20024,
            "year": 2002,
            "quarter": 4,
            "eps": null,
            "eps_growth_year": null,
            "eps_4q": null,
            "eps_4q_growth_year": null,
            "roe": null,
            "roe_4q": 0,
            "gross_profit": null,
            "gross_margin": null,
            "gross_margin_4q_avg": 0,
            "net_income": null,
            "net_income_4q": null,
            "revenue": null,
            "revenue_4q": null,
            "common_shares": null,
            "book_valuer_per_share": null,
            "book_valuer_per_share_4q_avg": 0,
            "equity": null,
            "current_ratio": null,
            "debt_ratio": null,
            "inventory_turnover_ratio": null,
            "account_receivable_turnover_ratio": null,
            "reinvestment_rate": null,
            "research_to_sale_ratio": null,
            "price_fair": 0,
            "eps_avg_yearly": 0,
            "eps_latest_yearly": 0,
            "eps_growth_yearly": 0
        },
        "20031": {
            "year_quarter": 20031,
            "year": 2003,
            "quarter": 1,
            "eps": null,
            "eps_growth_year": null,
            "eps_4q": null,
            "eps_4q_growth_year": null,
            "roe": null,
            "roe_4q": 0,
            "gross_profit": null,
            "gross_margin": null,
            "gross_margin_4q_avg": 0,
            "net_income": null,
            "net_income_4q": null,
            "revenue": null,
            "revenue_4q": null,
            "common_shares": null,
            "book_valuer_per_share": null,
            "book_valuer_per_share_4q_avg": 0,
            "equity": null,
            "current_ratio": null,
            "debt_ratio": null,
            "inventory_turnover_ratio": null,
            "account_receivable_turnover_ratio": null,
            "reinvestment_rate": null,
            "research_to_sale_ratio": null,
            "price_fair": 0,
            "eps_avg_yearly": 0,
            "eps_latest_yearly": 0,
            "eps_growth_yearly": 0
        },
        "20032": {
            "year_quarter": 20032,
            "year": 2003,
            "quarter": 2,
            "eps": null,
            "eps_growth_year": null,
            "eps_4q": null,
            "eps_4q_growth_year": null,
            "roe": null,
            "roe_4q": 0,
            "gross_profit": null,
            "gross_margin": null,
            "gross_margin_4q_avg": 0,
            "net_income": null,
            "net_income_4q": null,
            "revenue": null,
            "revenue_4q": null,
            "common_shares": null,
            "book_valuer_per_share": null,
            "book_valuer_per_share_4q_avg": 0,
            "equity": null,
            "current_ratio": null,
            "debt_ratio": null,
            "inventory_turnover_ratio": null,
            "account_receivable_turnover_ratio": null,
            "reinvestment_rate": null,
            "research_to_sale_ratio": null,
            "price_fair": 0,
            "eps_avg_yearly": 0,
            "eps_latest_yearly": 0,
            "eps_growth_yearly": 0
        },
        "20033": {
            "year_quarter": 20033,
            "year": 2003,
            "quarter": 3,
            "eps": null,
            "eps_growth_year": null,
            "eps_4q": null,
            "eps_4q_growth_year": null,
            "roe": null,
            "roe_4q": 0,
            "gross_profit": null,
            "gross_margin": null,
            "gross_margin_4q_avg": 0,
            "net_income": null,
            "net_income_4q": null,
            "revenue": null,
            "revenue_4q": null,
            "common_shares": null,
            "book_valuer_per_share": null,
            "book_valuer_per_share_4q_avg": 0,
            "equity": null,
            "current_ratio": null,
            "debt_ratio": null,
            "inventory_turnover_ratio": null,
            "account_receivable_turnover_ratio": null,
            "reinvestment_rate": null,
            "research_to_sale_ratio": null,
            "price_fair": 0,
            "eps_avg_yearly": 0,
            "eps_latest_yearly": 0,
            "eps_growth_yearly": 0
        },
        "20034": {
            "year_quarter": 20034,
            "year": 2003,
            "quarter": 4,
            "eps": null,
            "eps_growth_year": null,
            "eps_4q": null,
            "eps_4q_growth_year": null,
            "roe": null,
            "roe_4q": 0,
            "gross_profit": null,
            "gross_margin": null,
            "gross_margin_4q_avg": 0,
            "net_income": null,
            "net_income_4q": null,
            "revenue": null,
            "revenue_4q": null,
            "common_shares": null,
            "book_valuer_per_share": null,
            "book_valuer_per_share_4q_avg": 0,
            "equity": null,
            "current_ratio": null,
            "debt_ratio": null,
            "inventory_turnover_ratio": null,
            "account_receivable_turnover_ratio": null,
            "reinvestment_rate": null,
            "research_to_sale_ratio": null,
            "price_fair": 0,
            "eps_avg_yearly": 0,
            "eps_latest_yearly": 0,
            "eps_growth_yearly": 0
        },
        "20041": {
            "year_quarter": 20041,
            "year": 2004,
            "quarter": 1,
            "eps": null,
            "eps_growth_year": null,
            "eps_4q": null,
            "eps_4q_growth_year": null,
            "roe": null,
            "roe_4q": 0,
            "gross_profit": null,
            "gross_margin": null,
            "gross_margin_4q_avg": 0,
            "net_income": null,
            "net_income_4q": null,
            "revenue": null,
            "revenue_4q": null,
            "common_shares": null,
            "book_valuer_per_share": null,
            "book_valuer_per_share_4q_avg": 0,
            "equity": null,
            "current_ratio": null,
            "debt_ratio": null,
            "inventory_turnover_ratio": null,
            "account_receivable_turnover_ratio": null,
            "reinvestment_rate": null,
            "research_to_sale_ratio": null,
            "price_fair": 0,
            "eps_avg_yearly": 0,
            "eps_latest_yearly": 0,
            "eps_growth_yearly": 0
        },
        "20042": {
            "year_quarter": 20042,
            "year": 2004,
            "quarter": 2,
            "eps": null,
            "eps_growth_year": null,
            "eps_4q": null,
            "eps_4q_growth_year": null,
            "roe": null,
            "roe_4q": 0,
            "gross_profit": null,
            "gross_margin": null,
            "gross_margin_4q_avg": 0,
            "net_income": null,
            "net_income_4q": null,
            "revenue": null,
            "revenue_4q": null,
            "common_shares": null,
            "book_valuer_per_share": null,
            "book_valuer_per_share_4q_avg": 0,
            "equity": null,
            "current_ratio": null,
            "debt_ratio": null,
            "inventory_turnover_ratio": null,
            "account_receivable_turnover_ratio": null,
            "reinvestment_rate": null,
            "research_to_sale_ratio": null,
            "price_fair": 0,
            "eps_avg_yearly": 0,
            "eps_latest_yearly": 0,
            "eps_growth_yearly": 0
        },
        "20043": {
            "year_quarter": 20043,
            "year": 2004,
            "quarter": 3,
            "eps": null,
            "eps_growth_year": null,
            "eps_4q": null,
            "eps_4q_growth_year": null,
            "roe": null,
            "roe_4q": 0,
            "gross_profit": null,
            "gross_margin": null,
            "gross_margin_4q_avg": 0,
            "net_income": null,
            "net_income_4q": null,
            "revenue": null,
            "revenue_4q": null,
            "common_shares": null,
            "book_valuer_per_share": null,
            "book_valuer_per_share_4q_avg": 0,
            "equity": null,
            "current_ratio": null,
            "debt_ratio": null,
            "inventory_turnover_ratio": null,
            "account_receivable_turnover_ratio": null,
            "reinvestment_rate": null,
            "research_to_sale_ratio": null,
            "price_fair": 0,
            "eps_avg_yearly": 0,
            "eps_latest_yearly": 0,
            "eps_growth_yearly": 0
        },
        "20044": {
            "year_quarter": 20044,
            "year": 2004,
            "quarter": 4,
            "eps": null,
            "eps_growth_year": null,
            "eps_4q": null,
            "eps_4q_growth_year": null,
            "roe": null,
            "roe_4q": 0,
            "gross_profit": null,
            "gross_margin": null,
            "gross_margin_4q_avg": 0,
            "net_income": null,
            "net_income_4q": null,
            "revenue": null,
            "revenue_4q": null,
            "common_shares": null,
            "book_valuer_per_share": null,
            "book_valuer_per_share_4q_avg": 0,
            "equity": null,
            "current_ratio": null,
            "debt_ratio": null,
            "inventory_turnover_ratio": null,
            "account_receivable_turnover_ratio": null,
            "reinvestment_rate": null,
            "research_to_sale_ratio": null,
            "price_fair": 0,
            "eps_avg_yearly": 0,
            "eps_latest_yearly": 0,
            "eps_growth_yearly": 0
        },
        "20051": {
            "year_quarter": 20051,
            "year": 2005,
            "quarter": 1,
            "eps": null,
            "eps_growth_year": null,
            "eps_4q": null,
            "eps_4q_growth_year": null,
            "roe": null,
            "roe_4q": 0,
            "gross_profit": null,
            "gross_margin": null,
            "gross_margin_4q_avg": 0,
            "net_income": null,
            "net_income_4q": null,
            "revenue": null,
            "revenue_4q": null,
            "common_shares": null,
            "book_valuer_per_share": null,
            "book_valuer_per_share_4q_avg": 0,
            "equity": null,
            "current_ratio": null,
            "debt_ratio": null,
            "inventory_turnover_ratio": null,
            "account_receivable_turnover_ratio": null,
            "reinvestment_rate": null,
            "research_to_sale_ratio": null,
            "price_fair": 0,
            "eps_avg_yearly": 0,
            "eps_latest_yearly": 0,
            "eps_growth_yearly": 0
        },
        "20052": {
            "year_quarter": 20052,
            "year": 2005,
            "quarter": 2,
            "eps": null,
            "eps_growth_year": null,
            "eps_4q": null,
            "eps_4q_growth_year": null,
            "roe": null,
            "roe_4q": 0,
            "gross_profit": null,
            "gross_margin": null,
            "gross_margin_4q_avg": 0,
            "net_income": null,
            "net_income_4q": null,
            "revenue": null,
            "revenue_4q": null,
            "common_shares": null,
            "book_valuer_per_share": null,
            "book_valuer_per_share_4q_avg": 0,
            "equity": null,
            "current_ratio": null,
            "debt_ratio": null,
            "inventory_turnover_ratio": null,
            "account_receivable_turnover_ratio": null,
            "reinvestment_rate": null,
            "research_to_sale_ratio": null,
            "price_fair": 0,
            "eps_avg_yearly": 0,
            "eps_latest_yearly": 0,
            "eps_growth_yearly": 0
        },
        "20053": {
            "year_quarter": 20053,
            "year": 2005,
            "quarter": 3,
            "eps": null,
            "eps_growth_year": null,
            "eps_4q": null,
            "eps_4q_growth_year": null,
            "roe": null,
            "roe_4q": 0,
            "gross_profit": null,
            "gross_margin": null,
            "gross_margin_4q_avg": 0,
            "net_income": null,
            "net_income_4q": null,
            "revenue": null,
            "revenue_4q": null,
            "common_shares": null,
            "book_valuer_per_share": null,
            "book_valuer_per_share_4q_avg": 0,
            "equity": null,
            "current_ratio": null,
            "debt_ratio": null,
            "inventory_turnover_ratio": null,
            "account_receivable_turnover_ratio": null,
            "reinvestment_rate": null,
            "research_to_sale_ratio": null,
            "price_fair": 0,
            "eps_avg_yearly": 0,
            "eps_latest_yearly": 0,
            "eps_growth_yearly": 0
        },
        "20054": {
            "year_quarter": 20054,
            "year": 2005,
            "quarter": 4,
            "eps": null,
            "eps_growth_year": null,
            "eps_4q": null,
            "eps_4q_growth_year": null,
            "roe": null,
            "roe_4q": 0,
            "gross_profit": null,
            "gross_margin": null,
            "gross_margin_4q_avg": 0,
            "net_income": null,
            "net_income_4q": null,
            "revenue": null,
            "revenue_4q": null,
            "common_shares": null,
            "book_valuer_per_share": null,
            "book_valuer_per_share_4q_avg": 0,
            "equity": null,
            "current_ratio": null,
            "debt_ratio": null,
            "inventory_turnover_ratio": null,
            "account_receivable_turnover_ratio": null,
            "reinvestment_rate": null,
            "research_to_sale_ratio": null,
            "price_fair": 0,
            "eps_avg_yearly": 0,
            "eps_latest_yearly": 0,
            "eps_growth_yearly": 0
        },
        "20061": {
            "year_quarter": 20061,
            "year": 2006,
            "quarter": 1,
            "eps": null,
            "eps_growth_year": null,
            "eps_4q": null,
            "eps_4q_growth_year": null,
            "roe": null,
            "roe_4q": 0,
            "gross_profit": null,
            "gross_margin": null,
            "gross_margin_4q_avg": 0,
            "net_income": null,
            "net_income_4q": null,
            "revenue": null,
            "revenue_4q": null,
            "common_shares": null,
            "book_valuer_per_share": null,
            "book_valuer_per_share_4q_avg": 0,
            "equity": null,
            "current_ratio": null,
            "debt_ratio": null,
            "inventory_turnover_ratio": null,
            "account_receivable_turnover_ratio": null,
            "reinvestment_rate": null,
            "research_to_sale_ratio": null,
            "price_fair": 0,
            "eps_avg_yearly": 0,
            "eps_latest_yearly": 0,
            "eps_growth_yearly": 0
        },
        "20062": {
            "year_quarter": 20062,
            "year": 2006,
            "quarter": 2,
            "eps": null,
            "eps_growth_year": null,
            "eps_4q": null,
            "eps_4q_growth_year": null,
            "roe": null,
            "roe_4q": 0,
            "gross_profit": null,
            "gross_margin": null,
            "gross_margin_4q_avg": 0,
            "net_income": null,
            "net_income_4q": null,
            "revenue": null,
            "revenue_4q": null,
            "common_shares": null,
            "book_valuer_per_share": null,
            "book_valuer_per_share_4q_avg": 0,
            "equity": null,
            "current_ratio": null,
            "debt_ratio": null,
            "inventory_turnover_ratio": null,
            "account_receivable_turnover_ratio": null,
            "reinvestment_rate": null,
            "research_to_sale_ratio": null,
            "price_fair": 0,
            "eps_avg_yearly": 0,
            "eps_latest_yearly": 0,
            "eps_growth_yearly": 0
        },
        "20063": {
            "year_quarter": 20063,
            "year": 2006,
            "quarter": 3,
            "eps": null,
            "eps_growth_year": null,
            "eps_4q": null,
            "eps_4q_growth_year": null,
            "roe": null,
            "roe_4q": 0,
            "gross_profit": null,
            "gross_margin": null,
            "gross_margin_4q_avg": 0,
            "net_income": null,
            "net_income_4q": null,
            "revenue": null,
            "revenue_4q": null,
            "common_shares": null,
            "book_valuer_per_share": null,
            "book_valuer_per_share_4q_avg": 0,
            "equity": null,
            "current_ratio": null,
            "debt_ratio": null,
            "inventory_turnover_ratio": null,
            "account_receivable_turnover_ratio": null,
            "reinvestment_rate": null,
            "research_to_sale_ratio": null,
            "price_fair": 0,
            "eps_avg_yearly": 0,
            "eps_latest_yearly": 0,
            "eps_growth_yearly": 0
        },
        "20064": {
            "year_quarter": 20064,
            "year": 2006,
            "quarter": 4,
            "eps": null,
            "eps_growth_year": null,
            "eps_4q": null,
            "eps_4q_growth_year": null,
            "roe": null,
            "roe_4q": 0,
            "gross_profit": null,
            "gross_margin": null,
            "gross_margin_4q_avg": 0,
            "net_income": null,
            "net_income_4q": null,
            "revenue": null,
            "revenue_4q": null,
            "common_shares": null,
            "book_valuer_per_share": null,
            "book_valuer_per_share_4q_avg": 0,
            "equity": null,
            "current_ratio": null,
            "debt_ratio": null,
            "inventory_turnover_ratio": null,
            "account_receivable_turnover_ratio": null,
            "reinvestment_rate": null,
            "research_to_sale_ratio": null,
            "price_fair": 0,
            "eps_avg_yearly": 0,
            "eps_latest_yearly": 0,
            "eps_growth_yearly": 0
        },
        "20071": {
            "year_quarter": 20071,
            "year": 2007,
            "quarter": 1,
            "eps": null,
            "eps_growth_year": null,
            "eps_4q": null,
            "eps_4q_growth_year": null,
            "roe": null,
            "roe_4q": 0,
            "gross_profit": null,
            "gross_margin": null,
            "gross_margin_4q_avg": 0,
            "net_income": null,
            "net_income_4q": null,
            "revenue": null,
            "revenue_4q": null,
            "common_shares": null,
            "book_valuer_per_share": null,
            "book_valuer_per_share_4q_avg": 0,
            "equity": null,
            "current_ratio": null,
            "debt_ratio": null,
            "inventory_turnover_ratio": null,
            "account_receivable_turnover_ratio": null,
            "reinvestment_rate": null,
            "research_to_sale_ratio": null,
            "price_fair": 0,
            "eps_avg_yearly": 0,
            "eps_latest_yearly": 0,
            "eps_growth_yearly": 0
        },
        "20072": {
            "year_quarter": 20072,
            "year": 2007,
            "quarter": 2,
            "eps": null,
            "eps_growth_year": null,
            "eps_4q": null,
            "eps_4q_growth_year": null,
            "roe": null,
            "roe_4q": 0,
            "gross_profit": null,
            "gross_margin": null,
            "gross_margin_4q_avg": 0,
            "net_income": null,
            "net_income_4q": null,
            "revenue": null,
            "revenue_4q": null,
            "common_shares": null,
            "book_valuer_per_share": null,
            "book_valuer_per_share_4q_avg": 0,
            "equity": null,
            "current_ratio": null,
            "debt_ratio": null,
            "inventory_turnover_ratio": null,
            "account_receivable_turnover_ratio": null,
            "reinvestment_rate": null,
            "research_to_sale_ratio": null,
            "price_fair": 0,
            "eps_avg_yearly": 0,
            "eps_latest_yearly": 0,
            "eps_growth_yearly": 0
        },
        "20073": {
            "year_quarter": 20073,
            "year": 2007,
            "quarter": 3,
            "eps": null,
            "eps_growth_year": null,
            "eps_4q": null,
            "eps_4q_growth_year": null,
            "roe": null,
            "roe_4q": 0,
            "gross_profit": null,
            "gross_margin": null,
            "gross_margin_4q_avg": 0,
            "net_income": null,
            "net_income_4q": null,
            "revenue": null,
            "revenue_4q": null,
            "common_shares": null,
            "book_valuer_per_share": null,
            "book_valuer_per_share_4q_avg": 0,
            "equity": null,
            "current_ratio": null,
            "debt_ratio": null,
            "inventory_turnover_ratio": null,
            "account_receivable_turnover_ratio": null,
            "reinvestment_rate": null,
            "research_to_sale_ratio": null,
            "price_fair": 0,
            "eps_avg_yearly": 0,
            "eps_latest_yearly": 0,
            "eps_growth_yearly": 0
        },
        "20074": {
            "year_quarter": 20074,
            "year": 2007,
            "quarter": 4,
            "eps": null,
            "eps_growth_year": null,
            "eps_4q": null,
            "eps_4q_growth_year": null,
            "roe": null,
            "roe_4q": 0,
            "gross_profit": null,
            "gross_margin": null,
            "gross_margin_4q_avg": 0,
            "net_income": null,
            "net_income_4q": null,
            "revenue": null,
            "revenue_4q": null,
            "common_shares": null,
            "book_valuer_per_share": null,
            "book_valuer_per_share_4q_avg": 0,
            "equity": null,
            "current_ratio": null,
            "debt_ratio": null,
            "inventory_turnover_ratio": null,
            "account_receivable_turnover_ratio": null,
            "reinvestment_rate": null,
            "research_to_sale_ratio": null,
            "price_fair": 0,
            "eps_avg_yearly": 0,
            "eps_latest_yearly": 0,
            "eps_growth_yearly": 0
        },
        "20081": {
            "year_quarter": 20081,
            "year": 2008,
            "quarter": 1,
            "eps": null,
            "eps_growth_year": null,
            "eps_4q": null,
            "eps_4q_growth_year": null,
            "roe": null,
            "roe_4q": 0,
            "gross_profit": null,
            "gross_margin": null,
            "gross_margin_4q_avg": 0,
            "net_income": null,
            "net_income_4q": null,
            "revenue": null,
            "revenue_4q": null,
            "common_shares": null,
            "book_valuer_per_share": null,
            "book_valuer_per_share_4q_avg": 0,
            "equity": null,
            "current_ratio": null,
            "debt_ratio": null,
            "inventory_turnover_ratio": null,
            "account_receivable_turnover_ratio": null,
            "reinvestment_rate": null,
            "research_to_sale_ratio": null,
            "price_fair": 0,
            "eps_avg_yearly": 0,
            "eps_latest_yearly": 0,
            "eps_growth_yearly": 0
        },
        "20082": {
            "year_quarter": 20082,
            "year": 2008,
            "quarter": 2,
            "eps": null,
            "eps_growth_year": null,
            "eps_4q": null,
            "eps_4q_growth_year": null,
            "roe": null,
            "roe_4q": 0,
            "gross_profit": null,
            "gross_margin": null,
            "gross_margin_4q_avg": 0,
            "net_income": null,
            "net_income_4q": null,
            "revenue": null,
            "revenue_4q": null,
            "common_shares": null,
            "book_valuer_per_share": null,
            "book_valuer_per_share_4q_avg": 0,
            "equity": null,
            "current_ratio": null,
            "debt_ratio": null,
            "inventory_turnover_ratio": null,
            "account_receivable_turnover_ratio": null,
            "reinvestment_rate": null,
            "research_to_sale_ratio": null,
            "price_fair": 0,
            "eps_avg_yearly": 0,
            "eps_latest_yearly": 0,
            "eps_growth_yearly": 0
        },
        "20083": {
            "year_quarter": 20083,
            "year": 2008,
            "quarter": 3,
            "eps": null,
            "eps_growth_year": null,
            "eps_4q": null,
            "eps_4q_growth_year": null,
            "roe": null,
            "roe_4q": 0,
            "gross_profit": null,
            "gross_margin": null,
            "gross_margin_4q_avg": 0,
            "net_income": null,
            "net_income_4q": null,
            "revenue": null,
            "revenue_4q": null,
            "common_shares": null,
            "book_valuer_per_share": null,
            "book_valuer_per_share_4q_avg": 0,
            "equity": null,
            "current_ratio": null,
            "debt_ratio": null,
            "inventory_turnover_ratio": null,
            "account_receivable_turnover_ratio": null,
            "reinvestment_rate": null,
            "research_to_sale_ratio": null,
            "price_fair": 0,
            "eps_avg_yearly": 0,
            "eps_latest_yearly": 0,
            "eps_growth_yearly": 0
        },
        "20084": {
            "year_quarter": 20084,
            "year": 2008,
            "quarter": 4,
            "eps": null,
            "eps_growth_year": null,
            "eps_4q": null,
            "eps_4q_growth_year": null,
            "roe": null,
            "roe_4q": 0,
            "gross_profit": null,
            "gross_margin": null,
            "gross_margin_4q_avg": 0,
            "net_income": null,
            "net_income_4q": null,
            "revenue": null,
            "revenue_4q": null,
            "common_shares": 48743,
            "book_valuer_per_share": 34.53,
            "book_valuer_per_share_4q_avg": 8.63,
            "equity": 168300,
            "current_ratio": 304.48,
            "debt_ratio": 26.5,
            "inventory_turnover_ratio": null,
            "account_receivable_turnover_ratio": null,
            "reinvestment_rate": null,
            "research_to_sale_ratio": null,
            "price_fair": 0,
            "eps_avg_yearly": 0,
            "eps_latest_yearly": 0,
            "eps_growth_yearly": 0
        },
        "20091": {
            "year_quarter": 20091,
            "year": 2009,
            "quarter": 1,
            "eps": null,
            "eps_growth_year": null,
            "eps_4q": null,
            "eps_4q_growth_year": null,
            "roe": null,
            "roe_4q": 0,
            "gross_profit": null,
            "gross_margin": null,
            "gross_margin_4q_avg": 0,
            "net_income": null,
            "net_income_4q": null,
            "revenue": null,
            "revenue_4q": null,
            "common_shares": null,
            "book_valuer_per_share": null,
            "book_valuer_per_share_4q_avg": 8.63,
            "equity": null,
            "current_ratio": null,
            "debt_ratio": null,
            "inventory_turnover_ratio": null,
            "account_receivable_turnover_ratio": null,
            "reinvestment_rate": null,
            "research_to_sale_ratio": null,
            "price_fair": 0,
            "eps_avg_yearly": 0,
            "eps_latest_yearly": 0,
            "eps_growth_yearly": 0
        },
        "20092": {
            "year_quarter": 20092,
            "year": 2009,
            "quarter": 2,
            "eps": null,
            "eps_growth_year": null,
            "eps_4q": null,
            "eps_4q_growth_year": null,
            "roe": null,
            "roe_4q": 0,
            "gross_profit": null,
            "gross_margin": null,
            "gross_margin_4q_avg": 0,
            "net_income": null,
            "net_income_4q": null,
            "revenue": null,
            "revenue_4q": null,
            "common_shares": 0,
            "book_valuer_per_share": null,
            "book_valuer_per_share_4q_avg": 8.63,
            "equity": 0,
            "current_ratio": null,
            "debt_ratio": null,
            "inventory_turnover_ratio": null,
            "account_receivable_turnover_ratio": null,
            "reinvestment_rate": null,
            "research_to_sale_ratio": null,
            "price_fair": 0,
            "eps_avg_yearly": 0,
            "eps_latest_yearly": 0,
            "eps_growth_yearly": 0
        },
        "20093": {
            "year_quarter": 20093,
            "year": 2009,
            "quarter": 3,
            "eps": null,
            "eps_growth_year": null,
            "eps_4q": null,
            "eps_4q_growth_year": null,
            "roe": null,
            "roe_4q": 0,
            "gross_profit": null,
            "gross_margin": null,
            "gross_margin_4q_avg": 0,
            "net_income": null,
            "net_income_4q": null,
            "revenue": null,
            "revenue_4q": null,
            "common_shares": null,
            "book_valuer_per_share": null,
            "book_valuer_per_share_4q_avg": 8.63,
            "equity": null,
            "current_ratio": null,
            "debt_ratio": null,
            "inventory_turnover_ratio": null,
            "account_receivable_turnover_ratio": null,
            "reinvestment_rate": null,
            "research_to_sale_ratio": null,
            "price_fair": 0,
            "eps_avg_yearly": 0,
            "eps_latest_yearly": 0,
            "eps_growth_yearly": 0
        },
        "20094": {
            "year_quarter": 20094,
            "year": 2009,
            "quarter": 4,
            "eps": null,
            "eps_growth_year": null,
            "eps_4q": null,
            "eps_4q_growth_year": null,
            "roe": null,
            "roe_4q": 0,
            "gross_profit": null,
            "gross_margin": null,
            "gross_margin_4q_avg": 0,
            "net_income": null,
            "net_income_4q": null,
            "revenue": null,
            "revenue_4q": null,
            "common_shares": 150000,
            "book_valuer_per_share": 11.32,
            "book_valuer_per_share_4q_avg": 2.83,
            "equity": 169734,
            "current_ratio": 346.92,
            "debt_ratio": 24.03,
            "inventory_turnover_ratio": null,
            "account_receivable_turnover_ratio": null,
            "reinvestment_rate": null,
            "research_to_sale_ratio": null,
            "price_fair": 0,
            "eps_avg_yearly": 0,
            "eps_latest_yearly": 0,
            "eps_growth_yearly": 0
        },
        "20101": {
            "year_quarter": 20101,
            "year": 2010,
            "quarter": 1,
            "eps": null,
            "eps_growth_year": null,
            "eps_4q": null,
            "eps_4q_growth_year": null,
            "roe": null,
            "roe_4q": 0,
            "gross_profit": null,
            "gross_margin": null,
            "gross_margin_4q_avg": 0,
            "net_income": null,
            "net_income_4q": null,
            "revenue": null,
            "revenue_4q": null,
            "common_shares": null,
            "book_valuer_per_share": null,
            "book_valuer_per_share_4q_avg": 2.83,
            "equity": null,
            "current_ratio": null,
            "debt_ratio": null,
            "inventory_turnover_ratio": null,
            "account_receivable_turnover_ratio": null,
            "reinvestment_rate": null,
            "research_to_sale_ratio": null,
            "price_fair": 0,
            "eps_avg_yearly": 0,
            "eps_latest_yearly": 0,
            "eps_growth_yearly": 0
        },
        "20102": {
            "year_quarter": 20102,
            "year": 2010,
            "quarter": 2,
            "eps": null,
            "eps_growth_year": null,
            "eps_4q": null,
            "eps_4q_growth_year": null,
            "roe": null,
            "roe_4q": 0,
            "gross_profit": null,
            "gross_margin": null,
            "gross_margin_4q_avg": 0,
            "net_income": null,
            "net_income_4q": null,
            "revenue": null,
            "revenue_4q": null,
            "common_shares": 150000,
            "book_valuer_per_share": 13.28,
            "book_valuer_per_share_4q_avg": 6.15,
            "equity": 199186,
            "current_ratio": 298.16,
            "debt_ratio": 23.85,
            "inventory_turnover_ratio": null,
            "account_receivable_turnover_ratio": null,
            "reinvestment_rate": null,
            "research_to_sale_ratio": null,
            "price_fair": 0,
            "eps_avg_yearly": 0,
            "eps_latest_yearly": 0,
            "eps_growth_yearly": 0
        },
        "20103": {
            "year_quarter": 20103,
            "year": 2010,
            "quarter": 3,
            "eps": null,
            "eps_growth_year": null,
            "eps_4q": null,
            "eps_4q_growth_year": null,
            "roe": null,
            "roe_4q": 0,
            "gross_profit": 14421,
            "gross_margin": null,
            "gross_margin_4q_avg": 0,
            "net_income": 6293,
            "net_income_4q": null,
            "revenue": 68138,
            "revenue_4q": null,
            "common_shares": 169500,
            "book_valuer_per_share": 12.38,
            "book_valuer_per_share_4q_avg": 9.25,
            "equity": 209851,
            "current_ratio": 695.11,
            "debt_ratio": 14.87,
            "inventory_turnover_ratio": null,
            "account_receivable_turnover_ratio": null,
            "reinvestment_rate": null,
            "research_to_sale_ratio": null,
            "price_fair": 0,
            "eps_avg_yearly": 0,
            "eps_latest_yearly": 0,
            "eps_growth_yearly": 0
        },
        "20104": {
            "year_quarter": 20104,
            "year": 2010,
            "quarter": 4,
            "eps": null,
            "eps_growth_year": null,
            "eps_4q": null,
            "eps_4q_growth_year": null,
            "roe": null,
            "roe_4q": 0,
            "gross_profit": 17821,
            "gross_margin": null,
            "gross_margin_4q_avg": 0,
            "net_income": -3241,
            "net_income_4q": null,
            "revenue": 81859,
            "revenue_4q": null,
            "common_shares": 169500,
            "book_valuer_per_share": 11.34,
            "book_valuer_per_share_4q_avg": 9.25,
            "equity": 192288,
            "current_ratio": 368.37,
            "debt_ratio": 19.8,
            "inventory_turnover_ratio": null,
            "account_receivable_turnover_ratio": null,
            "reinvestment_rate": null,
            "research_to_sale_ratio": null,
            "price_fair": 0,
            "eps_avg_yearly": 0,
            "eps_latest_yearly": 0,
            "eps_growth_yearly": 0
        },
        "20111": {
            "year_quarter": 20111,
            "year": 2011,
            "quarter": 1,
            "eps": null,
            "eps_growth_year": null,
            "eps_4q": null,
            "eps_4q_growth_year": null,
            "roe": null,
            "roe_4q": 0,
            "gross_profit": 18873,
            "gross_margin": null,
            "gross_margin_4q_avg": 0,
            "net_income": 2986,
            "net_income_4q": null,
            "revenue": 101046,
            "revenue_4q": null,
            "common_shares": 169500,
            "book_valuer_per_share": 11.85,
            "book_valuer_per_share_4q_avg": 12.21,
            "equity": 200882,
            "current_ratio": 237.21,
            "debt_ratio": 28.16,
            "inventory_turnover_ratio": null,
            "account_receivable_turnover_ratio": null,
            "reinvestment_rate": null,
            "research_to_sale_ratio": null,
            "price_fair": 0,
            "eps_avg_yearly": 0,
            "eps_latest_yearly": 0,
            "eps_growth_yearly": 0
        },
        "20112": {
            "year_quarter": 20112,
            "year": 2011,
            "quarter": 2,
            "eps": 0.3,
            "eps_growth_year": null,
            "eps_4q": 0.3,
            "eps_4q_growth_year": null,
            "roe": 2.82,
            "roe_4q": 2.82,
            "gross_profit": 24617,
            "gross_margin": 17.39,
            "gross_margin_4q_avg": 4.35,
            "net_income": 5671,
            "net_income_4q": null,
            "revenue": 141578,
            "revenue_4q": null,
            "common_shares": 169500,
            "book_valuer_per_share": 11.88,
            "book_valuer_per_share_4q_avg": 11.86,
            "equity": 201381,
            "current_ratio": 310.77,
            "debt_ratio": 23.33,
            "inventory_turnover_ratio": 2.19,
            "account_receivable_turnover_ratio": 4.74,
            "reinvestment_rate": null,
            "research_to_sale_ratio": null,
            "price_fair": 0,
            "eps_avg_yearly": 0,
            "eps_latest_yearly": 0,
            "eps_growth_yearly": 0
        },
        "20113": {
            "year_quarter": 20113,
            "year": 2011,
            "quarter": 3,
            "eps": 0.8,
            "eps_growth_year": null,
            "eps_4q": 1.1,
            "eps_4q_growth_year": null,
            "roe": 7.1,
            "roe_4q": 9.92,
            "gross_profit": 26573,
            "gross_margin": 17.46,
            "gross_margin_4q_avg": 8.71,
            "net_income": 14866,
            "net_income_4q": null,
            "revenue": 152186,
            "revenue_4q": null,
            "common_shares": 186450,
            "book_valuer_per_share": 11.67,
            "book_valuer_per_share_4q_avg": 11.69,
            "equity": 217613,
            "current_ratio": 368.81,
            "debt_ratio": 21.05,
            "inventory_turnover_ratio": 2.63,
            "account_receivable_turnover_ratio": 2.4,
            "reinvestment_rate": null,
            "research_to_sale_ratio": null,
            "price_fair": 112,
            "eps_avg_yearly": 3.2,
            "eps_latest_yearly": 3.2,
            "eps_growth_yearly": 666.67
        },
        "20114": {
            "year_quarter": 20114,
            "year": 2011,
            "quarter": 4,
            "eps": 0.81,
            "eps_growth_year": null,
            "eps_4q": 1.92,
            "eps_4q_growth_year": null,
            "roe": 6.75,
            "roe_4q": 16.669999999999998,
            "gross_profit": 30917,
            "gross_margin": 20.12,
            "gross_margin_4q_avg": 13.74,
            "net_income": 15171,
            "net_income_4q": null,
            "revenue": 153695,
            "revenue_4q": null,
            "common_shares": 186450,
            "book_valuer_per_share": 12.43,
            "book_valuer_per_share_4q_avg": 11.96,
            "equity": 231827,
            "current_ratio": 460.66,
            "debt_ratio": 18.5,
            "inventory_turnover_ratio": 2.45,
            "account_receivable_turnover_ratio": 2.06,
            "reinvestment_rate": null,
            "research_to_sale_ratio": null,
            "price_fair": 112.7,
            "eps_avg_yearly": 3.22,
            "eps_latest_yearly": 3.24,
            "eps_growth_yearly": 335.83
        },
        "20121": {
            "year_quarter": 20121,
            "year": 2012,
            "quarter": 1,
            "eps": 0.8,
            "eps_growth_year": null,
            "eps_4q": 2.49,
            "eps_4q_growth_year": null,
            "roe": 5.79,
            "roe_4q": 22.46,
            "gross_profit": 36379,
            "gross_margin": 23.16,
            "gross_margin_4q_avg": 19.53,
            "net_income": 15019,
            "net_income_4q": null,
            "revenue": 157047,
            "revenue_4q": null,
            "common_shares": 203550,
            "book_valuer_per_share": 14.11,
            "book_valuer_per_share_4q_avg": 12.52,
            "equity": 287143,
            "current_ratio": 300.15,
            "debt_ratio": 24.13,
            "inventory_turnover_ratio": 1.99,
            "account_receivable_turnover_ratio": 2.05,
            "reinvestment_rate": null,
            "research_to_sale_ratio": null,
            "price_fair": 112.47,
            "eps_avg_yearly": 3.21,
            "eps_latest_yearly": 3.2,
            "eps_growth_yearly": 222.24
        },
        "20122": {
            "year_quarter": 20122,
            "year": 2012,
            "quarter": 2,
            "eps": 0.83,
            "eps_growth_year": 173.39,
            "eps_4q": 3.05,
            "eps_4q_growth_year": 901.14,
            "roe": 6.01,
            "roe_4q": 25.65,
            "gross_profit": 29068,
            "gross_margin": 16.18,
            "gross_margin_4q_avg": 19.23,
            "net_income": 16926,
            "net_income_4q": null,
            "revenue": 179622,
            "revenue_4q": null,
            "common_shares": 203550,
            "book_valuer_per_share": 13.56,
            "book_valuer_per_share_4q_avg": 12.94,
            "equity": 275965,
            "current_ratio": 262.11,
            "debt_ratio": 26.75,
            "inventory_turnover_ratio": 2.35,
            "account_receivable_turnover_ratio": 2.14,
            "reinvestment_rate": null,
            "research_to_sale_ratio": null,
            "price_fair": 113.4,
            "eps_avg_yearly": 3.24,
            "eps_latest_yearly": 3.32,
            "eps_growth_yearly": 170.43
        },
        "20123": {
            "year_quarter": 20123,
            "year": 2012,
            "quarter": 3,
            "eps": 0.72,
            "eps_growth_year": -10.12,
            "eps_4q": 3.03,
            "eps_4q_growth_year": 175.21,
            "roe": 5.09,
            "roe_4q": 23.64,
            "gross_profit": 32471,
            "gross_margin": 19.18,
            "gross_margin_4q_avg": 19.66,
            "net_income": 14587,
            "net_income_4q": null,
            "revenue": 169315,
            "revenue_4q": null,
            "common_shares": 203550,
            "book_valuer_per_share": 14.6,
            "book_valuer_per_share_4q_avg": 13.68,
            "equity": 297159,
            "current_ratio": 393.04,
            "debt_ratio": 19.06,
            "inventory_turnover_ratio": 2.29,
            "account_receivable_turnover_ratio": 1.87,
            "reinvestment_rate": null,
            "research_to_sale_ratio": null,
            "price_fair": 110.88,
            "eps_avg_yearly": 3.17,
            "eps_latest_yearly": 2.88,
            "eps_growth_yearly": 125.74
        },
        "20124": {
            "year_quarter": 20124,
            "year": 2012,
            "quarter": 4,
            "eps": 0.68,
            "eps_growth_year": -16.36,
            "eps_4q": 2.97,
            "eps_4q_growth_year": 54.9,
            "roe": 4.57,
            "roe_4q": 21.46,
            "gross_profit": 27144,
            "gross_margin": 17.87,
            "gross_margin_4q_avg": 19.1,
            "net_income": 13852,
            "net_income_4q": null,
            "revenue": 151858,
            "revenue_4q": null,
            "common_shares": 203550,
            "book_valuer_per_share": 15.2,
            "book_valuer_per_share_4q_avg": 14.37,
            "equity": 309403,
            "current_ratio": 271.29,
            "debt_ratio": 24.11,
            "inventory_turnover_ratio": 2.1,
            "account_receivable_turnover_ratio": 1.91,
            "reinvestment_rate": null,
            "research_to_sale_ratio": null,
            "price_fair": 108.27,
            "eps_avg_yearly": 3.09,
            "eps_latest_yearly": 2.72,
            "eps_growth_yearly": 101.08
        },
        "20131": {
            "year_quarter": 20131,
            "year": 2013,
            "quarter": 1,
            "eps": 0.62,
            "eps_growth_year": -22.5,
            "eps_4q": 2.85,
            "eps_4q_growth_year": 14.45,
            "roe": 3.99,
            "roe_4q": 19.66,
            "gross_profit": 31991,
            "gross_margin": 19.01,
            "gross_margin_4q_avg": 18.06,
            "net_income": 12691,
            "net_income_4q": null,
            "revenue": 168296,
            "revenue_4q": null,
            "common_shares": 203550,
            "book_valuer_per_share": 16.02,
            "book_valuer_per_share_4q_avg": 14.85,
            "equity": 326103,
            "current_ratio": 252.3,
            "debt_ratio": 25.37,
            "inventory_turnover_ratio": 2.31,
            "account_receivable_turnover_ratio": 2.01,
            "reinvestment_rate": null,
            "research_to_sale_ratio": null,
            "price_fair": 105.2,
            "eps_avg_yearly": 3.01,
            "eps_latest_yearly": 2.48,
            "eps_growth_yearly": 81.6
        },
        "20132": {
            "year_quarter": 20132,
            "year": 2013,
            "quarter": 2,
            "eps": 0.63,
            "eps_growth_year": -24.24,
            "eps_4q": 2.3,
            "eps_4q_growth_year": -24.41,
            "roe": 3.87,
            "roe_4q": 17.52,
            "gross_profit": 30827,
            "gross_margin": 18.21,
            "gross_margin_4q_avg": 18.57,
            "net_income": 12749,
            "net_income_4q": null,
            "revenue": 169317,
            "revenue_4q": null,
            "common_shares": 203550,
            "book_valuer_per_share": 16.36,
            "book_valuer_per_share_4q_avg": 15.55,
            "equity": 332990,
            "current_ratio": 245.03,
            "debt_ratio": 34.5,
            "inventory_turnover_ratio": 2,
            "account_receivable_turnover_ratio": 1.87,
            "reinvestment_rate": null,
            "research_to_sale_ratio": null,
            "price_fair": 103.08,
            "eps_avg_yearly": 2.95,
            "eps_latest_yearly": 2.52,
            "eps_growth_yearly": 72.21
        },
        "20133": {
            "year_quarter": 20133,
            "year": 2013,
            "quarter": 3,
            "eps": 0.41,
            "eps_growth_year": -42.79,
            "eps_4q": 2.09,
            "eps_4q_growth_year": -31.19,
            "roe": 2.87,
            "roe_4q": 15.3,
            "gross_profit": 21726,
            "gross_margin": 15.53,
            "gross_margin_4q_avg": 17.66,
            "net_income": 9534,
            "net_income_4q": null,
            "revenue": 139913,
            "revenue_4q": null,
            "common_shares": 234083,
            "book_valuer_per_share": 14.12,
            "book_valuer_per_share_4q_avg": 15.43,
            "equity": 330481,
            "current_ratio": 234.2,
            "debt_ratio": 34.63,
            "inventory_turnover_ratio": 1.69,
            "account_receivable_turnover_ratio": 1.66,
            "reinvestment_rate": null,
            "research_to_sale_ratio": null,
            "price_fair": 98,
            "eps_avg_yearly": 2.8,
            "eps_latest_yearly": 1.64,
            "eps_growth_yearly": 48.66
        },
        "20134": {
            "year_quarter": 20134,
            "year": 2013,
            "quarter": 4,
            "eps": 0.53,
            "eps_growth_year": -22.58,
            "eps_4q": 2.02,
            "eps_4q_growth_year": -31.88,
            "roe": 3.67,
            "roe_4q": 14.4,
            "gross_profit": 35143,
            "gross_margin": 22.33,
            "gross_margin_4q_avg": 18.77,
            "net_income": 12333,
            "net_income_4q": null,
            "revenue": 157351,
            "revenue_4q": null,
            "common_shares": 234083,
            "book_valuer_per_share": 14.56,
            "book_valuer_per_share_4q_avg": 15.27,
            "equity": 340923,
            "current_ratio": 274.65,
            "debt_ratio": 31.68,
            "inventory_turnover_ratio": 1.36,
            "account_receivable_turnover_ratio": 2.02,
            "reinvestment_rate": null,
            "research_to_sale_ratio": null,
            "price_fair": 95.62,
            "eps_avg_yearly": 2.73,
            "eps_latest_yearly": 2.12,
            "eps_growth_yearly": 55.5
        },
        "20141": {
            "year_quarter": 20141,
            "year": 2014,
            "quarter": 1,
            "eps": 0.47,
            "eps_growth_year": -24.19,
            "eps_4q": 1.95,
            "eps_4q_growth_year": -31.58,
            "roe": 3.15,
            "roe_4q": 13.560000000000002,
            "gross_profit": 31391,
            "gross_margin": 19.4,
            "gross_margin_4q_avg": 18.87,
            "net_income": 11063,
            "net_income_4q": null,
            "revenue": 161830,
            "revenue_4q": null,
            "common_shares": 234083,
            "book_valuer_per_share": 15.43,
            "book_valuer_per_share_4q_avg": 15.12,
            "equity": 361134,
            "current_ratio": 193,
            "debt_ratio": 36.5,
            "inventory_turnover_ratio": 1.15,
            "account_receivable_turnover_ratio": 1.91,
            "reinvestment_rate": null,
            "research_to_sale_ratio": null,
            "price_fair": 92.91,
            "eps_avg_yearly": 2.65,
            "eps_latest_yearly": 1.88,
            "eps_growth_yearly": 46.34
        },
        "20142": {
            "year_quarter": 20142,
            "year": 2014,
            "quarter": 2,
            "eps": 0.47,
            "eps_growth_year": -25.4,
            "eps_4q": 1.64,
            "eps_4q_growth_year": -28.93,
            "roe": 3.04,
            "roe_4q": 12.73,
            "gross_profit": 31518,
            "gross_margin": 16.88,
            "gross_margin_4q_avg": 18.54,
            "net_income": 11108,
            "net_income_4q": null,
            "revenue": 186663,
            "revenue_4q": null,
            "common_shares": 234083,
            "book_valuer_per_share": 15.83,
            "book_valuer_per_share_4q_avg": 14.99,
            "equity": 370554,
            "current_ratio": 158.27,
            "debt_ratio": 44.89,
            "inventory_turnover_ratio": 1.35,
            "account_receivable_turnover_ratio": 2.04,
            "reinvestment_rate": 116.12,
            "research_to_sale_ratio": null,
            "price_fair": 90.65,
            "eps_avg_yearly": 2.59,
            "eps_latest_yearly": 1.88,
            "eps_growth_yearly": 42.48
        },
        "20143": {
            "year_quarter": 20143,
            "year": 2014,
            "quarter": 3,
            "eps": 0.34,
            "eps_growth_year": -17.07,
            "eps_4q": 1.62,
            "eps_4q_growth_year": -22.36,
            "roe": 2.42,
            "roe_4q": 12.28,
            "gross_profit": 31550,
            "gross_margin": 16.79,
            "gross_margin_4q_avg": 18.85,
            "net_income": 9091,
            "net_income_4q": null,
            "revenue": 187962,
            "revenue_4q": null,
            "common_shares": 269195,
            "book_valuer_per_share": 14.09,
            "book_valuer_per_share_4q_avg": 14.98,
            "equity": 379293,
            "current_ratio": 117.42,
            "debt_ratio": 50.8,
            "inventory_turnover_ratio": 1.23,
            "account_receivable_turnover_ratio": 1.99,
            "reinvestment_rate": 187.17,
            "research_to_sale_ratio": null,
            "price_fair": 87.34,
            "eps_avg_yearly": 2.5,
            "eps_latest_yearly": 1.36,
            "eps_growth_yearly": 30.7
        },
        "20144": {
            "year_quarter": 20144,
            "year": 2014,
            "quarter": 4,
            "eps": 0.35,
            "eps_growth_year": -33.33,
            "eps_4q": 1.51,
            "eps_4q_growth_year": -25.15,
            "roe": 2.5,
            "roe_4q": 11.11,
            "gross_profit": 39514,
            "gross_margin": 20.98,
            "gross_margin_4q_avg": 18.51,
            "net_income": 9456,
            "net_income_4q": null,
            "revenue": 188365,
            "revenue_4q": null,
            "common_shares": 269195,
            "book_valuer_per_share": 13.99,
            "book_valuer_per_share_4q_avg": 14.84,
            "equity": 376623,
            "current_ratio": 110.76,
            "debt_ratio": 50.76,
            "inventory_turnover_ratio": 0.98,
            "account_receivable_turnover_ratio": 2.1,
            "reinvestment_rate": 180.38,
            "research_to_sale_ratio": null,
            "price_fair": 84.6,
            "eps_avg_yearly": 2.42,
            "eps_latest_yearly": 1.4,
            "eps_growth_yearly": 29.35
        },
        "20151": {
            "year_quarter": 20151,
            "year": 2015,
            "quarter": 1,
            "eps": 0.69,
            "eps_growth_year": 46.81,
            "eps_4q": 1.79,
            "eps_4q_growth_year": -8.3,
            "roe": 5.05,
            "roe_4q": 13.009999999999998,
            "gross_profit": 40913,
            "gross_margin": 19.03,
            "gross_margin_4q_avg": 18.42,
            "net_income": 18517,
            "net_income_4q": null,
            "revenue": 215002,
            "revenue_4q": null,
            "common_shares": 269195,
            "book_valuer_per_share": 13.23,
            "book_valuer_per_share_4q_avg": 14.29,
            "equity": 356018,
            "current_ratio": 100.66,
            "debt_ratio": 53.88,
            "inventory_turnover_ratio": 1.09,
            "account_receivable_turnover_ratio": 2.36,
            "reinvestment_rate": 159.1,
            "research_to_sale_ratio": null,
            "price_fair": 85.4,
            "eps_avg_yearly": 2.44,
            "eps_latest_yearly": 2.76,
            "eps_growth_yearly": 53.3
        },
        "20152": {
            "year_quarter": 20152,
            "year": 2015,
            "quarter": 2,
            "eps": 0.25,
            "eps_growth_year": -46.81,
            "eps_4q": 1.46,
            "eps_4q_growth_year": -10.9,
            "roe": 1.95,
            "roe_4q": 11.92,
            "gross_profit": 21964,
            "gross_margin": 17.22,
            "gross_margin_4q_avg": 18.51,
            "net_income": 6881,
            "net_income_4q": null,
            "revenue": 127521,
            "revenue_4q": null,
            "common_shares": 269195,
            "book_valuer_per_share": 12.96,
            "book_valuer_per_share_4q_avg": 13.57,
            "equity": 348956,
            "current_ratio": 103.01,
            "debt_ratio": 51.34,
            "inventory_turnover_ratio": 0.69,
            "account_receivable_turnover_ratio": 1.45,
            "reinvestment_rate": 150.68,
            "research_to_sale_ratio": null,
            "price_fair": 82.25,
            "eps_avg_yearly": 2.35,
            "eps_latest_yearly": 1,
            "eps_growth_yearly": 34.02
        },
        "20153": {
            "year_quarter": 20153,
            "year": 2015,
            "quarter": 3,
            "eps": 0.26,
            "eps_growth_year": -23.53,
            "eps_4q": 1.41,
            "eps_4q_growth_year": -12.83,
            "roe": 2.34,
            "roe_4q": 11.84,
            "gross_profit": 26808,
            "gross_margin": 21.66,
            "gross_margin_4q_avg": 19.72,
            "net_income": 7710,
            "net_income_4q": null,
            "revenue": 123760,
            "revenue_4q": null,
            "common_shares": 301498,
            "book_valuer_per_share": 10.31,
            "book_valuer_per_share_4q_avg": 12.62,
            "equity": 310827,
            "current_ratio": 102.21,
            "debt_ratio": 52.8,
            "inventory_turnover_ratio": 0.82,
            "account_receivable_turnover_ratio": 1.28,
            "reinvestment_rate": 134.7,
            "research_to_sale_ratio": null,
            "price_fair": 6.65,
            "eps_avg_yearly": 2.22,
            "eps_latest_yearly": 1.04,
            "eps_growth_yearly": -6.64
        },
        "20154": {
            "year_quarter": 20154,
            "year": 2015,
            "quarter": 4,
            "eps": 0.21,
            "eps_growth_year": -41.29,
            "eps_4q": 1.3,
            "eps_4q_growth_year": -13.77,
            "roe": 1.94,
            "roe_4q": 11.28,
            "gross_profit": 33046,
            "gross_margin": 31.44,
            "gross_margin_4q_avg": 22.34,
            "net_income": 6218,
            "net_income_4q": null,
            "revenue": 105107,
            "revenue_4q": null,
            "common_shares": 301498,
            "book_valuer_per_share": 10.99,
            "book_valuer_per_share_4q_avg": 11.87,
            "equity": 331351,
            "current_ratio": 107.21,
            "debt_ratio": 47.47,
            "inventory_turnover_ratio": 0.97,
            "account_receivable_turnover_ratio": 1.08,
            "reinvestment_rate": 147.46,
            "research_to_sale_ratio": null,
            "price_fair": 6.2,
            "eps_avg_yearly": 2.07,
            "eps_latest_yearly": 0.84,
            "eps_growth_yearly": -11.76
        },
        "20161": {
            "year_quarter": 20161,
            "year": 2016,
            "quarter": 1,
            "eps": 0.25,
            "eps_growth_year": -63.77,
            "eps_4q": 0.94,
            "eps_4q_growth_year": -47.61,
            "roe": 2.11,
            "roe_4q": 8.34,
            "gross_profit": 35013,
            "gross_margin": 30.1,
            "gross_margin_4q_avg": 25.11,
            "net_income": 7459,
            "net_income_4q": null,
            "revenue": 116320,
            "revenue_4q": null,
            "common_shares": 301498,
            "book_valuer_per_share": 12.48,
            "book_valuer_per_share_4q_avg": 11.69,
            "equity": 376344,
            "current_ratio": 116.2,
            "debt_ratio": 43.73,
            "inventory_turnover_ratio": 1.18,
            "account_receivable_turnover_ratio": 1.39,
            "reinvestment_rate": 156.95,
            "research_to_sale_ratio": null,
            "price_fair": 5.78,
            "eps_avg_yearly": 1.93,
            "eps_latest_yearly": 1,
            "eps_growth_yearly": -6.69
        },
        "20162": {
            "year_quarter": 20162,
            "year": 2016,
            "quarter": 2,
            "eps": 0.53,
            "eps_growth_year": 112,
            "eps_4q": 1.24,
            "eps_4q_growth_year": -14.87,
            "roe": 4.23,
            "roe_4q": 10.62,
            "gross_profit": 37321,
            "gross_margin": 27.6,
            "gross_margin_4q_avg": 27.7,
            "net_income": 16023,
            "net_income_4q": null,
            "revenue": 135226,
            "revenue_4q": null,
            "common_shares": 301498,
            "book_valuer_per_share": 12.62,
            "book_valuer_per_share_4q_avg": 11.6,
            "equity": 380567,
            "current_ratio": 120.75,
            "debt_ratio": 44.33,
            "inventory_turnover_ratio": 1.07,
            "account_receivable_turnover_ratio": 1.46,
            "reinvestment_rate": 149.2,
            "research_to_sale_ratio": null,
            "price_fair": 56.26,
            "eps_avg_yearly": 1.85,
            "eps_latest_yearly": 2.12,
            "eps_growth_yearly": 20.37
        },
        "20163": {
            "year_quarter": 20163,
            "year": 2016,
            "quarter": 3,
            "eps": 0.43,
            "eps_growth_year": 65.38,
            "eps_4q": 1.41,
            "eps_4q_growth_year": 0.06,
            "roe": 3.47,
            "roe_4q": 11.75,
            "gross_profit": 28560,
            "gross_margin": 19.8,
            "gross_margin_4q_avg": 27.24,
            "net_income": 12891,
            "net_income_4q": null,
            "revenue": 144262,
            "revenue_4q": null,
            "common_shares": 301498,
            "book_valuer_per_share": 12.04,
            "book_valuer_per_share_4q_avg": 12.03,
            "equity": 363009,
            "current_ratio": 123.71,
            "debt_ratio": 42.53,
            "inventory_turnover_ratio": 1.25,
            "account_receivable_turnover_ratio": 1.67,
            "reinvestment_rate": 130.04,
            "research_to_sale_ratio": null,
            "price_fair": 51.56,
            "eps_avg_yearly": 1.78,
            "eps_latest_yearly": 1.72,
            "eps_growth_yearly": 18.97
        },
        "20164": {
            "year_quarter": 20164,
            "year": 2016,
            "quarter": 4,
            "eps": 0.8,
            "eps_growth_year": 285.73,
            "eps_4q": 2,
            "eps_4q_growth_year": 53.48,
            "roe": 6.62,
            "roe_4q": 16.43,
            "gross_profit": 43213,
            "gross_margin": 30.47,
            "gross_margin_4q_avg": 26.99,
            "net_income": 23985,
            "net_income_4q": null,
            "revenue": 141834,
            "revenue_4q": null,
            "common_shares": 301498,
            "book_valuer_per_share": 12,
            "book_valuer_per_share_4q_avg": 12.29,
            "equity": 361775,
            "current_ratio": 134.84,
            "debt_ratio": 41.29,
            "inventory_turnover_ratio": 1.45,
            "account_receivable_turnover_ratio": 1.81,
            "reinvestment_rate": 90.76,
            "research_to_sale_ratio": null,
            "price_fair": 63.35,
            "eps_avg_yearly": 1.81,
            "eps_latest_yearly": 3.2,
            "eps_growth_yearly": 41.87
        },
        "20171": {
            "year_quarter": 20171,
            "year": 2017,
            "quarter": 1,
            "eps": 0.2,
            "eps_growth_year": -20,
            "eps_4q": 1.95,
            "eps_4q_growth_year": 108.28,
            "roe": 1.67,
            "roe_4q": 15.99,
            "gross_profit": 15426,
            "gross_margin": 13.49,
            "gross_margin_4q_avg": 22.84,
            "net_income": 5978,
            "net_income_4q": null,
            "revenue": 114371,
            "revenue_4q": null,
            "common_shares": 301498,
            "book_valuer_per_share": 11.75,
            "book_valuer_per_share_4q_avg": 12.1,
            "equity": 354133,
            "current_ratio": 142.45,
            "debt_ratio": 38.23,
            "inventory_turnover_ratio": 1.54,
            "account_receivable_turnover_ratio": 1.61,
            "reinvestment_rate": 82.77,
            "research_to_sale_ratio": null,
            "price_fair": 59.68,
            "eps_avg_yearly": 1.71,
            "eps_latest_yearly": 0.8,
            "eps_growth_yearly": 25.32
        },
        "20172": {
            "year_quarter": 20172,
            "year": 2017,
            "quarter": 2,
            "eps": -0.1,
            "eps_growth_year": -118.87,
            "eps_4q": 1.21,
            "eps_4q_growth_year": -2.86,
            "roe": -0.81,
            "roe_4q": 10.950000000000001,
            "gross_profit": 16095,
            "gross_margin": 13.4,
            "gross_margin_4q_avg": 19.29,
            "net_income": -2881,
            "net_income_4q": null,
            "revenue": 120096,
            "revenue_4q": null,
            "common_shares": 301498,
            "book_valuer_per_share": 11.81,
            "book_valuer_per_share_4q_avg": 11.9,
            "equity": 356107,
            "current_ratio": 135.07,
            "debt_ratio": 40.77,
            "inventory_turnover_ratio": 1.47,
            "account_receivable_turnover_ratio": 1.91,
            "reinvestment_rate": 37.13,
            "research_to_sale_ratio": null,
            "price_fair": 57.77,
            "eps_avg_yearly": 1.65,
            "eps_latest_yearly": 0.8,
            "eps_growth_yearly": 26.58
        },
        "20173": {
            "year_quarter": 20173,
            "year": 2017,
            "quarter": 3,
            "eps": 0,
            "eps_growth_year": -100,
            "eps_4q": 0.82,
            "eps_4q_growth_year": -42.12,
            "roe": 0.01,
            "roe_4q": 7.49,
            "gross_profit": 15744,
            "gross_margin": 19.12,
            "gross_margin_4q_avg": 19.12,
            "net_income": 33,
            "net_income_4q": null,
            "revenue": 82329,
            "revenue_4q": null,
            "common_shares": 331648,
            "book_valuer_per_share": 10.93,
            "book_valuer_per_share_4q_avg": 11.62,
            "equity": 362413,
            "current_ratio": 132.4,
            "debt_ratio": 42.33,
            "inventory_turnover_ratio": 0.7,
            "account_receivable_turnover_ratio": 1.65,
            "reinvestment_rate": 42.66,
            "research_to_sale_ratio": null,
            "price_fair": 57.8,
            "eps_avg_yearly": 1.65,
            "eps_latest_yearly": 0.8,
            "eps_growth_yearly": 38.46
        },
        "20174": {
            "year_quarter": 20174,
            "year": 2017,
            "quarter": 4,
            "eps": -0.04,
            "eps_growth_year": -104.69,
            "eps_4q": 0.06,
            "eps_4q_growth_year": -97.15,
            "roe": -0.34,
            "roe_4q": 0.5299999999999998,
            "gross_profit": 23105,
            "gross_margin": 23.25,
            "gross_margin_4q_avg": 17.32,
            "net_income": -1238,
            "net_income_4q": null,
            "revenue": 99365,
            "revenue_4q": null,
            "common_shares": 331648,
            "book_valuer_per_share": 11.12,
            "book_valuer_per_share_4q_avg": 11.4,
            "equity": 368897,
            "current_ratio": 111.58,
            "debt_ratio": 41.07,
            "inventory_turnover_ratio": 0.61,
            "account_receivable_turnover_ratio": 2.5,
            "reinvestment_rate": 52.3,
            "research_to_sale_ratio": null,
            "price_fair": 56.54,
            "eps_avg_yearly": 1.62,
            "eps_latest_yearly": 0.8,
            "eps_growth_yearly": 32.41
        },
        "20181": {
            "year_quarter": 20181,
            "year": 2018,
            "quarter": 1,
            "eps": 0.01,
            "eps_growth_year": -95,
            "eps_4q": -0.11,
            "eps_4q_growth_year": -105.88,
            "roe": 0.07,
            "roe_4q": -1.07,
            "gross_profit": 11650,
            "gross_margin": 7.48,
            "gross_margin_4q_avg": 15.81,
            "net_income": 281,
            "net_income_4q": null,
            "revenue": 155749,
            "revenue_4q": null,
            "common_shares": 331648,
            "book_valuer_per_share": 11.54,
            "book_valuer_per_share_4q_avg": 11.35,
            "equity": 382734,
            "current_ratio": 131.34,
            "debt_ratio": 42.28,
            "inventory_turnover_ratio": 1.06,
            "account_receivable_turnover_ratio": 2.41,
            "reinvestment_rate": 40.72,
            "research_to_sale_ratio": null,
            "price_fair": 55.77,
            "eps_avg_yearly": 1.59,
            "eps_latest_yearly": 0.8,
            "eps_growth_yearly": 38.88
        },
        "20182": {
            "year_quarter": 20182,
            "year": 2018,
            "quarter": 2,
            "eps": 0.4,
            "eps_growth_year": null,
            "eps_4q": 0.37,
            "eps_4q_growth_year": -69.1,
            "roe": 3.4,
            "roe_4q": 3.1399999999999997,
            "gross_profit": 33356,
            "gross_margin": 16.51,
            "gross_margin_4q_avg": 16.59,
            "net_income": 13276,
            "net_income_4q": null,
            "revenue": 202080,
            "revenue_4q": null,
            "common_shares": 331648,
            "book_valuer_per_share": 12.01,
            "book_valuer_per_share_4q_avg": 11.4,
            "equity": 398299,
            "current_ratio": 136.04,
            "debt_ratio": 40,
            "inventory_turnover_ratio": 1.32,
            "account_receivable_turnover_ratio": 2.09,
            "reinvestment_rate": 12.74,
            "research_to_sale_ratio": null,
            "price_fair": 54.95,
            "eps_avg_yearly": 1.57,
            "eps_latest_yearly": 1.6,
            "eps_growth_yearly": 1338.88
        },
        "20183": {
            "year_quarter": 20183,
            "year": 2018,
            "quarter": 3,
            "eps": 0.62,
            "eps_growth_year": null,
            "eps_4q": 0.99,
            "eps_4q_growth_year": 21.29,
            "roe": 5.11,
            "roe_4q": 8.24,
            "gross_profit": 42404,
            "gross_margin": 18.19,
            "gross_margin_4q_avg": 16.36,
            "net_income": 20569,
            "net_income_4q": null,
            "revenue": 233122,
            "revenue_4q": null,
            "common_shares": 331648,
            "book_valuer_per_share": 12.27,
            "book_valuer_per_share_4q_avg": 11.74,
            "equity": 406810,
            "current_ratio": 134.47,
            "debt_ratio": 42.38,
            "inventory_turnover_ratio": 1.54,
            "account_receivable_turnover_ratio": 2.09,
            "reinvestment_rate": -85.96,
            "research_to_sale_ratio": null,
            "price_fair": 58.22,
            "eps_avg_yearly": 1.66,
            "eps_latest_yearly": 2.48,
            "eps_growth_yearly": 1366.44
        },
        "20184": {
            "year_quarter": 20184,
            "year": 2018,
            "quarter": 4,
            "eps": 0.41,
            "eps_growth_year": null,
            "eps_4q": 1.44,
            "eps_4q_growth_year": 2423.33,
            "roe": 3.28,
            "roe_4q": 11.860000000000001,
            "gross_profit": 43361,
            "gross_margin": 17.35,
            "gross_margin_4q_avg": 14.88,
            "net_income": 13615,
            "net_income_4q": null,
            "revenue": 249914,
            "revenue_4q": null,
            "common_shares": 331648,
            "book_valuer_per_share": 12.74,
            "book_valuer_per_share_4q_avg": 12.14,
            "equity": 422453,
            "current_ratio": 135.78,
            "debt_ratio": 42.09,
            "inventory_turnover_ratio": 1.5,
            "account_receivable_turnover_ratio": 2.25,
            "reinvestment_rate": -83.63,
            "research_to_sale_ratio": null,
            "price_fair": 58.92,
            "eps_avg_yearly": 1.68,
            "eps_latest_yearly": 1.64,
            "eps_growth_yearly": 1354.17
        },
        "20191": {
            "year_quarter": 20191,
            "year": 2019,
            "quarter": 1,
            "eps": 0.34,
            "eps_growth_year": 3300,
            "eps_4q": 1.77,
            "eps_4q_growth_year": null,
            "roe": 2.59,
            "roe_4q": 14.38,
            "gross_profit": 25343,
            "gross_margin": 13.32,
            "gross_margin_4q_avg": 16.34,
            "net_income": 11213,
            "net_income_4q": null,
            "revenue": 190197,
            "revenue_4q": null,
            "common_shares": 331648,
            "book_valuer_per_share": 13.39,
            "book_valuer_per_share_4q_avg": 12.6,
            "equity": 444027,
            "current_ratio": 143.76,
            "debt_ratio": 39.96,
            "inventory_turnover_ratio": 1.23,
            "account_receivable_turnover_ratio": 1.93,
            "reinvestment_rate": -79.81,
            "research_to_sale_ratio": null,
            "price_fair": 54.83,
            "eps_avg_yearly": 1.57,
            "eps_latest_yearly": 1.36,
            "eps_growth_yearly": 1316.09
        },
        "20192": {
            "year_quarter": 20192,
            "year": 2019,
            "quarter": 2,
            "eps": 0.2,
            "eps_growth_year": -50,
            "eps_4q": 1.56,
            "eps_4q_growth_year": 320.03,
            "roe": 1.51,
            "roe_4q": 12.489999999999998,
            "gross_profit": 25291,
            "gross_margin": 14.41,
            "gross_margin_4q_avg": 15.82,
            "net_income": 6485,
            "net_income_4q": null,
            "revenue": 175489,
            "revenue_4q": null,
            "common_shares": 331648,
            "book_valuer_per_share": 12.47,
            "book_valuer_per_share_4q_avg": 12.72,
            "equity": 413636,
            "current_ratio": 133.58,
            "debt_ratio": 41.56,
            "inventory_turnover_ratio": 1.3,
            "account_receivable_turnover_ratio": 1.64,
            "reinvestment_rate": -69.28,
            "research_to_sale_ratio": null,
            "price_fair": 54.25,
            "eps_avg_yearly": 1.55,
            "eps_latest_yearly": 0.8,
            "eps_growth_yearly": 1323.62
        },
        "20193": {
            "year_quarter": 20193,
            "year": 2019,
            "quarter": 3,
            "eps": 0.11,
            "eps_growth_year": -82.26,
            "eps_4q": 1.05,
            "eps_4q_growth_year": 6.32,
            "roe": 0.89,
            "roe_4q": 8.27,
            "gross_profit": 7451,
            "gross_margin": 6.17,
            "gross_margin_4q_avg": 12.81,
            "net_income": 3652,
            "net_income_4q": null,
            "revenue": 120838,
            "revenue_4q": null,
            "common_shares": 331648,
            "book_valuer_per_share": 12.41,
            "book_valuer_per_share_4q_avg": 12.75,
            "equity": 411463,
            "current_ratio": 131.48,
            "debt_ratio": 38.71,
            "inventory_turnover_ratio": 1.03,
            "account_receivable_turnover_ratio": 1.27,
            "reinvestment_rate": -45.5,
            "research_to_sale_ratio": null,
            "price_fair": 52.5,
            "eps_avg_yearly": 1.5,
            "eps_latest_yearly": 0.44,
            "eps_growth_yearly": 1307.29
        },
        "20194": {
            "year_quarter": 20194,
            "year": 2019,
            "quarter": 4,
            "eps": -0.4,
            "eps_growth_year": -197.3,
            "eps_4q": 0.24,
            "eps_4q_growth_year": -83.03,
            "roe": -3.29,
            "roe_4q": 1.7,
            "gross_profit": 180,
            "gross_margin": 0.16,
            "gross_margin_4q_avg": 8.52,
            "net_income": -13247,
            "net_income_4q": null,
            "revenue": 110837,
            "revenue_4q": null,
            "common_shares": 331648,
            "book_valuer_per_share": 11.87,
            "book_valuer_per_share_4q_avg": 12.54,
            "equity": 393547,
            "current_ratio": 117.18,
            "debt_ratio": 36.57,
            "inventory_turnover_ratio": 0.99,
            "account_receivable_turnover_ratio": 1.53,
            "reinvestment_rate": -50.81,
            "research_to_sale_ratio": null,
            "price_fair": 54.6,
            "eps_avg_yearly": 1.56,
            "eps_latest_yearly": 0.44,
            "eps_growth_yearly": 1433.13
        },
        "20201": {
            "year_quarter": 20201,
            "year": 2020,
            "quarter": 1,
            "eps": -0.1,
            "eps_growth_year": -129.41,
            "eps_4q": -0.2,
            "eps_4q_growth_year": -111.14,
            "roe": -0.9,
            "roe_4q": -1.7900000000000003,
            "gross_profit": 11521,
            "gross_margin": 9.41,
            "gross_margin_4q_avg": 7.54,
            "net_income": -3425,
            "net_income_4q": null,
            "revenue": 122485,
            "revenue_4q": null,
            "common_shares": 331648,
            "book_valuer_per_share": 11.21,
            "book_valuer_per_share_4q_avg": 11.99,
            "equity": 371619,
            "current_ratio": 107.68,
            "debt_ratio": 41.39,
            "inventory_turnover_ratio": 0.94,
            "account_receivable_turnover_ratio": 1.41,
            "reinvestment_rate": -91.51,
            "research_to_sale_ratio": null,
            "price_fair": 56.56,
            "eps_avg_yearly": 1.62,
            "eps_latest_yearly": 0.44,
            "eps_growth_yearly": 1568.82
        },
        "20202": {
            "year_quarter": 20202,
            "year": 2020,
            "quarter": 2,
            "eps": 0.17,
            "eps_growth_year": -15,
            "eps_4q": -0.22,
            "eps_4q_growth_year": -114.38,
            "roe": 1.54,
            "roe_4q": -1.7599999999999998,
            "gross_profit": 20612,
            "gross_margin": 13.44,
            "gross_margin_4q_avg": 7.3,
            "net_income": 5560,
            "net_income_4q": null,
            "revenue": 153380,
            "revenue_4q": null,
            "common_shares": 331648,
            "book_valuer_per_share": 10.62,
            "book_valuer_per_share_4q_avg": 11.53,
            "equity": 352126,
            "current_ratio": 102.21,
            "debt_ratio": 45.96,
            "inventory_turnover_ratio": 1.16,
            "account_receivable_turnover_ratio": 1.59,
            "reinvestment_rate": -91.76,
            "research_to_sale_ratio": null,
            "price_fair": 54.6,
            "eps_avg_yearly": 1.56,
            "eps_latest_yearly": 0.44,
            "eps_growth_yearly": 1693.36
        },
        "20203": {
            "year_quarter": 20203,
            "year": 2020,
            "quarter": 3,
            "eps": 1.28,
            "eps_growth_year": 1063.64,
            "eps_4q": 0.94,
            "eps_4q_growth_year": -11.15,
            "roe": 11.23,
            "roe_4q": 8.579999999999998,
            "gross_profit": 25096,
            "gross_margin": 15.09,
            "gross_margin_4q_avg": 9.53,
            "net_income": 42177,
            "net_income_4q": null,
            "revenue": 166361,
            "revenue_4q": null,
            "common_shares": 331648,
            "book_valuer_per_share": 12.04,
            "book_valuer_per_share_4q_avg": 11.44,
            "equity": 399305,
            "current_ratio": 132.32,
            "debt_ratio": 39.3,
            "inventory_turnover_ratio": 1.22,
            "account_receivable_turnover_ratio": 1.84,
            "reinvestment_rate": -64.86,
            "research_to_sale_ratio": null,
            "price_fair": 67.82,
            "eps_avg_yearly": 1.94,
            "eps_latest_yearly": 5.12,
            "eps_growth_yearly": 1991.94
        },
        "20204": {
            "year_quarter": 20204,
            "year": 2020,
            "quarter": 4,
            "eps": 0.26,
            "eps_growth_year": null,
            "eps_4q": 1.61,
            "eps_4q_growth_year": 557.13,
            "roe": 2.13,
            "roe_4q": 13.999999999999998,
            "gross_profit": 18668,
            "gross_margin": 10.93,
            "gross_margin_4q_avg": 12.22,
            "net_income": 8540,
            "net_income_4q": null,
            "revenue": 170809,
            "revenue_4q": null,
            "common_shares": 331648,
            "book_valuer_per_share": 12.25,
            "book_valuer_per_share_4q_avg": 11.53,
            "equity": 403323,
            "current_ratio": 117.21,
            "debt_ratio": 45.31,
            "inventory_turnover_ratio": 1.04,
            "account_receivable_turnover_ratio": 2.08,
            "reinvestment_rate": -33.97,
            "research_to_sale_ratio": null,
            "price_fair": 59.42,
            "eps_avg_yearly": 1.7,
            "eps_latest_yearly": 1.04,
            "eps_growth_yearly": 1918.28
        },
        "20211": {
            "year_quarter": 20211,
            "year": 2021,
            "quarter": 1,
            "eps": 0.49,
            "eps_growth_year": null,
            "eps_4q": 2.21,
            "eps_4q_growth_year": null,
            "roe": 3.94,
            "roe_4q": 18.84,
            "gross_profit": 39178,
            "gross_margin": 18.9,
            "gross_margin_4q_avg": 14.59,
            "net_income": 15973,
            "net_income_4q": null,
            "revenue": 207263,
            "revenue_4q": null,
            "common_shares": 331648,
            "book_valuer_per_share": 12.48,
            "book_valuer_per_share_4q_avg": 11.85,
            "equity": 407644,
            "current_ratio": 129.43,
            "debt_ratio": 37.51,
            "inventory_turnover_ratio": 1.05,
            "account_receivable_turnover_ratio": 2.25,
            "reinvestment_rate": -26.92,
            "research_to_sale_ratio": null,
            "price_fair": 63.93,
            "eps_avg_yearly": 1.83,
            "eps_latest_yearly": 1.96,
            "eps_growth_yearly": 1990.93
        },
        "20212": {
            "year_quarter": 20212,
            "year": 2021,
            "quarter": 2,
            "eps": 0.78,
            "eps_growth_year": 358.82,
            "eps_4q": 2.82,
            "eps_4q_growth_year": null,
            "roe": 6.23,
            "roe_4q": 23.53,
            "gross_profit": 46733,
            "gross_margin": 26.2,
            "gross_margin_4q_avg": 17.78,
            "net_income": 25391,
            "net_income_4q": null,
            "revenue": 178342,
            "revenue_4q": null,
            "common_shares": 331648,
            "book_valuer_per_share": 12.46,
            "book_valuer_per_share_4q_avg": 12.31,
            "equity": 406935,
            "current_ratio": 128.06,
            "debt_ratio": 46.48,
            "inventory_turnover_ratio": 0.82,
            "account_receivable_turnover_ratio": 1.76,
            "reinvestment_rate": -30.4,
            "research_to_sale_ratio": null,
            "price_fair": 68.46,
            "eps_avg_yearly": 1.96,
            "eps_latest_yearly": 3.12,
            "eps_growth_yearly": 1815.51
        },
        "20213": {
            "year_quarter": 20213,
            "year": 2021,
            "quarter": 3,
            "eps": 0.05,
            "eps_growth_year": -96.09,
            "eps_4q": 1.58,
            "eps_4q_growth_year": 68.73,
            "roe": 0.42,
            "roe_4q": 12.719999999999999,
            "gross_profit": 12403,
            "gross_margin": 15.02,
            "gross_margin_4q_avg": 17.76,
            "net_income": 1722,
            "net_income_4q": null,
            "revenue": 82561,
            "revenue_4q": null,
            "common_shares": 331648,
            "book_valuer_per_share": 12.38,
            "book_valuer_per_share_4q_avg": 12.39,
            "equity": 404471,
            "current_ratio": 149.74,
            "debt_ratio": 38.02,
            "inventory_turnover_ratio": 0.39,
            "account_receivable_turnover_ratio": 0.97,
            "reinvestment_rate": -35.96,
            "research_to_sale_ratio": null,
            "price_fair": 62.87,
            "eps_avg_yearly": 1.8,
            "eps_latest_yearly": 0.2,
            "eps_growth_yearly": 1616.43
        },
        "20214": {
            "year_quarter": 20214,
            "year": 2021,
            "quarter": 4,
            "eps": 0.2,
            "eps_growth_year": -21.15,
            "eps_4q": 1.52,
            "eps_4q_growth_year": -5.1,
            "roe": 1.64,
            "roe_4q": 12.23,
            "gross_profit": 20358,
            "gross_margin": 19.46,
            "gross_margin_4q_avg": 19.9,
            "net_income": 6682,
            "net_income_4q": null,
            "revenue": 104621,
            "revenue_4q": null,
            "common_shares": 331648,
            "book_valuer_per_share": 12.58,
            "book_valuer_per_share_4q_avg": 12.48,
            "equity": 411003,
            "current_ratio": 166.34,
            "debt_ratio": 35.04,
            "inventory_turnover_ratio": 0.44,
            "account_receivable_turnover_ratio": 1.53,
            "reinvestment_rate": -40.69,
            "research_to_sale_ratio": null,
            "price_fair": 59.97,
            "eps_avg_yearly": 1.71,
            "eps_latest_yearly": 0.8,
            "eps_growth_yearly": 1581.73
        },
        "20221": {
            "year_quarter": 20221,
            "year": 2022,
            "quarter": 1,
            "eps": 0.8,
            "eps_growth_year": 63.27,
            "eps_4q": 1.83,
            "eps_4q_growth_year": -17.42,
            "roe": 6.02,
            "roe_4q": 14.31,
            "gross_profit": 48024,
            "gross_margin": 26.94,
            "gross_margin_4q_avg": 21.91,
            "net_income": 25871,
            "net_income_4q": null,
            "revenue": 178263,
            "revenue_4q": null,
            "common_shares": 331648,
            "book_valuer_per_share": 13.73,
            "book_valuer_per_share_4q_avg": 12.79,
            "equity": 448487,
            "current_ratio": 162.88,
            "debt_ratio": 40.01,
            "inventory_turnover_ratio": 0.69,
            "account_receivable_turnover_ratio": 2.25,
            "reinvestment_rate": -37.23,
            "research_to_sale_ratio": null,
            "price_fair": 63.97,
            "eps_avg_yearly": 1.83,
            "eps_latest_yearly": 3.2,
            "eps_growth_yearly": 1552.37
        },
        "20222": {
            "year_quarter": 20222,
            "year": 2022,
            "quarter": 2,
            "eps": 0.49,
            "eps_growth_year": -37.18,
            "eps_4q": 1.46,
            "eps_4q_growth_year": -48.07,
            "roe": 3.57,
            "roe_4q": 11.65,
            "gross_profit": 33841,
            "gross_margin": 16.68,
            "gross_margin_4q_avg": 19.53,
            "net_income": 15937,
            "net_income_4q": null,
            "revenue": 202878,
            "revenue_4q": null,
            "common_shares": 331648,
            "book_valuer_per_share": 13.58,
            "book_valuer_per_share_4q_avg": 13.07,
            "equity": 443607,
            "current_ratio": 164.06,
            "debt_ratio": 38.89,
            "inventory_turnover_ratio": 0.98,
            "account_receivable_turnover_ratio": 2.1,
            "reinvestment_rate": -42.55,
            "research_to_sale_ratio": null,
            "price_fair": 64.94,
            "eps_avg_yearly": 1.86,
            "eps_latest_yearly": 1.96,
            "eps_growth_yearly": 340.44
        },
        "20223": {
            "year_quarter": 20223,
            "year": 2022,
            "quarter": 3,
            "eps": 0.94,
            "eps_growth_year": 1780,
            "eps_4q": 2.35,
            "eps_4q_growth_year": 48.72,
            "roe": 6.93,
            "roe_4q": 18.16,
            "gross_profit": 49040,
            "gross_margin": 26.95,
            "gross_margin_4q_avg": 22.51,
            "net_income": 32125,
            "net_income_4q": null,
            "revenue": 181940,
            "revenue_4q": null,
            "common_shares": 331648,
            "book_valuer_per_share": 14.81,
            "book_valuer_per_share_4q_avg": 13.68,
            "equity": 483634,
            "current_ratio": 188.54,
            "debt_ratio": 34.81,
            "inventory_turnover_ratio": 1.08,
            "account_receivable_turnover_ratio": 1.94,
            "reinvestment_rate": -35.2,
            "research_to_sale_ratio": null,
            "price_fair": 68.38,
            "eps_avg_yearly": 1.95,
            "eps_latest_yearly": 3.76,
            "eps_growth_yearly": 351.78
        },
        "20224": {
            "year_quarter": 20224,
            "year": 2022,
            "quarter": 4,
            "eps": 0.35,
            "eps_growth_year": 71.16,
            "eps_4q": 2.51,
            "eps_4q_growth_year": 64.46,
            "roe": 2.43,
            "roe_4q": 18.95,
            "gross_profit": 33929,
            "gross_margin": 28.54,
            "gross_margin_4q_avg": 24.78,
            "net_income": 12009,
            "net_income_4q": null,
            "revenue": 118878,
            "revenue_4q": null,
            "common_shares": 347980,
            "book_valuer_per_share": 14.68,
            "book_valuer_per_share_4q_avg": 14.2,
            "equity": 503339,
            "current_ratio": 324.19,
            "debt_ratio": 19.86,
            "inventory_turnover_ratio": 0.84,
            "account_receivable_turnover_ratio": 2.55,
            "reinvestment_rate": -36.74,
            "research_to_sale_ratio": null,
            "price_fair": 67.74,
            "eps_avg_yearly": 1.94,
            "eps_latest_yearly": 1.4,
            "eps_growth_yearly": 342.89
        },
        "20231": {
            "year_quarter": 20231,
            "year": 2023,
            "quarter": 1,
            "eps": -0.45,
            "eps_growth_year": -156.25,
            "eps_4q": 1.3,
            "eps_4q_growth_year": -28.77,
            "roe": -3.13,
            "roe_4q": 9.8,
            "gross_profit": -5884,
            "gross_margin": -30.06,
            "gross_margin_4q_avg": 10.53,
            "net_income": -15449,
            "net_income_4q": null,
            "revenue": 19573,
            "revenue_4q": null,
            "common_shares": 347980,
            "book_valuer_per_share": 14.12,
            "book_valuer_per_share_4q_avg": 14.3,
            "equity": 484297,
            "current_ratio": 353.46,
            "debt_ratio": 17.62,
            "inventory_turnover_ratio": 0.23,
            "account_receivable_turnover_ratio": 2.14,
            "reinvestment_rate": -47.56,
            "research_to_sale_ratio": null,
            "price_fair": 69.42,
            "eps_avg_yearly": 1.98,
            "eps_latest_yearly": 1.4,
            "eps_growth_yearly": 377.15
        },
        "20232": {
            "year_quarter": 20232,
            "year": 2023,
            "quarter": 2,
            "eps": -0.2,
            "eps_growth_year": -140.82,
            "eps_4q": 0.64,
            "eps_4q_growth_year": -56.39,
            "roe": -1.46,
            "roe_4q": 4.77,
            "gross_profit": -8506,
            "gross_margin": -100.58,
            "gross_margin_4q_avg": -18.79,
            "net_income": -6788,
            "net_income_4q": null,
            "revenue": 8457,
            "revenue_4q": null,
            "common_shares": 347980,
            "book_valuer_per_share": 12.92,
            "book_valuer_per_share_4q_avg": 14.13,
            "equity": 443236,
            "current_ratio": 366.81,
            "debt_ratio": 15.79,
            "inventory_turnover_ratio": 0.17,
            "account_receivable_turnover_ratio": 0.82,
            "reinvestment_rate": -56.93,
            "research_to_sale_ratio": null,
            "price_fair": 73.18,
            "eps_avg_yearly": 2.09,
            "eps_latest_yearly": 1.4,
            "eps_growth_yearly": 426.41
        },
        "20233": {
            "year_quarter": 20233,
            "year": 2023,
            "quarter": 3,
            "eps": -0.31,
            "eps_growth_year": -132.98,
            "eps_4q": -0.6,
            "eps_4q_growth_year": -125.6,
            "roe": -2.38,
            "roe_4q": -4.539999999999999,
            "gross_profit": -3282,
            "gross_margin": -13.16,
            "gross_margin_4q_avg": -28.82,
            "net_income": -10711,
            "net_income_4q": null,
            "revenue": 24947,
            "revenue_4q": null,
            "common_shares": 347980,
            "book_valuer_per_share": 13.08,
            "book_valuer_per_share_4q_avg": 13.7,
            "equity": 455227,
            "current_ratio": 571.33,
            "debt_ratio": 11.79,
            "inventory_turnover_ratio": 0.28,
            "account_receivable_turnover_ratio": 2.62,
            "reinvestment_rate": -56.83,
            "research_to_sale_ratio": 0,
            "price_fair": 78.96,
            "eps_avg_yearly": 2.26,
            "eps_latest_yearly": 1.4,
            "eps_growth_yearly": 487.05
        }
    },
    "months": {
        "2011-07": {
            "month": "2011-07",
            "price": "47.62",
            "revenue": 52051
        },
        "2011-08": {
            "month": "2011-08",
            "price": "44.90",
            "revenue": 50134
        },
        "2011-09": {
            "month": "2011-09",
            "price": "36.58",
            "revenue": 50340
        },
        "2011-10": {
            "month": "2011-10",
            "price": "30.70",
            "revenue": 49919
        },
        "2011-11": {
            "month": "2011-11",
            "price": "30.66",
            "revenue": 48835
        },
        "2011-12": {
            "month": "2011-12",
            "price": "31.19",
            "revenue": 54931
        },
        "2012-01": {
            "month": "2012-01",
            "price": "33.99",
            "revenue": 53075
        },
        "2012-02": {
            "month": "2012-02",
            "price": "37.06",
            "revenue": 50507
        },
        "2012-03": {
            "month": "2012-03",
            "price": "37.12",
            "revenue": 53490
        },
        "2012-04": {
            "month": "2012-04",
            "price": "31.66",
            "revenue": 56393
        },
        "2012-05": {
            "month": "2012-05",
            "price": "32.01",
            "revenue": 60487
        },
        "2012-06": {
            "month": "2012-06",
            "price": "29.90",
            "revenue": 62714
        },
        "2012-07": {
            "month": "2012-07",
            "price": "31.29",
            "revenue": 61328
        },
        "2012-08": {
            "month": "2012-08",
            "price": "31.60",
            "revenue": 59645
        },
        "2012-09": {
            "month": "2012-09",
            "price": "33.63",
            "revenue": 48340
        },
        "2012-10": {
            "month": "2012-10",
            "price": "33.20",
            "revenue": 45323
        },
        "2012-11": {
            "month": "2012-11",
            "price": "33.71",
            "revenue": 54555
        },
        "2012-12": {
            "month": "2012-12",
            "price": "32.97",
            "revenue": 51987
        },
        "2013-01": {
            "month": "2013-01",
            "price": "33.92",
            "revenue": 57591
        },
        "2013-02": {
            "month": "2013-02",
            "price": "35.10",
            "revenue": 51823
        },
        "2013-03": {
            "month": "2013-03",
            "price": "35.73",
            "revenue": 56000
        },
        "2013-04": {
            "month": "2013-04",
            "price": "35.60",
            "revenue": 54504
        },
        "2013-05": {
            "month": "2013-05",
            "price": "35.51",
            "revenue": 58108
        },
        "2013-06": {
            "month": "2013-06",
            "price": "36.34",
            "revenue": 54334
        },
        "2013-07": {
            "month": "2013-07",
            "price": "37.74",
            "revenue": 50889
        },
        "2013-08": {
            "month": "2013-08",
            "price": "36.47",
            "revenue": 41150
        },
        "2013-09": {
            "month": "2013-09",
            "price": "33.88",
            "revenue": 46378
        },
        "2013-10": {
            "month": "2013-10",
            "price": "32.03",
            "revenue": 51843
        },
        "2013-11": {
            "month": "2013-11",
            "price": "30.07",
            "revenue": 57368
        },
        "2013-12": {
            "month": "2013-12",
            "price": "30.17",
            "revenue": 54885
        },
        "2014-01": {
            "month": "2014-01",
            "price": "30.71",
            "revenue": 39809
        },
        "2014-02": {
            "month": "2014-02",
            "price": "31.61",
            "revenue": 60255
        },
        "2014-03": {
            "month": "2014-03",
            "price": "32.06",
            "revenue": 61771
        },
        "2014-04": {
            "month": "2014-04",
            "price": "37.75",
            "revenue": 62636
        },
        "2014-05": {
            "month": "2014-05",
            "price": "47.10",
            "revenue": 62960
        },
        "2014-06": {
            "month": "2014-06",
            "price": "51.60",
            "revenue": 61066
        },
        "2014-07": {
            "month": "2014-07",
            "price": "51.34",
            "revenue": 62577
        },
        "2014-08": {
            "month": "2014-08",
            "price": "48.02",
            "revenue": 62436
        },
        "2014-09": {
            "month": "2014-09",
            "price": "44.80",
            "revenue": 62943
        },
        "2014-10": {
            "month": "2014-10",
            "price": "41.14",
            "revenue": 64230
        },
        "2014-11": {
            "month": "2014-11",
            "price": "36.18",
            "revenue": 61517
        },
        "2014-12": {
            "month": "2014-12",
            "price": "37.58",
            "revenue": 62621
        },
        "2015-01": {
            "month": "2015-01",
            "price": "41.42",
            "revenue": 72372
        },
        "2015-02": {
            "month": "2015-02",
            "price": "43.70",
            "revenue": 62292
        },
        "2015-03": {
            "month": "2015-03",
            "price": "36.84",
            "revenue": 80334
        },
        "2015-04": {
            "month": "2015-04",
            "price": "36.01",
            "revenue": 72903
        },
        "2015-05": {
            "month": "2015-05",
            "price": "33.24",
            "revenue": 24052
        },
        "2015-06": {
            "month": "2015-06",
            "price": "27.64",
            "revenue": 30572
        },
        "2015-07": {
            "month": "2015-07",
            "price": "28.08",
            "revenue": 37394
        },
        "2015-08": {
            "month": "2015-08",
            "price": "25.44",
            "revenue": 43605
        },
        "2015-09": {
            "month": "2015-09",
            "price": "25.90",
            "revenue": 45288
        },
        "2015-10": {
            "month": "2015-10",
            "price": "26.33",
            "revenue": 32124
        },
        "2015-11": {
            "month": "2015-11",
            "price": "26.20",
            "revenue": 38749
        },
        "2015-12": {
            "month": "2015-12",
            "price": "25.24",
            "revenue": 33005
        },
        "2016-01": {
            "month": "2016-01",
            "price": "21.43",
            "revenue": 37784
        },
        "2016-02": {
            "month": "2016-02",
            "price": "18.70",
            "revenue": 38824
        },
        "2016-03": {
            "month": "2016-03",
            "price": "19.11",
            "revenue": 39637
        },
        "2016-04": {
            "month": "2016-04",
            "price": "19.62",
            "revenue": 42115
        },
        "2016-05": {
            "month": "2016-05",
            "price": "19.12",
            "revenue": 47199
        },
        "2016-06": {
            "month": "2016-06",
            "price": "20.02",
            "revenue": 45907
        },
        "2016-07": {
            "month": "2016-07",
            "price": "25.85",
            "revenue": 49000
        },
        "2016-08": {
            "month": "2016-08",
            "price": "34.75",
            "revenue": 48848
        },
        "2016-09": {
            "month": "2016-09",
            "price": "33.31",
            "revenue": 47653
        },
        "2016-10": {
            "month": "2016-10",
            "price": "30.01",
            "revenue": 46260
        },
        "2016-11": {
            "month": "2016-11",
            "price": "27.28",
            "revenue": 47760
        },
        "2016-12": {
            "month": "2016-12",
            "price": "24.05",
            "revenue": 47809
        },
        "2017-01": {
            "month": "2017-01",
            "price": "22.18",
            "revenue": 39499
        },
        "2017-02": {
            "month": "2017-02",
            "price": "22.61",
            "revenue": 38602
        },
        "2017-03": {
            "month": "2017-03",
            "price": "21.90",
            "revenue": 39502
        },
        "2017-04": {
            "month": "2017-04",
            "price": "21.32",
            "revenue": 39504
        },
        "2017-05": {
            "month": "2017-05",
            "price": "26.20",
            "revenue": 37911
        },
        "2017-06": {
            "month": "2017-06",
            "price": "30.35",
            "revenue": 39228
        },
        "2017-07": {
            "month": "2017-07",
            "price": "28.84",
            "revenue": 30910
        },
        "2017-08": {
            "month": "2017-08",
            "price": "34.32",
            "revenue": 23247
        },
        "2017-09": {
            "month": "2017-09",
            "price": "30.15",
            "revenue": 28296
        },
        "2017-10": {
            "month": "2017-10",
            "price": "30.95",
            "revenue": 32899
        },
        "2017-11": {
            "month": "2017-11",
            "price": "35.31",
            "revenue": 36863
        },
        "2017-12": {
            "month": "2017-12",
            "price": "35.08",
            "revenue": 29588
        },
        "2018-01": {
            "month": "2018-01",
            "price": "40.12",
            "revenue": 41271
        },
        "2018-02": {
            "month": "2018-02",
            "price": "40.98",
            "revenue": 52709
        },
        "2018-03": {
            "month": "2018-03",
            "price": "40.59",
            "revenue": 60882
        },
        "2018-04": {
            "month": "2018-04",
            "price": "37.04",
            "revenue": 64397
        },
        "2018-05": {
            "month": "2018-05",
            "price": "28.97",
            "revenue": 66526
        },
        "2018-06": {
            "month": "2018-06",
            "price": "32.34",
            "revenue": 71155
        },
        "2018-07": {
            "month": "2018-07",
            "price": "35.98",
            "revenue": 73379
        },
        "2018-08": {
            "month": "2018-08",
            "price": "35.46",
            "revenue": 79517
        },
        "2018-09": {
            "month": "2018-09",
            "price": "33.87",
            "revenue": 80226
        },
        "2018-10": {
            "month": "2018-10",
            "price": "33.92",
            "revenue": 79927
        },
        "2018-11": {
            "month": "2018-11",
            "price": "36.16",
            "revenue": 82003
        },
        "2018-12": {
            "month": "2018-12",
            "price": "38.97",
            "revenue": 87983
        },
        "2019-01": {
            "month": "2019-01",
            "price": "39.72",
            "revenue": 90497
        },
        "2019-02": {
            "month": "2019-02",
            "price": "41.88",
            "revenue": 46019
        },
        "2019-03": {
            "month": "2019-03",
            "price": "39.90",
            "revenue": 54173
        },
        "2019-04": {
            "month": "2019-04",
            "price": "36.57",
            "revenue": 56557
        },
        "2019-05": {
            "month": "2019-05",
            "price": "34.70",
            "revenue": 58216
        },
        "2019-06": {
            "month": "2019-06",
            "price": "34.95",
            "revenue": 60236
        },
        "2019-07": {
            "month": "2019-07",
            "price": "33.09",
            "revenue": 54453
        },
        "2019-08": {
            "month": "2019-08",
            "price": "29.54",
            "revenue": 32654
        },
        "2019-09": {
            "month": "2019-09",
            "price": "25.12",
            "revenue": 33726
        },
        "2019-10": {
            "month": "2019-10",
            "price": "22.82",
            "revenue": 33205
        },
        "2019-11": {
            "month": "2019-11",
            "price": "23.37",
            "revenue": 34863
        },
        "2019-12": {
            "month": "2019-12",
            "price": "22.94",
            "revenue": 42738
        },
        "2020-01": {
            "month": "2020-01",
            "price": "22.83",
            "revenue": 45465
        },
        "2020-02": {
            "month": "2020-02",
            "price": "23.05",
            "revenue": 47024
        },
        "2020-03": {
            "month": "2020-03",
            "price": "20.07",
            "revenue": 33415
        },
        "2020-04": {
            "month": "2020-04",
            "price": "19.38",
            "revenue": 23179
        },
        "2020-05": {
            "month": "2020-05",
            "price": "19.74",
            "revenue": 62203
        },
        "2020-06": {
            "month": "2020-06",
            "price": "21.84",
            "revenue": 64575
        },
        "2020-07": {
            "month": "2020-07",
            "price": "21.42",
            "revenue": 67261
        },
        "2020-08": {
            "month": "2020-08",
            "price": "18.58",
            "revenue": 48929
        },
        "2020-09": {
            "month": "2020-09",
            "price": "17.25",
            "revenue": 50168
        },
        "2020-10": {
            "month": "2020-10",
            "price": "16.90",
            "revenue": 53971
        },
        "2020-11": {
            "month": "2020-11",
            "price": "19.15",
            "revenue": 57767
        },
        "2020-12": {
            "month": "2020-12",
            "price": "19.41",
            "revenue": 59067
        },
        "2021-01": {
            "month": "2021-01",
            "price": "18.41",
            "revenue": 65664
        },
        "2021-02": {
            "month": "2021-02",
            "price": "18.37",
            "revenue": 65456
        },
        "2021-03": {
            "month": "2021-03",
            "price": "18.28",
            "revenue": 76143
        },
        "2021-04": {
            "month": "2021-04",
            "price": "20.25",
            "revenue": 66502
        },
        "2021-05": {
            "month": "2021-05",
            "price": "18.66",
            "revenue": 54910
        },
        "2021-06": {
            "month": "2021-06",
            "price": "17.51",
            "revenue": 56926
        },
        "2021-07": {
            "month": "2021-07",
            "price": "16.61",
            "revenue": 0
        },
        "2021-08": {
            "month": "2021-08",
            "price": "15.58",
            "revenue": 42536
        },
        "2021-09": {
            "month": "2021-09",
            "price": "15.48",
            "revenue": 41503
        },
        "2021-10": {
            "month": "2021-10",
            "price": "15.32",
            "revenue": 22900
        },
        "2021-11": {
            "month": "2021-11",
            "price": "14.83",
            "revenue": 40474
        },
        "2021-12": {
            "month": "2021-12",
            "price": "14.67",
            "revenue": 41251
        },
        "2022-01": {
            "month": "2022-01",
            "price": "14.41",
            "revenue": 42012
        },
        "2022-02": {
            "month": "2022-02",
            "price": "14.70",
            "revenue": 65006
        },
        "2022-03": {
            "month": "2022-03",
            "price": "18.60",
            "revenue": 71247
        },
        "2022-04": {
            "month": "2022-04",
            "price": "21.27",
            "revenue": 70732
        },
        "2022-05": {
            "month": "2022-05",
            "price": "23.22",
            "revenue": 68649
        },
        "2022-06": {
            "month": "2022-06",
            "price": "22.73",
            "revenue": 61439
        },
        "2022-07": {
            "month": "2022-07",
            "price": "18.43",
            "revenue": 66903
        },
        "2022-08": {
            "month": "2022-08",
            "price": "18.99",
            "revenue": 45885
        },
        "2022-09": {
            "month": "2022-09",
            "price": "16.53",
            "revenue": 69152
        },
        "2022-10": {
            "month": "2022-10",
            "price": "14.82",
            "revenue": 75367
        },
        "2022-11": {
            "month": "2022-11",
            "price": "18.13",
            "revenue": 39839
        },
        "2022-12": {
            "month": "2022-12",
            "price": "17.84",
            "revenue": 3675
        },
        "2023-01": {
            "month": "2023-01",
            "price": "17.34",
            "revenue": 5704
        },
        "2023-02": {
            "month": "2023-02",
            "price": "24.46",
            "revenue": 5737
        },
        "2023-03": {
            "month": "2023-03",
            "price": "27.47",
            "revenue": 8138
        },
        "2023-04": {
            "month": "2023-04",
            "price": "27.36",
            "revenue": 2207
        },
        "2023-05": {
            "month": "2023-05",
            "price": "27.98",
            "revenue": 3895
        },
        "2023-06": {
            "month": "2023-06",
            "price": "34.50",
            "revenue": 2355
        },
        "2023-07": {
            "month": "2023-07",
            "price": "38.01",
            "revenue": 7002
        },
        "2023-08": {
            "month": "2023-08",
            "price": "41.20",
            "revenue": 9375
        },
        "2023-09": {
            "month": "2023-09",
            "price": "41.64",
            "revenue": 8575
        },
        "2023-10": {
            "month": "2023-10",
            "price": "41.19",
            "revenue": 6338
        },
        "2023-11": {
            "month": "2023-11",
            "price": "40.50",
            "revenue": 6633
        },
        "2023-12": {
            "month": "2023-12",
            "price": "53.17",
            "revenue": 5795
        }
    }
}
