{
    "summary": {
        "stock_name": "英瑞-KY",
        "stock_id": "1592",
        "category": "汽車",
        "main_business": "汽車水箱、重型水箱、汽車冷凝器等產品之研發、製造及銷售。",
        "website_url": "http://www.enterexinternational.com/",
        "ceo": "翁瑞蓮",
        "pe_ratio": -0,
        "report_year_from": 2012,
        "report_year_to": 2021,
        "age": 11,
        "eps_negative_percentage": 50,
        "eps_growth_avg": {
            "last_all": 0.81,
            "last_2y": null,
            "last_4y": -68.75,
            "last_8y": null,
            "last_12y": null,
            "last_16y": null,
            "last_20y": null,
            "at_2006_last_3y": null,
            "at_2007_last_3y": null,
            "at_2008_last_3y": null,
            "at_2009_last_3y": null,
            "at_2010_last_3y": null,
            "at_2011_last_3y": null,
            "at_2012_last_3y": null,
            "at_2013_last_3y": null,
            "at_2014_last_3y": null,
            "at_2015_last_3y": null,
            "at_2016_last_3y": null,
            "at_2017_last_3y": null,
            "at_2018_last_3y": 0.81,
            "at_2019_last_3y": -12.5,
            "at_2020_last_3y": -68.75,
            "at_2021_last_3y": -100,
            "at_2022_last_3y": -100,
            "at_2023_last_3y": -100,
            "at_2006_last_all": null,
            "at_2007_last_all": null,
            "at_2008_last_all": null,
            "at_2009_last_all": null,
            "at_2010_last_all": null,
            "at_2011_last_all": null,
            "at_2012_last_all": null,
            "at_2013_last_all": null,
            "at_2014_last_all": null,
            "at_2015_last_all": null,
            "at_2016_last_all": 70.37,
            "at_2017_last_all": 34.41,
            "at_2018_last_all": 0.81,
            "at_2019_last_all": 0.81,
            "at_2020_last_all": 0.81,
            "at_2021_last_all": 0.81,
            "at_2022_last_all": 0.81,
            "at_2023_last_all": 0.81
        },
        "latest_eps": -16.08,
        "latest_price": 2.57,
        "latest_roe": -131.52,
        "latest_gross_margin": -20.57,
        "latest_equity": 518920,
        "latest_revenue": 465002,
        "latest_gross_profit": -95652,
        "latest_net_income": -393969,
        "latest_debt_ratio": 86.96,
        "latest_current_ratio": 62.62,
        "latest_account_receivable_turnover_ratio": 0.73,
        "latest_inventory_turnover_ratio": 0.53,
        "latest_reinvestment_rate": null,
        "latest_research_to_sale_ratio": 2.11
    },
    "eps_dividends": {
        "2001": {
            "cash": 0,
            "stock": 0,
            "eps": 0
        },
        "2002": {
            "cash": 0,
            "stock": 0,
            "eps": 0
        },
        "2003": {
            "cash": 0,
            "stock": 0,
            "eps": 0
        },
        "2004": {
            "cash": 0,
            "stock": 0,
            "eps": 0
        },
        "2005": {
            "cash": 0,
            "stock": 0,
            "eps": 0
        },
        "2006": {
            "cash": 0,
            "stock": 0,
            "eps": 0
        },
        "2007": {
            "cash": 0,
            "stock": 0,
            "eps": 0
        },
        "2008": {
            "cash": 0,
            "stock": 0,
            "eps": 0
        },
        "2009": {
            "cash": 0,
            "stock": 0,
            "eps": 0
        },
        "2010": {
            "cash": 0,
            "stock": 0,
            "eps": 0
        },
        "2011": {
            "cash": 0,
            "stock": 0,
            "eps": 0
        },
        "2012": {
            "cash": 0,
            "stock": 0,
            "eps": 0
        },
        "2013": {
            "cash": 0,
            "stock": 0,
            "eps": 0
        },
        "2014": {
            "cash": 2,
            "stock": 0,
            "eps": 1.35
        },
        "2015": {
            "cash": 1,
            "stock": 0,
            "eps": 1.9
        },
        "2016": {
            "cash": 1,
            "stock": 0,
            "eps": 4.4
        },
        "2017": {
            "cash": 2,
            "stock": 0,
            "eps": 2.75
        },
        "2018": {
            "cash": 1,
            "stock": 0,
            "eps": -3.53
        },
        "2019": {
            "cash": 0,
            "stock": 0,
            "eps": -3.62
        },
        "2020": {
            "cash": 0,
            "stock": 0,
            "eps": -13.56
        },
        "2021": {
            "cash": 0,
            "stock": 0,
            "eps": -3.54
        }
    },
    "dividends": {
        "2014-04-28": {
            "cash": 2,
            "stock": 0
        },
        "2015-08-26": {
            "cash": 1,
            "stock": 0
        },
        "2016-08-01": {
            "cash": 1,
            "stock": 0
        },
        "2017-07-21": {
            "cash": 2.2,
            "stock": 0
        },
        "2018-08-10": {
            "cash": 1,
            "stock": 0
        }
    },
    "prices": {
        "200101": "無",
        "200102": "無",
        "200103": "無",
        "200104": "無",
        "200105": "無",
        "200106": "無",
        "200107": "無",
        "200108": "無",
        "200109": "無",
        "200110": "無",
        "200111": "無",
        "200112": "無",
        "200201": "無",
        "200202": "無",
        "200203": "無",
        "200204": "無",
        "200205": "無",
        "200206": "無",
        "200207": "無",
        "200208": "無",
        "200209": "無",
        "200210": "無",
        "200211": "無",
        "200212": "無",
        "200301": "無",
        "200302": "無",
        "200303": "無",
        "200304": "無",
        "200305": "無",
        "200306": "無",
        "200307": "無",
        "200308": "無",
        "200309": "無",
        "200310": "無",
        "200311": "無",
        "200312": "無",
        "200401": "無",
        "200402": "無",
        "200403": "無",
        "200404": "無",
        "200405": "無",
        "200406": "無",
        "200407": "無",
        "200408": "無",
        "200409": "無",
        "200410": "無",
        "200411": "無",
        "200412": "無",
        "200501": "無",
        "200502": "無",
        "200503": "無",
        "200504": "無",
        "200505": "無",
        "200506": "無",
        "200507": "無",
        "200508": "無",
        "200509": "無",
        "200510": "無",
        "200511": "無",
        "200512": "無",
        "200601": "無",
        "200602": "無",
        "200603": "無",
        "200604": "無",
        "200605": "無",
        "200606": "無",
        "200607": "無",
        "200608": "無",
        "200609": "無",
        "200610": "無",
        "200611": "無",
        "200612": "無",
        "200701": "無",
        "200702": "無",
        "200703": "無",
        "200704": "無",
        "200705": "無",
        "200706": "無",
        "200707": "無",
        "200708": "無",
        "200709": "無",
        "200710": "無",
        "200711": "無",
        "200712": "無",
        "200801": "無",
        "200802": "無",
        "200803": "無",
        "200804": "無",
        "200805": "無",
        "200806": "無",
        "200807": "無",
        "200808": "無",
        "200809": "無",
        "200810": "無",
        "200811": "無",
        "200812": "無",
        "200901": "無",
        "200902": "無",
        "200903": "無",
        "200904": "無",
        "200905": "無",
        "200906": "無",
        "200907": "無",
        "200908": "無",
        "200909": "無",
        "200910": "無",
        "200911": "無",
        "200912": "無",
        "201001": "無",
        "201002": "無",
        "201003": "無",
        "201004": "無",
        "201005": "無",
        "201006": "無",
        "201007": "無",
        "201008": "無",
        "201009": "無",
        "201010": "無",
        "201011": "無",
        "201012": "無",
        "201101": "無",
        "201102": "無",
        "201103": "無",
        "201104": "無",
        "201105": "無",
        "201106": "無",
        "201107": "無",
        "201108": "無",
        "201109": "無",
        "201110": "無",
        "201111": "無",
        "201112": "無",
        "201201": "無",
        "201202": "無",
        "201203": "無",
        "201204": "無",
        "201205": "無",
        "201206": "無",
        "201207": "無",
        "201208": "無",
        "201209": "無",
        "201210": "無",
        "201211": "無",
        "201212": "無",
        "201301": "無",
        "201302": "無",
        "201303": "無",
        "201304": "無",
        "201305": "無",
        "201306": "無",
        "201307": "無",
        "201308": "無",
        "201309": "無",
        "201310": "無",
        "201311": "無",
        "201312": "無",
        "201401": "無",
        "201402": "無",
        "201403": "無",
        "201404": "無",
        "201405": "無",
        "201406": "無",
        "201407": "無",
        "201408": "無",
        "201409": "無",
        "201410": "34.01",
        "201411": "29.74",
        "201412": "29.94",
        "201501": "28.73",
        "201502": "30.46",
        "201503": "35.00",
        "201504": "36.04",
        "201505": "35.48",
        "201506": "30.35",
        "201507": "26.48",
        "201508": "22.16",
        "201509": "27.70",
        "201510": "30.30",
        "201511": "29.70",
        "201512": "28.41",
        "201601": "28.58",
        "201602": "28.88",
        "201603": "29.72",
        "201604": "42.71",
        "201605": "48.40",
        "201606": "52.58",
        "201607": "47.27",
        "201608": "53.75",
        "201609": "59.75",
        "201610": "49.85",
        "201611": "44.92",
        "201612": "50.76",
        "201701": "52.25",
        "201702": "53.84",
        "201703": "52.82",
        "201704": "50.27",
        "201705": "49.17",
        "201706": "48.60",
        "201707": "44.76",
        "201708": "39.77",
        "201709": "34.83",
        "201710": "34.87",
        "201711": "33.18",
        "201712": "32.61",
        "201801": "33.05",
        "201802": "32.23",
        "201803": "31.80",
        "201804": "31.55",
        "201805": "32.11",
        "201806": "30.24",
        "201807": "26.76",
        "201808": "24.02",
        "201809": "21.38",
        "201810": "21.50",
        "201811": "22.96",
        "201812": "25.50",
        "201901": "26.05",
        "201902": "26.77",
        "201903": "25.74",
        "201904": "26.21",
        "201905": "22.73",
        "201906": "22.56",
        "201907": "24.32",
        "201908": "20.91",
        "201909": "19.76",
        "201910": "19.85",
        "201911": "19.55",
        "201912": "17.12",
        "202001": "16.44",
        "202002": "14.11",
        "202003": "12.07",
        "202004": "11.44",
        "202005": "11.15",
        "202006": "12.82",
        "202007": "12.82",
        "202008": "11.43",
        "202009": "11.39",
        "202010": "10.74",
        "202011": "9.93",
        "202012": "8.92",
        "202101": "8.16",
        "202102": "7.79",
        "202103": "5.58",
        "202104": "3.16",
        "202105": "3.22",
        "202106": "2.86",
        "202107": "無",
        "202108": "無",
        "202109": "無",
        "202110": "無",
        "202111": "無",
        "202112": "無",
        "202201": "無",
        "202202": "無",
        "202203": "無",
        "202204": "無",
        "202205": "無",
        "202206": "無",
        "202207": "無",
        "202208": "無",
        "202209": "無",
        "202210": "無",
        "202211": "無",
        "202212": "無",
        "202301": "無",
        "202302": "無",
        "202303": "無",
        "202304": "無",
        "202305": "無"
    },
    "quarters": {
        "20011": {
            "year_quarter": 20011,
            "year": 2001,
            "quarter": 1,
            "eps": null,
            "eps_growth_year": null,
            "eps_4q": null,
            "eps_4q_growth_year": null,
            "roe": null,
            "roe_4q": 0,
            "gross_profit": null,
            "gross_margin": null,
            "gross_margin_4q_avg": 0,
            "net_income": null,
            "revenue": null,
            "common_shares": null,
            "book_valuer_per_share": null,
            "book_valuer_per_share_4q_avg": 0,
            "equity": null,
            "current_ratio": null,
            "debt_ratio": null,
            "inventory_turnover_ratio": null,
            "account_receivable_turnover_ratio": null,
            "reinvestment_rate": null,
            "research_to_sale_ratio": null,
            "price_fair": 0,
            "eps_avg_yearly": 0,
            "eps_latest_yearly": 0,
            "eps_growth_yearly": 0
        },
        "20012": {
            "year_quarter": 20012,
            "year": 2001,
            "quarter": 2,
            "eps": null,
            "eps_growth_year": null,
            "eps_4q": null,
            "eps_4q_growth_year": null,
            "roe": null,
            "roe_4q": 0,
            "gross_profit": null,
            "gross_margin": null,
            "gross_margin_4q_avg": 0,
            "net_income": null,
            "revenue": null,
            "common_shares": null,
            "book_valuer_per_share": null,
            "book_valuer_per_share_4q_avg": 0,
            "equity": null,
            "current_ratio": null,
            "debt_ratio": null,
            "inventory_turnover_ratio": null,
            "account_receivable_turnover_ratio": null,
            "reinvestment_rate": null,
            "research_to_sale_ratio": null,
            "price_fair": 0,
            "eps_avg_yearly": 0,
            "eps_latest_yearly": 0,
            "eps_growth_yearly": 0
        },
        "20013": {
            "year_quarter": 20013,
            "year": 2001,
            "quarter": 3,
            "eps": null,
            "eps_growth_year": null,
            "eps_4q": null,
            "eps_4q_growth_year": null,
            "roe": null,
            "roe_4q": 0,
            "gross_profit": null,
            "gross_margin": null,
            "gross_margin_4q_avg": 0,
            "net_income": null,
            "revenue": null,
            "common_shares": null,
            "book_valuer_per_share": null,
            "book_valuer_per_share_4q_avg": 0,
            "equity": null,
            "current_ratio": null,
            "debt_ratio": null,
            "inventory_turnover_ratio": null,
            "account_receivable_turnover_ratio": null,
            "reinvestment_rate": null,
            "research_to_sale_ratio": null,
            "price_fair": 0,
            "eps_avg_yearly": 0,
            "eps_latest_yearly": 0,
            "eps_growth_yearly": 0
        },
        "20014": {
            "year_quarter": 20014,
            "year": 2001,
            "quarter": 4,
            "eps": null,
            "eps_growth_year": null,
            "eps_4q": null,
            "eps_4q_growth_year": null,
            "roe": null,
            "roe_4q": 0,
            "gross_profit": null,
            "gross_margin": null,
            "gross_margin_4q_avg": 0,
            "net_income": null,
            "revenue": null,
            "common_shares": null,
            "book_valuer_per_share": null,
            "book_valuer_per_share_4q_avg": 0,
            "equity": null,
            "current_ratio": null,
            "debt_ratio": null,
            "inventory_turnover_ratio": null,
            "account_receivable_turnover_ratio": null,
            "reinvestment_rate": null,
            "research_to_sale_ratio": null,
            "price_fair": 0,
            "eps_avg_yearly": 0,
            "eps_latest_yearly": 0,
            "eps_growth_yearly": 0
        },
        "20021": {
            "year_quarter": 20021,
            "year": 2002,
            "quarter": 1,
            "eps": null,
            "eps_growth_year": null,
            "eps_4q": null,
            "eps_4q_growth_year": null,
            "roe": null,
            "roe_4q": 0,
            "gross_profit": null,
            "gross_margin": null,
            "gross_margin_4q_avg": 0,
            "net_income": null,
            "revenue": null,
            "common_shares": null,
            "book_valuer_per_share": null,
            "book_valuer_per_share_4q_avg": 0,
            "equity": null,
            "current_ratio": null,
            "debt_ratio": null,
            "inventory_turnover_ratio": null,
            "account_receivable_turnover_ratio": null,
            "reinvestment_rate": null,
            "research_to_sale_ratio": null,
            "price_fair": 0,
            "eps_avg_yearly": 0,
            "eps_latest_yearly": 0,
            "eps_growth_yearly": 0
        },
        "20022": {
            "year_quarter": 20022,
            "year": 2002,
            "quarter": 2,
            "eps": null,
            "eps_growth_year": null,
            "eps_4q": null,
            "eps_4q_growth_year": null,
            "roe": null,
            "roe_4q": 0,
            "gross_profit": null,
            "gross_margin": null,
            "gross_margin_4q_avg": 0,
            "net_income": null,
            "revenue": null,
            "common_shares": null,
            "book_valuer_per_share": null,
            "book_valuer_per_share_4q_avg": 0,
            "equity": null,
            "current_ratio": null,
            "debt_ratio": null,
            "inventory_turnover_ratio": null,
            "account_receivable_turnover_ratio": null,
            "reinvestment_rate": null,
            "research_to_sale_ratio": null,
            "price_fair": 0,
            "eps_avg_yearly": 0,
            "eps_latest_yearly": 0,
            "eps_growth_yearly": 0
        },
        "20023": {
            "year_quarter": 20023,
            "year": 2002,
            "quarter": 3,
            "eps": null,
            "eps_growth_year": null,
            "eps_4q": null,
            "eps_4q_growth_year": null,
            "roe": null,
            "roe_4q": 0,
            "gross_profit": null,
            "gross_margin": null,
            "gross_margin_4q_avg": 0,
            "net_income": null,
            "revenue": null,
            "common_shares": null,
            "book_valuer_per_share": null,
            "book_valuer_per_share_4q_avg": 0,
            "equity": null,
            "current_ratio": null,
            "debt_ratio": null,
            "inventory_turnover_ratio": null,
            "account_receivable_turnover_ratio": null,
            "reinvestment_rate": null,
            "research_to_sale_ratio": null,
            "price_fair": 0,
            "eps_avg_yearly": 0,
            "eps_latest_yearly": 0,
            "eps_growth_yearly": 0
        },
        "20024": {
            "year_quarter": 20024,
            "year": 2002,
            "quarter": 4,
            "eps": null,
            "eps_growth_year": null,
            "eps_4q": null,
            "eps_4q_growth_year": null,
            "roe": null,
            "roe_4q": 0,
            "gross_profit": null,
            "gross_margin": null,
            "gross_margin_4q_avg": 0,
            "net_income": null,
            "revenue": null,
            "common_shares": null,
            "book_valuer_per_share": null,
            "book_valuer_per_share_4q_avg": 0,
            "equity": null,
            "current_ratio": null,
            "debt_ratio": null,
            "inventory_turnover_ratio": null,
            "account_receivable_turnover_ratio": null,
            "reinvestment_rate": null,
            "research_to_sale_ratio": null,
            "price_fair": 0,
            "eps_avg_yearly": 0,
            "eps_latest_yearly": 0,
            "eps_growth_yearly": 0
        },
        "20031": {
            "year_quarter": 20031,
            "year": 2003,
            "quarter": 1,
            "eps": null,
            "eps_growth_year": null,
            "eps_4q": null,
            "eps_4q_growth_year": null,
            "roe": null,
            "roe_4q": 0,
            "gross_profit": null,
            "gross_margin": null,
            "gross_margin_4q_avg": 0,
            "net_income": null,
            "revenue": null,
            "common_shares": null,
            "book_valuer_per_share": null,
            "book_valuer_per_share_4q_avg": 0,
            "equity": null,
            "current_ratio": null,
            "debt_ratio": null,
            "inventory_turnover_ratio": null,
            "account_receivable_turnover_ratio": null,
            "reinvestment_rate": null,
            "research_to_sale_ratio": null,
            "price_fair": 0,
            "eps_avg_yearly": 0,
            "eps_latest_yearly": 0,
            "eps_growth_yearly": 0
        },
        "20032": {
            "year_quarter": 20032,
            "year": 2003,
            "quarter": 2,
            "eps": null,
            "eps_growth_year": null,
            "eps_4q": null,
            "eps_4q_growth_year": null,
            "roe": null,
            "roe_4q": 0,
            "gross_profit": null,
            "gross_margin": null,
            "gross_margin_4q_avg": 0,
            "net_income": null,
            "revenue": null,
            "common_shares": null,
            "book_valuer_per_share": null,
            "book_valuer_per_share_4q_avg": 0,
            "equity": null,
            "current_ratio": null,
            "debt_ratio": null,
            "inventory_turnover_ratio": null,
            "account_receivable_turnover_ratio": null,
            "reinvestment_rate": null,
            "research_to_sale_ratio": null,
            "price_fair": 0,
            "eps_avg_yearly": 0,
            "eps_latest_yearly": 0,
            "eps_growth_yearly": 0
        },
        "20033": {
            "year_quarter": 20033,
            "year": 2003,
            "quarter": 3,
            "eps": null,
            "eps_growth_year": null,
            "eps_4q": null,
            "eps_4q_growth_year": null,
            "roe": null,
            "roe_4q": 0,
            "gross_profit": null,
            "gross_margin": null,
            "gross_margin_4q_avg": 0,
            "net_income": null,
            "revenue": null,
            "common_shares": null,
            "book_valuer_per_share": null,
            "book_valuer_per_share_4q_avg": 0,
            "equity": null,
            "current_ratio": null,
            "debt_ratio": null,
            "inventory_turnover_ratio": null,
            "account_receivable_turnover_ratio": null,
            "reinvestment_rate": null,
            "research_to_sale_ratio": null,
            "price_fair": 0,
            "eps_avg_yearly": 0,
            "eps_latest_yearly": 0,
            "eps_growth_yearly": 0
        },
        "20034": {
            "year_quarter": 20034,
            "year": 2003,
            "quarter": 4,
            "eps": null,
            "eps_growth_year": null,
            "eps_4q": null,
            "eps_4q_growth_year": null,
            "roe": null,
            "roe_4q": 0,
            "gross_profit": null,
            "gross_margin": null,
            "gross_margin_4q_avg": 0,
            "net_income": null,
            "revenue": null,
            "common_shares": null,
            "book_valuer_per_share": null,
            "book_valuer_per_share_4q_avg": 0,
            "equity": null,
            "current_ratio": null,
            "debt_ratio": null,
            "inventory_turnover_ratio": null,
            "account_receivable_turnover_ratio": null,
            "reinvestment_rate": null,
            "research_to_sale_ratio": null,
            "price_fair": 0,
            "eps_avg_yearly": 0,
            "eps_latest_yearly": 0,
            "eps_growth_yearly": 0
        },
        "20041": {
            "year_quarter": 20041,
            "year": 2004,
            "quarter": 1,
            "eps": null,
            "eps_growth_year": null,
            "eps_4q": null,
            "eps_4q_growth_year": null,
            "roe": null,
            "roe_4q": 0,
            "gross_profit": null,
            "gross_margin": null,
            "gross_margin_4q_avg": 0,
            "net_income": null,
            "revenue": null,
            "common_shares": null,
            "book_valuer_per_share": null,
            "book_valuer_per_share_4q_avg": 0,
            "equity": null,
            "current_ratio": null,
            "debt_ratio": null,
            "inventory_turnover_ratio": null,
            "account_receivable_turnover_ratio": null,
            "reinvestment_rate": null,
            "research_to_sale_ratio": null,
            "price_fair": 0,
            "eps_avg_yearly": 0,
            "eps_latest_yearly": 0,
            "eps_growth_yearly": 0
        },
        "20042": {
            "year_quarter": 20042,
            "year": 2004,
            "quarter": 2,
            "eps": null,
            "eps_growth_year": null,
            "eps_4q": null,
            "eps_4q_growth_year": null,
            "roe": null,
            "roe_4q": 0,
            "gross_profit": null,
            "gross_margin": null,
            "gross_margin_4q_avg": 0,
            "net_income": null,
            "revenue": null,
            "common_shares": null,
            "book_valuer_per_share": null,
            "book_valuer_per_share_4q_avg": 0,
            "equity": null,
            "current_ratio": null,
            "debt_ratio": null,
            "inventory_turnover_ratio": null,
            "account_receivable_turnover_ratio": null,
            "reinvestment_rate": null,
            "research_to_sale_ratio": null,
            "price_fair": 0,
            "eps_avg_yearly": 0,
            "eps_latest_yearly": 0,
            "eps_growth_yearly": 0
        },
        "20043": {
            "year_quarter": 20043,
            "year": 2004,
            "quarter": 3,
            "eps": null,
            "eps_growth_year": null,
            "eps_4q": null,
            "eps_4q_growth_year": null,
            "roe": null,
            "roe_4q": 0,
            "gross_profit": null,
            "gross_margin": null,
            "gross_margin_4q_avg": 0,
            "net_income": null,
            "revenue": null,
            "common_shares": null,
            "book_valuer_per_share": null,
            "book_valuer_per_share_4q_avg": 0,
            "equity": null,
            "current_ratio": null,
            "debt_ratio": null,
            "inventory_turnover_ratio": null,
            "account_receivable_turnover_ratio": null,
            "reinvestment_rate": null,
            "research_to_sale_ratio": null,
            "price_fair": 0,
            "eps_avg_yearly": 0,
            "eps_latest_yearly": 0,
            "eps_growth_yearly": 0
        },
        "20044": {
            "year_quarter": 20044,
            "year": 2004,
            "quarter": 4,
            "eps": null,
            "eps_growth_year": null,
            "eps_4q": null,
            "eps_4q_growth_year": null,
            "roe": null,
            "roe_4q": 0,
            "gross_profit": null,
            "gross_margin": null,
            "gross_margin_4q_avg": 0,
            "net_income": null,
            "revenue": null,
            "common_shares": null,
            "book_valuer_per_share": null,
            "book_valuer_per_share_4q_avg": 0,
            "equity": null,
            "current_ratio": null,
            "debt_ratio": null,
            "inventory_turnover_ratio": null,
            "account_receivable_turnover_ratio": null,
            "reinvestment_rate": null,
            "research_to_sale_ratio": null,
            "price_fair": 0,
            "eps_avg_yearly": 0,
            "eps_latest_yearly": 0,
            "eps_growth_yearly": 0
        },
        "20051": {
            "year_quarter": 20051,
            "year": 2005,
            "quarter": 1,
            "eps": null,
            "eps_growth_year": null,
            "eps_4q": null,
            "eps_4q_growth_year": null,
            "roe": null,
            "roe_4q": 0,
            "gross_profit": null,
            "gross_margin": null,
            "gross_margin_4q_avg": 0,
            "net_income": null,
            "revenue": null,
            "common_shares": null,
            "book_valuer_per_share": null,
            "book_valuer_per_share_4q_avg": 0,
            "equity": null,
            "current_ratio": null,
            "debt_ratio": null,
            "inventory_turnover_ratio": null,
            "account_receivable_turnover_ratio": null,
            "reinvestment_rate": null,
            "research_to_sale_ratio": null,
            "price_fair": 0,
            "eps_avg_yearly": 0,
            "eps_latest_yearly": 0,
            "eps_growth_yearly": 0
        },
        "20052": {
            "year_quarter": 20052,
            "year": 2005,
            "quarter": 2,
            "eps": null,
            "eps_growth_year": null,
            "eps_4q": null,
            "eps_4q_growth_year": null,
            "roe": null,
            "roe_4q": 0,
            "gross_profit": null,
            "gross_margin": null,
            "gross_margin_4q_avg": 0,
            "net_income": null,
            "revenue": null,
            "common_shares": null,
            "book_valuer_per_share": null,
            "book_valuer_per_share_4q_avg": 0,
            "equity": null,
            "current_ratio": null,
            "debt_ratio": null,
            "inventory_turnover_ratio": null,
            "account_receivable_turnover_ratio": null,
            "reinvestment_rate": null,
            "research_to_sale_ratio": null,
            "price_fair": 0,
            "eps_avg_yearly": 0,
            "eps_latest_yearly": 0,
            "eps_growth_yearly": 0
        },
        "20053": {
            "year_quarter": 20053,
            "year": 2005,
            "quarter": 3,
            "eps": null,
            "eps_growth_year": null,
            "eps_4q": null,
            "eps_4q_growth_year": null,
            "roe": null,
            "roe_4q": 0,
            "gross_profit": null,
            "gross_margin": null,
            "gross_margin_4q_avg": 0,
            "net_income": null,
            "revenue": null,
            "common_shares": null,
            "book_valuer_per_share": null,
            "book_valuer_per_share_4q_avg": 0,
            "equity": null,
            "current_ratio": null,
            "debt_ratio": null,
            "inventory_turnover_ratio": null,
            "account_receivable_turnover_ratio": null,
            "reinvestment_rate": null,
            "research_to_sale_ratio": null,
            "price_fair": 0,
            "eps_avg_yearly": 0,
            "eps_latest_yearly": 0,
            "eps_growth_yearly": 0
        },
        "20054": {
            "year_quarter": 20054,
            "year": 2005,
            "quarter": 4,
            "eps": null,
            "eps_growth_year": null,
            "eps_4q": null,
            "eps_4q_growth_year": null,
            "roe": null,
            "roe_4q": 0,
            "gross_profit": null,
            "gross_margin": null,
            "gross_margin_4q_avg": 0,
            "net_income": null,
            "revenue": null,
            "common_shares": null,
            "book_valuer_per_share": null,
            "book_valuer_per_share_4q_avg": 0,
            "equity": null,
            "current_ratio": null,
            "debt_ratio": null,
            "inventory_turnover_ratio": null,
            "account_receivable_turnover_ratio": null,
            "reinvestment_rate": null,
            "research_to_sale_ratio": null,
            "price_fair": 0,
            "eps_avg_yearly": 0,
            "eps_latest_yearly": 0,
            "eps_growth_yearly": 0
        },
        "20061": {
            "year_quarter": 20061,
            "year": 2006,
            "quarter": 1,
            "eps": null,
            "eps_growth_year": null,
            "eps_4q": null,
            "eps_4q_growth_year": null,
            "roe": null,
            "roe_4q": 0,
            "gross_profit": null,
            "gross_margin": null,
            "gross_margin_4q_avg": 0,
            "net_income": null,
            "revenue": null,
            "common_shares": null,
            "book_valuer_per_share": null,
            "book_valuer_per_share_4q_avg": 0,
            "equity": null,
            "current_ratio": null,
            "debt_ratio": null,
            "inventory_turnover_ratio": null,
            "account_receivable_turnover_ratio": null,
            "reinvestment_rate": null,
            "research_to_sale_ratio": null,
            "price_fair": 0,
            "eps_avg_yearly": 0,
            "eps_latest_yearly": 0,
            "eps_growth_yearly": 0
        },
        "20062": {
            "year_quarter": 20062,
            "year": 2006,
            "quarter": 2,
            "eps": null,
            "eps_growth_year": null,
            "eps_4q": null,
            "eps_4q_growth_year": null,
            "roe": null,
            "roe_4q": 0,
            "gross_profit": null,
            "gross_margin": null,
            "gross_margin_4q_avg": 0,
            "net_income": null,
            "revenue": null,
            "common_shares": null,
            "book_valuer_per_share": null,
            "book_valuer_per_share_4q_avg": 0,
            "equity": null,
            "current_ratio": null,
            "debt_ratio": null,
            "inventory_turnover_ratio": null,
            "account_receivable_turnover_ratio": null,
            "reinvestment_rate": null,
            "research_to_sale_ratio": null,
            "price_fair": 0,
            "eps_avg_yearly": 0,
            "eps_latest_yearly": 0,
            "eps_growth_yearly": 0
        },
        "20063": {
            "year_quarter": 20063,
            "year": 2006,
            "quarter": 3,
            "eps": null,
            "eps_growth_year": null,
            "eps_4q": null,
            "eps_4q_growth_year": null,
            "roe": null,
            "roe_4q": 0,
            "gross_profit": null,
            "gross_margin": null,
            "gross_margin_4q_avg": 0,
            "net_income": null,
            "revenue": null,
            "common_shares": null,
            "book_valuer_per_share": null,
            "book_valuer_per_share_4q_avg": 0,
            "equity": null,
            "current_ratio": null,
            "debt_ratio": null,
            "inventory_turnover_ratio": null,
            "account_receivable_turnover_ratio": null,
            "reinvestment_rate": null,
            "research_to_sale_ratio": null,
            "price_fair": 0,
            "eps_avg_yearly": 0,
            "eps_latest_yearly": 0,
            "eps_growth_yearly": 0
        },
        "20064": {
            "year_quarter": 20064,
            "year": 2006,
            "quarter": 4,
            "eps": null,
            "eps_growth_year": null,
            "eps_4q": null,
            "eps_4q_growth_year": null,
            "roe": null,
            "roe_4q": 0,
            "gross_profit": null,
            "gross_margin": null,
            "gross_margin_4q_avg": 0,
            "net_income": null,
            "revenue": null,
            "common_shares": null,
            "book_valuer_per_share": null,
            "book_valuer_per_share_4q_avg": 0,
            "equity": null,
            "current_ratio": null,
            "debt_ratio": null,
            "inventory_turnover_ratio": null,
            "account_receivable_turnover_ratio": null,
            "reinvestment_rate": null,
            "research_to_sale_ratio": null,
            "price_fair": 0,
            "eps_avg_yearly": 0,
            "eps_latest_yearly": 0,
            "eps_growth_yearly": 0
        },
        "20071": {
            "year_quarter": 20071,
            "year": 2007,
            "quarter": 1,
            "eps": null,
            "eps_growth_year": null,
            "eps_4q": null,
            "eps_4q_growth_year": null,
            "roe": null,
            "roe_4q": 0,
            "gross_profit": null,
            "gross_margin": null,
            "gross_margin_4q_avg": 0,
            "net_income": null,
            "revenue": null,
            "common_shares": null,
            "book_valuer_per_share": null,
            "book_valuer_per_share_4q_avg": 0,
            "equity": null,
            "current_ratio": null,
            "debt_ratio": null,
            "inventory_turnover_ratio": null,
            "account_receivable_turnover_ratio": null,
            "reinvestment_rate": null,
            "research_to_sale_ratio": null,
            "price_fair": 0,
            "eps_avg_yearly": 0,
            "eps_latest_yearly": 0,
            "eps_growth_yearly": 0
        },
        "20072": {
            "year_quarter": 20072,
            "year": 2007,
            "quarter": 2,
            "eps": null,
            "eps_growth_year": null,
            "eps_4q": null,
            "eps_4q_growth_year": null,
            "roe": null,
            "roe_4q": 0,
            "gross_profit": null,
            "gross_margin": null,
            "gross_margin_4q_avg": 0,
            "net_income": null,
            "revenue": null,
            "common_shares": null,
            "book_valuer_per_share": null,
            "book_valuer_per_share_4q_avg": 0,
            "equity": null,
            "current_ratio": null,
            "debt_ratio": null,
            "inventory_turnover_ratio": null,
            "account_receivable_turnover_ratio": null,
            "reinvestment_rate": null,
            "research_to_sale_ratio": null,
            "price_fair": 0,
            "eps_avg_yearly": 0,
            "eps_latest_yearly": 0,
            "eps_growth_yearly": 0
        },
        "20073": {
            "year_quarter": 20073,
            "year": 2007,
            "quarter": 3,
            "eps": null,
            "eps_growth_year": null,
            "eps_4q": null,
            "eps_4q_growth_year": null,
            "roe": null,
            "roe_4q": 0,
            "gross_profit": null,
            "gross_margin": null,
            "gross_margin_4q_avg": 0,
            "net_income": null,
            "revenue": null,
            "common_shares": null,
            "book_valuer_per_share": null,
            "book_valuer_per_share_4q_avg": 0,
            "equity": null,
            "current_ratio": null,
            "debt_ratio": null,
            "inventory_turnover_ratio": null,
            "account_receivable_turnover_ratio": null,
            "reinvestment_rate": null,
            "research_to_sale_ratio": null,
            "price_fair": 0,
            "eps_avg_yearly": 0,
            "eps_latest_yearly": 0,
            "eps_growth_yearly": 0
        },
        "20074": {
            "year_quarter": 20074,
            "year": 2007,
            "quarter": 4,
            "eps": null,
            "eps_growth_year": null,
            "eps_4q": null,
            "eps_4q_growth_year": null,
            "roe": null,
            "roe_4q": 0,
            "gross_profit": null,
            "gross_margin": null,
            "gross_margin_4q_avg": 0,
            "net_income": null,
            "revenue": null,
            "common_shares": null,
            "book_valuer_per_share": null,
            "book_valuer_per_share_4q_avg": 0,
            "equity": null,
            "current_ratio": null,
            "debt_ratio": null,
            "inventory_turnover_ratio": null,
            "account_receivable_turnover_ratio": null,
            "reinvestment_rate": null,
            "research_to_sale_ratio": null,
            "price_fair": 0,
            "eps_avg_yearly": 0,
            "eps_latest_yearly": 0,
            "eps_growth_yearly": 0
        },
        "20081": {
            "year_quarter": 20081,
            "year": 2008,
            "quarter": 1,
            "eps": null,
            "eps_growth_year": null,
            "eps_4q": null,
            "eps_4q_growth_year": null,
            "roe": null,
            "roe_4q": 0,
            "gross_profit": null,
            "gross_margin": null,
            "gross_margin_4q_avg": 0,
            "net_income": null,
            "revenue": null,
            "common_shares": null,
            "book_valuer_per_share": null,
            "book_valuer_per_share_4q_avg": 0,
            "equity": null,
            "current_ratio": null,
            "debt_ratio": null,
            "inventory_turnover_ratio": null,
            "account_receivable_turnover_ratio": null,
            "reinvestment_rate": null,
            "research_to_sale_ratio": null,
            "price_fair": 0,
            "eps_avg_yearly": 0,
            "eps_latest_yearly": 0,
            "eps_growth_yearly": 0
        },
        "20082": {
            "year_quarter": 20082,
            "year": 2008,
            "quarter": 2,
            "eps": null,
            "eps_growth_year": null,
            "eps_4q": null,
            "eps_4q_growth_year": null,
            "roe": null,
            "roe_4q": 0,
            "gross_profit": null,
            "gross_margin": null,
            "gross_margin_4q_avg": 0,
            "net_income": null,
            "revenue": null,
            "common_shares": null,
            "book_valuer_per_share": null,
            "book_valuer_per_share_4q_avg": 0,
            "equity": null,
            "current_ratio": null,
            "debt_ratio": null,
            "inventory_turnover_ratio": null,
            "account_receivable_turnover_ratio": null,
            "reinvestment_rate": null,
            "research_to_sale_ratio": null,
            "price_fair": 0,
            "eps_avg_yearly": 0,
            "eps_latest_yearly": 0,
            "eps_growth_yearly": 0
        },
        "20083": {
            "year_quarter": 20083,
            "year": 2008,
            "quarter": 3,
            "eps": null,
            "eps_growth_year": null,
            "eps_4q": null,
            "eps_4q_growth_year": null,
            "roe": null,
            "roe_4q": 0,
            "gross_profit": null,
            "gross_margin": null,
            "gross_margin_4q_avg": 0,
            "net_income": null,
            "revenue": null,
            "common_shares": null,
            "book_valuer_per_share": null,
            "book_valuer_per_share_4q_avg": 0,
            "equity": null,
            "current_ratio": null,
            "debt_ratio": null,
            "inventory_turnover_ratio": null,
            "account_receivable_turnover_ratio": null,
            "reinvestment_rate": null,
            "research_to_sale_ratio": null,
            "price_fair": 0,
            "eps_avg_yearly": 0,
            "eps_latest_yearly": 0,
            "eps_growth_yearly": 0
        },
        "20084": {
            "year_quarter": 20084,
            "year": 2008,
            "quarter": 4,
            "eps": null,
            "eps_growth_year": null,
            "eps_4q": null,
            "eps_4q_growth_year": null,
            "roe": null,
            "roe_4q": 0,
            "gross_profit": null,
            "gross_margin": null,
            "gross_margin_4q_avg": 0,
            "net_income": null,
            "revenue": null,
            "common_shares": null,
            "book_valuer_per_share": null,
            "book_valuer_per_share_4q_avg": 0,
            "equity": null,
            "current_ratio": null,
            "debt_ratio": null,
            "inventory_turnover_ratio": null,
            "account_receivable_turnover_ratio": null,
            "reinvestment_rate": null,
            "research_to_sale_ratio": null,
            "price_fair": 0,
            "eps_avg_yearly": 0,
            "eps_latest_yearly": 0,
            "eps_growth_yearly": 0
        },
        "20091": {
            "year_quarter": 20091,
            "year": 2009,
            "quarter": 1,
            "eps": null,
            "eps_growth_year": null,
            "eps_4q": null,
            "eps_4q_growth_year": null,
            "roe": null,
            "roe_4q": 0,
            "gross_profit": null,
            "gross_margin": null,
            "gross_margin_4q_avg": 0,
            "net_income": null,
            "revenue": null,
            "common_shares": null,
            "book_valuer_per_share": null,
            "book_valuer_per_share_4q_avg": 0,
            "equity": null,
            "current_ratio": null,
            "debt_ratio": null,
            "inventory_turnover_ratio": null,
            "account_receivable_turnover_ratio": null,
            "reinvestment_rate": null,
            "research_to_sale_ratio": null,
            "price_fair": 0,
            "eps_avg_yearly": 0,
            "eps_latest_yearly": 0,
            "eps_growth_yearly": 0
        },
        "20092": {
            "year_quarter": 20092,
            "year": 2009,
            "quarter": 2,
            "eps": null,
            "eps_growth_year": null,
            "eps_4q": null,
            "eps_4q_growth_year": null,
            "roe": null,
            "roe_4q": 0,
            "gross_profit": null,
            "gross_margin": null,
            "gross_margin_4q_avg": 0,
            "net_income": null,
            "revenue": null,
            "common_shares": null,
            "book_valuer_per_share": null,
            "book_valuer_per_share_4q_avg": 0,
            "equity": null,
            "current_ratio": null,
            "debt_ratio": null,
            "inventory_turnover_ratio": null,
            "account_receivable_turnover_ratio": null,
            "reinvestment_rate": null,
            "research_to_sale_ratio": null,
            "price_fair": 0,
            "eps_avg_yearly": 0,
            "eps_latest_yearly": 0,
            "eps_growth_yearly": 0
        },
        "20093": {
            "year_quarter": 20093,
            "year": 2009,
            "quarter": 3,
            "eps": null,
            "eps_growth_year": null,
            "eps_4q": null,
            "eps_4q_growth_year": null,
            "roe": null,
            "roe_4q": 0,
            "gross_profit": null,
            "gross_margin": null,
            "gross_margin_4q_avg": 0,
            "net_income": null,
            "revenue": null,
            "common_shares": null,
            "book_valuer_per_share": null,
            "book_valuer_per_share_4q_avg": 0,
            "equity": null,
            "current_ratio": null,
            "debt_ratio": null,
            "inventory_turnover_ratio": null,
            "account_receivable_turnover_ratio": null,
            "reinvestment_rate": null,
            "research_to_sale_ratio": null,
            "price_fair": 0,
            "eps_avg_yearly": 0,
            "eps_latest_yearly": 0,
            "eps_growth_yearly": 0
        },
        "20094": {
            "year_quarter": 20094,
            "year": 2009,
            "quarter": 4,
            "eps": null,
            "eps_growth_year": null,
            "eps_4q": null,
            "eps_4q_growth_year": null,
            "roe": null,
            "roe_4q": 0,
            "gross_profit": null,
            "gross_margin": null,
            "gross_margin_4q_avg": 0,
            "net_income": null,
            "revenue": null,
            "common_shares": null,
            "book_valuer_per_share": null,
            "book_valuer_per_share_4q_avg": 0,
            "equity": null,
            "current_ratio": null,
            "debt_ratio": null,
            "inventory_turnover_ratio": null,
            "account_receivable_turnover_ratio": null,
            "reinvestment_rate": null,
            "research_to_sale_ratio": null,
            "price_fair": 0,
            "eps_avg_yearly": 0,
            "eps_latest_yearly": 0,
            "eps_growth_yearly": 0
        },
        "20101": {
            "year_quarter": 20101,
            "year": 2010,
            "quarter": 1,
            "eps": null,
            "eps_growth_year": null,
            "eps_4q": null,
            "eps_4q_growth_year": null,
            "roe": null,
            "roe_4q": 0,
            "gross_profit": null,
            "gross_margin": null,
            "gross_margin_4q_avg": 0,
            "net_income": null,
            "revenue": null,
            "common_shares": null,
            "book_valuer_per_share": null,
            "book_valuer_per_share_4q_avg": 0,
            "equity": null,
            "current_ratio": null,
            "debt_ratio": null,
            "inventory_turnover_ratio": null,
            "account_receivable_turnover_ratio": null,
            "reinvestment_rate": null,
            "research_to_sale_ratio": null,
            "price_fair": 0,
            "eps_avg_yearly": 0,
            "eps_latest_yearly": 0,
            "eps_growth_yearly": 0
        },
        "20102": {
            "year_quarter": 20102,
            "year": 2010,
            "quarter": 2,
            "eps": null,
            "eps_growth_year": null,
            "eps_4q": null,
            "eps_4q_growth_year": null,
            "roe": null,
            "roe_4q": 0,
            "gross_profit": null,
            "gross_margin": null,
            "gross_margin_4q_avg": 0,
            "net_income": null,
            "revenue": null,
            "common_shares": null,
            "book_valuer_per_share": null,
            "book_valuer_per_share_4q_avg": 0,
            "equity": null,
            "current_ratio": null,
            "debt_ratio": null,
            "inventory_turnover_ratio": null,
            "account_receivable_turnover_ratio": null,
            "reinvestment_rate": null,
            "research_to_sale_ratio": null,
            "price_fair": 0,
            "eps_avg_yearly": 0,
            "eps_latest_yearly": 0,
            "eps_growth_yearly": 0
        },
        "20103": {
            "year_quarter": 20103,
            "year": 2010,
            "quarter": 3,
            "eps": null,
            "eps_growth_year": null,
            "eps_4q": null,
            "eps_4q_growth_year": null,
            "roe": null,
            "roe_4q": 0,
            "gross_profit": null,
            "gross_margin": null,
            "gross_margin_4q_avg": 0,
            "net_income": null,
            "revenue": null,
            "common_shares": null,
            "book_valuer_per_share": null,
            "book_valuer_per_share_4q_avg": 0,
            "equity": null,
            "current_ratio": null,
            "debt_ratio": null,
            "inventory_turnover_ratio": null,
            "account_receivable_turnover_ratio": null,
            "reinvestment_rate": null,
            "research_to_sale_ratio": null,
            "price_fair": 0,
            "eps_avg_yearly": 0,
            "eps_latest_yearly": 0,
            "eps_growth_yearly": 0
        },
        "20104": {
            "year_quarter": 20104,
            "year": 2010,
            "quarter": 4,
            "eps": null,
            "eps_growth_year": null,
            "eps_4q": null,
            "eps_4q_growth_year": null,
            "roe": null,
            "roe_4q": 0,
            "gross_profit": null,
            "gross_margin": null,
            "gross_margin_4q_avg": 0,
            "net_income": null,
            "revenue": null,
            "common_shares": null,
            "book_valuer_per_share": null,
            "book_valuer_per_share_4q_avg": 0,
            "equity": null,
            "current_ratio": null,
            "debt_ratio": null,
            "inventory_turnover_ratio": null,
            "account_receivable_turnover_ratio": null,
            "reinvestment_rate": null,
            "research_to_sale_ratio": null,
            "price_fair": 0,
            "eps_avg_yearly": 0,
            "eps_latest_yearly": 0,
            "eps_growth_yearly": 0
        },
        "20111": {
            "year_quarter": 20111,
            "year": 2011,
            "quarter": 1,
            "eps": null,
            "eps_growth_year": null,
            "eps_4q": null,
            "eps_4q_growth_year": null,
            "roe": null,
            "roe_4q": 0,
            "gross_profit": null,
            "gross_margin": null,
            "gross_margin_4q_avg": 0,
            "net_income": null,
            "revenue": null,
            "common_shares": null,
            "book_valuer_per_share": null,
            "book_valuer_per_share_4q_avg": 0,
            "equity": null,
            "current_ratio": null,
            "debt_ratio": null,
            "inventory_turnover_ratio": null,
            "account_receivable_turnover_ratio": null,
            "reinvestment_rate": null,
            "research_to_sale_ratio": null,
            "price_fair": 0,
            "eps_avg_yearly": 0,
            "eps_latest_yearly": 0,
            "eps_growth_yearly": 0
        },
        "20112": {
            "year_quarter": 20112,
            "year": 2011,
            "quarter": 2,
            "eps": null,
            "eps_growth_year": null,
            "eps_4q": null,
            "eps_4q_growth_year": null,
            "roe": null,
            "roe_4q": 0,
            "gross_profit": null,
            "gross_margin": null,
            "gross_margin_4q_avg": 0,
            "net_income": null,
            "revenue": null,
            "common_shares": null,
            "book_valuer_per_share": null,
            "book_valuer_per_share_4q_avg": 0,
            "equity": null,
            "current_ratio": null,
            "debt_ratio": null,
            "inventory_turnover_ratio": null,
            "account_receivable_turnover_ratio": null,
            "reinvestment_rate": null,
            "research_to_sale_ratio": null,
            "price_fair": 0,
            "eps_avg_yearly": 0,
            "eps_latest_yearly": 0,
            "eps_growth_yearly": 0
        },
        "20113": {
            "year_quarter": 20113,
            "year": 2011,
            "quarter": 3,
            "eps": null,
            "eps_growth_year": null,
            "eps_4q": null,
            "eps_4q_growth_year": null,
            "roe": null,
            "roe_4q": 0,
            "gross_profit": null,
            "gross_margin": null,
            "gross_margin_4q_avg": 0,
            "net_income": null,
            "revenue": null,
            "common_shares": null,
            "book_valuer_per_share": null,
            "book_valuer_per_share_4q_avg": 0,
            "equity": null,
            "current_ratio": null,
            "debt_ratio": null,
            "inventory_turnover_ratio": null,
            "account_receivable_turnover_ratio": null,
            "reinvestment_rate": null,
            "research_to_sale_ratio": null,
            "price_fair": 0,
            "eps_avg_yearly": 0,
            "eps_latest_yearly": 0,
            "eps_growth_yearly": 0
        },
        "20114": {
            "year_quarter": 20114,
            "year": 2011,
            "quarter": 4,
            "eps": null,
            "eps_growth_year": null,
            "eps_4q": null,
            "eps_4q_growth_year": null,
            "roe": null,
            "roe_4q": 0,
            "gross_profit": null,
            "gross_margin": null,
            "gross_margin_4q_avg": 0,
            "net_income": null,
            "revenue": null,
            "common_shares": 1165931,
            "book_valuer_per_share": 24.12,
            "book_valuer_per_share_4q_avg": 6.03,
            "equity": 2812444,
            "current_ratio": 223.74,
            "debt_ratio": 29.14,
            "inventory_turnover_ratio": null,
            "account_receivable_turnover_ratio": null,
            "reinvestment_rate": null,
            "research_to_sale_ratio": null,
            "price_fair": 0,
            "eps_avg_yearly": 0,
            "eps_latest_yearly": 0,
            "eps_growth_yearly": 0
        },
        "20121": {
            "year_quarter": 20121,
            "year": 2012,
            "quarter": 1,
            "eps": null,
            "eps_growth_year": null,
            "eps_4q": null,
            "eps_4q_growth_year": null,
            "roe": null,
            "roe_4q": 0,
            "gross_profit": null,
            "gross_margin": null,
            "gross_margin_4q_avg": 0,
            "net_income": null,
            "revenue": null,
            "common_shares": null,
            "book_valuer_per_share": null,
            "book_valuer_per_share_4q_avg": 6.03,
            "equity": null,
            "current_ratio": null,
            "debt_ratio": null,
            "inventory_turnover_ratio": null,
            "account_receivable_turnover_ratio": null,
            "reinvestment_rate": null,
            "research_to_sale_ratio": null,
            "price_fair": 0,
            "eps_avg_yearly": 0,
            "eps_latest_yearly": 0,
            "eps_growth_yearly": 0
        },
        "20122": {
            "year_quarter": 20122,
            "year": 2012,
            "quarter": 2,
            "eps": null,
            "eps_growth_year": null,
            "eps_4q": null,
            "eps_4q_growth_year": null,
            "roe": null,
            "roe_4q": 0,
            "gross_profit": null,
            "gross_margin": null,
            "gross_margin_4q_avg": 0,
            "net_income": null,
            "revenue": null,
            "common_shares": null,
            "book_valuer_per_share": null,
            "book_valuer_per_share_4q_avg": 6.03,
            "equity": null,
            "current_ratio": null,
            "debt_ratio": null,
            "inventory_turnover_ratio": null,
            "account_receivable_turnover_ratio": null,
            "reinvestment_rate": null,
            "research_to_sale_ratio": null,
            "price_fair": 0,
            "eps_avg_yearly": 0,
            "eps_latest_yearly": 0,
            "eps_growth_yearly": 0
        },
        "20123": {
            "year_quarter": 20123,
            "year": 2012,
            "quarter": 3,
            "eps": null,
            "eps_growth_year": null,
            "eps_4q": null,
            "eps_4q_growth_year": null,
            "roe": null,
            "roe_4q": 0,
            "gross_profit": null,
            "gross_margin": null,
            "gross_margin_4q_avg": 0,
            "net_income": null,
            "revenue": null,
            "common_shares": null,
            "book_valuer_per_share": null,
            "book_valuer_per_share_4q_avg": 6.03,
            "equity": null,
            "current_ratio": null,
            "debt_ratio": null,
            "inventory_turnover_ratio": null,
            "account_receivable_turnover_ratio": null,
            "reinvestment_rate": null,
            "research_to_sale_ratio": null,
            "price_fair": 0,
            "eps_avg_yearly": 0,
            "eps_latest_yearly": 0,
            "eps_growth_yearly": 0
        },
        "20124": {
            "year_quarter": 20124,
            "year": 2012,
            "quarter": 4,
            "eps": null,
            "eps_growth_year": null,
            "eps_4q": null,
            "eps_4q_growth_year": null,
            "roe": null,
            "roe_4q": 0,
            "gross_profit": null,
            "gross_margin": null,
            "gross_margin_4q_avg": 0,
            "net_income": null,
            "revenue": null,
            "common_shares": 811213,
            "book_valuer_per_share": 25.2,
            "book_valuer_per_share_4q_avg": 6.3,
            "equity": 2044347,
            "current_ratio": 128.24,
            "debt_ratio": 57.41,
            "inventory_turnover_ratio": null,
            "account_receivable_turnover_ratio": null,
            "reinvestment_rate": null,
            "research_to_sale_ratio": null,
            "price_fair": 0,
            "eps_avg_yearly": 0,
            "eps_latest_yearly": 0,
            "eps_growth_yearly": 0
        },
        "20131": {
            "year_quarter": 20131,
            "year": 2013,
            "quarter": 1,
            "eps": null,
            "eps_growth_year": null,
            "eps_4q": null,
            "eps_4q_growth_year": null,
            "roe": null,
            "roe_4q": 0,
            "gross_profit": 274406,
            "gross_margin": null,
            "gross_margin_4q_avg": 0,
            "net_income": 13684,
            "revenue": 1107301,
            "common_shares": 811213,
            "book_valuer_per_share": 26.12,
            "book_valuer_per_share_4q_avg": 12.83,
            "equity": 2118842,
            "current_ratio": 123.92,
            "debt_ratio": 59.25,
            "inventory_turnover_ratio": null,
            "account_receivable_turnover_ratio": null,
            "reinvestment_rate": null,
            "research_to_sale_ratio": null,
            "price_fair": 0,
            "eps_avg_yearly": 0,
            "eps_latest_yearly": 0,
            "eps_growth_yearly": 0
        },
        "20132": {
            "year_quarter": 20132,
            "year": 2013,
            "quarter": 2,
            "eps": null,
            "eps_growth_year": null,
            "eps_4q": null,
            "eps_4q_growth_year": null,
            "roe": null,
            "roe_4q": 0,
            "gross_profit": 368179,
            "gross_margin": null,
            "gross_margin_4q_avg": 0,
            "net_income": 42227,
            "revenue": 1011401,
            "common_shares": 811213,
            "book_valuer_per_share": 22.74,
            "book_valuer_per_share_4q_avg": 18.52,
            "equity": 1844339,
            "current_ratio": 110.09,
            "debt_ratio": 63.72,
            "inventory_turnover_ratio": null,
            "account_receivable_turnover_ratio": null,
            "reinvestment_rate": null,
            "research_to_sale_ratio": null,
            "price_fair": 0,
            "eps_avg_yearly": 0,
            "eps_latest_yearly": 0,
            "eps_growth_yearly": 0
        },
        "20133": {
            "year_quarter": 20133,
            "year": 2013,
            "quarter": 3,
            "eps": null,
            "eps_growth_year": null,
            "eps_4q": null,
            "eps_4q_growth_year": null,
            "roe": null,
            "roe_4q": 0,
            "gross_profit": 334183,
            "gross_margin": null,
            "gross_margin_4q_avg": 0,
            "net_income": 49434,
            "revenue": 1125632,
            "common_shares": 892333,
            "book_valuer_per_share": 23.93,
            "book_valuer_per_share_4q_avg": 24.5,
            "equity": 2135070,
            "current_ratio": 115.01,
            "debt_ratio": 59.2,
            "inventory_turnover_ratio": null,
            "account_receivable_turnover_ratio": null,
            "reinvestment_rate": null,
            "research_to_sale_ratio": null,
            "price_fair": 0,
            "eps_avg_yearly": 0,
            "eps_latest_yearly": 0,
            "eps_growth_yearly": 0
        },
        "20134": {
            "year_quarter": 20134,
            "year": 2013,
            "quarter": 4,
            "eps": null,
            "eps_growth_year": null,
            "eps_4q": null,
            "eps_4q_growth_year": null,
            "roe": null,
            "roe_4q": 0,
            "gross_profit": 343997,
            "gross_margin": null,
            "gross_margin_4q_avg": 0,
            "net_income": 292247,
            "revenue": 1064223,
            "common_shares": 892333,
            "book_valuer_per_share": 27.65,
            "book_valuer_per_share_4q_avg": 25.11,
            "equity": 2467139,
            "current_ratio": 129.39,
            "debt_ratio": 52.81,
            "inventory_turnover_ratio": null,
            "account_receivable_turnover_ratio": null,
            "reinvestment_rate": null,
            "research_to_sale_ratio": null,
            "price_fair": 0,
            "eps_avg_yearly": 0,
            "eps_latest_yearly": 0,
            "eps_growth_yearly": 0
        },
        "20141": {
            "year_quarter": 20141,
            "year": 2014,
            "quarter": 1,
            "eps": null,
            "eps_growth_year": null,
            "eps_4q": null,
            "eps_4q_growth_year": null,
            "roe": null,
            "roe_4q": 0,
            "gross_profit": 377893,
            "gross_margin": null,
            "gross_margin_4q_avg": 0,
            "net_income": 43048,
            "revenue": 1225609,
            "common_shares": 892333,
            "book_valuer_per_share": 28.49,
            "book_valuer_per_share_4q_avg": 25.7,
            "equity": 2542121,
            "current_ratio": 137.98,
            "debt_ratio": 52.77,
            "inventory_turnover_ratio": null,
            "account_receivable_turnover_ratio": null,
            "reinvestment_rate": null,
            "research_to_sale_ratio": null,
            "price_fair": 0,
            "eps_avg_yearly": 0,
            "eps_latest_yearly": 0,
            "eps_growth_yearly": 0
        },
        "20142": {
            "year_quarter": 20142,
            "year": 2014,
            "quarter": 2,
            "eps": 0.67,
            "eps_growth_year": null,
            "eps_4q": 0.67,
            "eps_4q_growth_year": null,
            "roe": 2.42,
            "roe_4q": 2.42,
            "gross_profit": 377922,
            "gross_margin": 28.07,
            "gross_margin_4q_avg": 7.02,
            "net_income": 59625,
            "revenue": 1346186,
            "common_shares": 892333,
            "book_valuer_per_share": 26.62,
            "book_valuer_per_share_4q_avg": 26.67,
            "equity": 2375379,
            "current_ratio": 128.76,
            "debt_ratio": 55.76,
            "inventory_turnover_ratio": 0.75,
            "account_receivable_turnover_ratio": 3.07,
            "reinvestment_rate": null,
            "research_to_sale_ratio": null,
            "price_fair": 0,
            "eps_avg_yearly": 0,
            "eps_latest_yearly": 0,
            "eps_growth_yearly": 0
        },
        "20143": {
            "year_quarter": 20143,
            "year": 2014,
            "quarter": 3,
            "eps": 0.21,
            "eps_growth_year": null,
            "eps_4q": 0.87,
            "eps_4q_growth_year": null,
            "roe": 0.76,
            "roe_4q": 3.1799999999999997,
            "gross_profit": 326342,
            "gross_margin": 28.81,
            "gross_margin_4q_avg": 14.22,
            "net_income": 18312,
            "revenue": 1132767,
            "common_shares": 892333,
            "book_valuer_per_share": 27.32,
            "book_valuer_per_share_4q_avg": 27.52,
            "equity": 2438225,
            "current_ratio": 124.44,
            "debt_ratio": 56.04,
            "inventory_turnover_ratio": 0.6,
            "account_receivable_turnover_ratio": 1.38,
            "reinvestment_rate": null,
            "research_to_sale_ratio": 3.01,
            "price_fair": 2.52,
            "eps_avg_yearly": 0.84,
            "eps_latest_yearly": 0.84,
            "eps_growth_yearly": -274.63
        },
        "20144": {
            "year_quarter": 20144,
            "year": 2014,
            "quarter": 4,
            "eps": 0.47,
            "eps_growth_year": null,
            "eps_4q": 1.24,
            "eps_4q_growth_year": null,
            "roe": 1.71,
            "roe_4q": 4.89,
            "gross_profit": 369550,
            "gross_margin": 33.77,
            "gross_margin_4q_avg": 22.66,
            "net_income": 46945,
            "revenue": 1094181,
            "common_shares": 1004333,
            "book_valuer_per_share": 30.24,
            "book_valuer_per_share_4q_avg": 28.17,
            "equity": 3037126,
            "current_ratio": 142.98,
            "debt_ratio": 48.6,
            "inventory_turnover_ratio": 0.51,
            "account_receivable_turnover_ratio": 1.4,
            "reinvestment_rate": null,
            "research_to_sale_ratio": 2.89,
            "price_fair": 47.6,
            "eps_avg_yearly": 1.36,
            "eps_latest_yearly": 1.88,
            "eps_growth_yearly": 110.31
        },
        "20151": {
            "year_quarter": 20151,
            "year": 2015,
            "quarter": 1,
            "eps": 0.48,
            "eps_growth_year": null,
            "eps_4q": 1.72,
            "eps_4q_growth_year": null,
            "roe": 1.58,
            "roe_4q": 6.47,
            "gross_profit": 423403,
            "gross_margin": 32.17,
            "gross_margin_4q_avg": 30.71,
            "net_income": 47914,
            "revenue": 1316321,
            "common_shares": 1004333,
            "book_valuer_per_share": 30.28,
            "book_valuer_per_share_4q_avg": 28.62,
            "equity": 3040953,
            "current_ratio": 135.21,
            "debt_ratio": 51.38,
            "inventory_turnover_ratio": 0.65,
            "account_receivable_turnover_ratio": 1.4,
            "reinvestment_rate": null,
            "research_to_sale_ratio": 3.45,
            "price_fair": 54.13,
            "eps_avg_yearly": 1.55,
            "eps_latest_yearly": 1.92,
            "eps_growth_yearly": 76.37
        },
        "20152": {
            "year_quarter": 20152,
            "year": 2015,
            "quarter": 2,
            "eps": 0.41,
            "eps_growth_year": -38.64,
            "eps_4q": 1.54,
            "eps_4q_growth_year": 130.65,
            "roe": 1.39,
            "roe_4q": 5.4399999999999995,
            "gross_profit": 410822,
            "gross_margin": 32.39,
            "gross_margin_4q_avg": 31.79,
            "net_income": 41616,
            "revenue": 1268332,
            "common_shares": 1004333,
            "book_valuer_per_share": 29.39,
            "book_valuer_per_share_4q_avg": 29.31,
            "equity": 2952152,
            "current_ratio": 113.49,
            "debt_ratio": 55.92,
            "inventory_turnover_ratio": 0.63,
            "account_receivable_turnover_ratio": 1.18,
            "reinvestment_rate": null,
            "research_to_sale_ratio": 3.38,
            "price_fair": 54.95,
            "eps_avg_yearly": 1.57,
            "eps_latest_yearly": 1.64,
            "eps_growth_yearly": 42.7
        },
        "20153": {
            "year_quarter": 20153,
            "year": 2015,
            "quarter": 3,
            "eps": 0.87,
            "eps_growth_year": 314.29,
            "eps_4q": 2.24,
            "eps_4q_growth_year": 156.61,
            "roe": 2.89,
            "roe_4q": 7.57,
            "gross_profit": 451825,
            "gross_margin": 33.63,
            "gross_margin_4q_avg": 32.99,
            "net_income": 87465,
            "revenue": 1343497,
            "common_shares": 1004333,
            "book_valuer_per_share": 31.08,
            "book_valuer_per_share_4q_avg": 30.25,
            "equity": 3105848,
            "current_ratio": 109.01,
            "debt_ratio": 57.11,
            "inventory_turnover_ratio": 0.61,
            "account_receivable_turnover_ratio": 1.23,
            "reinvestment_rate": null,
            "research_to_sale_ratio": 3.43,
            "price_fair": 68.32,
            "eps_avg_yearly": 1.95,
            "eps_latest_yearly": 3.48,
            "eps_growth_yearly": 123.91
        },
        "20154": {
            "year_quarter": 20154,
            "year": 2015,
            "quarter": 4,
            "eps": 0.14,
            "eps_growth_year": -69.11,
            "eps_4q": 1.93,
            "eps_4q_growth_year": 55.43,
            "roe": 0.47,
            "roe_4q": 6.33,
            "gross_profit": 391468,
            "gross_margin": 31.12,
            "gross_margin_4q_avg": 32.33,
            "net_income": 14292,
            "revenue": 1257858,
            "common_shares": 1004333,
            "book_valuer_per_share": 30.62,
            "book_valuer_per_share_4q_avg": 30.34,
            "equity": 3030370,
            "current_ratio": 110.35,
            "debt_ratio": 57.57,
            "inventory_turnover_ratio": 0.54,
            "account_receivable_turnover_ratio": 1.22,
            "reinvestment_rate": null,
            "research_to_sale_ratio": 2.08,
            "price_fair": 60.2,
            "eps_avg_yearly": 1.72,
            "eps_latest_yearly": 0.56,
            "eps_growth_yearly": 47.32
        },
        "20161": {
            "year_quarter": 20161,
            "year": 2016,
            "quarter": 1,
            "eps": 1.23,
            "eps_growth_year": 156.25,
            "eps_4q": 2.68,
            "eps_4q_growth_year": 55.6,
            "roe": 3.96,
            "roe_4q": 8.71,
            "gross_profit": 514858,
            "gross_margin": 33.78,
            "gross_margin_4q_avg": 32.73,
            "net_income": 121597,
            "revenue": 1524337,
            "common_shares": 1004333,
            "book_valuer_per_share": 31.36,
            "book_valuer_per_share_4q_avg": 30.61,
            "equity": 3103629,
            "current_ratio": 112.63,
            "debt_ratio": 56.14,
            "inventory_turnover_ratio": 0.64,
            "account_receivable_turnover_ratio": 1.48,
            "reinvestment_rate": null,
            "research_to_sale_ratio": 1.04,
            "price_fair": 76.2,
            "eps_avg_yearly": 2.18,
            "eps_latest_yearly": 4.92,
            "eps_growth_yearly": 485.46
        },
        "20162": {
            "year_quarter": 20162,
            "year": 2016,
            "quarter": 2,
            "eps": 1.29,
            "eps_growth_year": 214.63,
            "eps_4q": 3.55,
            "eps_4q_growth_year": 130.13,
            "roe": 4.14,
            "roe_4q": 11.46,
            "gross_profit": 501421,
            "gross_margin": 34.93,
            "gross_margin_4q_avg": 33.37,
            "net_income": 127700,
            "revenue": 1435484,
            "common_shares": 1004333,
            "book_valuer_per_share": 30.99,
            "book_valuer_per_share_4q_avg": 31.01,
            "equity": 3067275,
            "current_ratio": 112.43,
            "debt_ratio": 57.23,
            "inventory_turnover_ratio": 0.62,
            "account_receivable_turnover_ratio": 1.23,
            "reinvestment_rate": null,
            "research_to_sale_ratio": 1.59,
            "price_fair": 89.25,
            "eps_avg_yearly": 2.55,
            "eps_latest_yearly": 5.16,
            "eps_growth_yearly": 427.22
        },
        "20163": {
            "year_quarter": 20163,
            "year": 2016,
            "quarter": 3,
            "eps": 1.21,
            "eps_growth_year": 39.08,
            "eps_4q": 3.87,
            "eps_4q_growth_year": 72.74,
            "roe": 3.89,
            "roe_4q": 12.459999999999999,
            "gross_profit": 462326,
            "gross_margin": 34.15,
            "gross_margin_4q_avg": 33.5,
            "net_income": 119620,
            "revenue": 1353631,
            "common_shares": 1004333,
            "book_valuer_per_share": 31.12,
            "book_valuer_per_share_4q_avg": 31.02,
            "equity": 3079911,
            "current_ratio": 117.85,
            "debt_ratio": 55.22,
            "inventory_turnover_ratio": 0.61,
            "account_receivable_turnover_ratio": 1.1,
            "reinvestment_rate": null,
            "research_to_sale_ratio": 1.54,
            "price_fair": 98.16,
            "eps_avg_yearly": 2.8,
            "eps_latest_yearly": 4.84,
            "eps_growth_yearly": 376.99
        },
        "20164": {
            "year_quarter": 20164,
            "year": 2016,
            "quarter": 4,
            "eps": 0.67,
            "eps_growth_year": 361.42,
            "eps_4q": 4.39,
            "eps_4q_growth_year": 127.34,
            "roe": 2.12,
            "roe_4q": 14.11,
            "gross_profit": 444690,
            "gross_margin": 36.65,
            "gross_margin_4q_avg": 34.88,
            "net_income": 65946,
            "revenue": 1213440,
            "common_shares": 1004333,
            "book_valuer_per_share": 31.65,
            "book_valuer_per_share_4q_avg": 31.28,
            "equity": 3132650,
            "current_ratio": 109.63,
            "debt_ratio": 54.74,
            "inventory_turnover_ratio": 0.52,
            "account_receivable_turnover_ratio": 1.06,
            "reinvestment_rate": 110.14,
            "research_to_sale_ratio": 1.8,
            "price_fair": 97.72,
            "eps_avg_yearly": 2.79,
            "eps_latest_yearly": 2.68,
            "eps_growth_yearly": 321.44
        },
        "20171": {
            "year_quarter": 20171,
            "year": 2017,
            "quarter": 1,
            "eps": 0.9,
            "eps_growth_year": -26.83,
            "eps_4q": 4.06,
            "eps_4q_growth_year": 51.84,
            "roe": 2.88,
            "roe_4q": 13.030000000000001,
            "gross_profit": 558530,
            "gross_margin": 38.03,
            "gross_margin_4q_avg": 35.94,
            "net_income": 89072,
            "revenue": 1468693,
            "common_shares": 1004333,
            "book_valuer_per_share": 30.81,
            "book_valuer_per_share_4q_avg": 31.14,
            "equity": 3049182,
            "current_ratio": 170.01,
            "debt_ratio": 58.56,
            "inventory_turnover_ratio": 0.55,
            "account_receivable_turnover_ratio": 1.24,
            "reinvestment_rate": 86.98,
            "research_to_sale_ratio": 1.31,
            "price_fair": 100.29,
            "eps_avg_yearly": 2.87,
            "eps_latest_yearly": 3.6,
            "eps_growth_yearly": 304.7
        },
        "20172": {
            "year_quarter": 20172,
            "year": 2017,
            "quarter": 2,
            "eps": 0.61,
            "eps_growth_year": -52.71,
            "eps_4q": 3.39,
            "eps_4q_growth_year": -4.46,
            "roe": 2.02,
            "roe_4q": 10.91,
            "gross_profit": 556971,
            "gross_margin": 35.75,
            "gross_margin_4q_avg": 36.15,
            "net_income": 60751,
            "revenue": 1558051,
            "common_shares": 1004333,
            "book_valuer_per_share": 29.88,
            "book_valuer_per_share_4q_avg": 30.87,
            "equity": 2957289,
            "current_ratio": 158.44,
            "debt_ratio": 60.86,
            "inventory_turnover_ratio": 0.56,
            "account_receivable_turnover_ratio": 1.2,
            "reinvestment_rate": 83.39,
            "research_to_sale_ratio": 1.38,
            "price_fair": 99.05,
            "eps_avg_yearly": 2.83,
            "eps_latest_yearly": 2.44,
            "eps_growth_yearly": 268.57
        },
        "20173": {
            "year_quarter": 20173,
            "year": 2017,
            "quarter": 3,
            "eps": 0.77,
            "eps_growth_year": -36.36,
            "eps_4q": 2.95,
            "eps_4q_growth_year": -23.9,
            "roe": 2.51,
            "roe_4q": 9.53,
            "gross_profit": 439331,
            "gross_margin": 34.7,
            "gross_margin_4q_avg": 36.28,
            "net_income": 75850,
            "revenue": 1266199,
            "common_shares": 1004333,
            "book_valuer_per_share": 31.09,
            "book_valuer_per_share_4q_avg": 30.86,
            "equity": 3076753,
            "current_ratio": 169.94,
            "debt_ratio": 58.47,
            "inventory_turnover_ratio": 0.46,
            "account_receivable_turnover_ratio": 1.07,
            "reinvestment_rate": 73.61,
            "research_to_sale_ratio": 1.64,
            "price_fair": 99.72,
            "eps_avg_yearly": 2.85,
            "eps_latest_yearly": 3.08,
            "eps_growth_yearly": 255.98
        },
        "20174": {
            "year_quarter": 20174,
            "year": 2017,
            "quarter": 4,
            "eps": 0.47,
            "eps_growth_year": -29.74,
            "eps_4q": 2.75,
            "eps_4q_growth_year": -37.45,
            "roe": 1.5,
            "roe_4q": 8.91,
            "gross_profit": 252421,
            "gross_margin": 30.56,
            "gross_margin_4q_avg": 34.76,
            "net_income": 46336,
            "revenue": 825925,
            "common_shares": 1004333,
            "book_valuer_per_share": 31.46,
            "book_valuer_per_share_4q_avg": 30.81,
            "equity": 3113798,
            "current_ratio": 172.47,
            "debt_ratio": 57.15,
            "inventory_turnover_ratio": 0.31,
            "account_receivable_turnover_ratio": 0.88,
            "reinvestment_rate": 89.71,
            "research_to_sale_ratio": 2.41,
            "price_fair": 97.3,
            "eps_avg_yearly": 2.78,
            "eps_latest_yearly": 1.88,
            "eps_growth_yearly": 226.57
        },
        "20181": {
            "year_quarter": 20181,
            "year": 2018,
            "quarter": 1,
            "eps": 0.41,
            "eps_growth_year": -54.44,
            "eps_4q": 2.26,
            "eps_4q_growth_year": -44.41,
            "roe": 1.29,
            "roe_4q": 7.32,
            "gross_profit": 262470,
            "gross_margin": 27.98,
            "gross_margin_4q_avg": 32.25,
            "net_income": 40718,
            "revenue": 937997,
            "common_shares": 1004333,
            "book_valuer_per_share": 32.26,
            "book_valuer_per_share_4q_avg": 31.17,
            "equity": 3193526,
            "current_ratio": 146.77,
            "debt_ratio": 57.79,
            "inventory_turnover_ratio": 0.35,
            "account_receivable_turnover_ratio": 1.15,
            "reinvestment_rate": 73.19,
            "research_to_sale_ratio": 2.01,
            "price_fair": 94.64,
            "eps_avg_yearly": 2.7,
            "eps_latest_yearly": 1.64,
            "eps_growth_yearly": 208.06
        },
        "20182": {
            "year_quarter": 20182,
            "year": 2018,
            "quarter": 2,
            "eps": -1.42,
            "eps_growth_year": -332.79,
            "eps_4q": 0.22,
            "eps_4q_growth_year": -93.51,
            "roe": -4.6,
            "roe_4q": 0.7000000000000002,
            "gross_profit": 287161,
            "gross_margin": 24.07,
            "gross_margin_4q_avg": 29.33,
            "net_income": -141124,
            "revenue": 1193075,
            "common_shares": 1004333,
            "book_valuer_per_share": 29.75,
            "book_valuer_per_share_4q_avg": 31.14,
            "equity": 2945052,
            "current_ratio": 140.25,
            "debt_ratio": 61.71,
            "inventory_turnover_ratio": 0.46,
            "account_receivable_turnover_ratio": 1.25,
            "reinvestment_rate": 90.3,
            "research_to_sale_ratio": 1.72,
            "price_fair": 94.64,
            "eps_avg_yearly": 2.7,
            "eps_latest_yearly": 1.64,
            "eps_growth_yearly": 208.06
        },
        "20183": {
            "year_quarter": 20183,
            "year": 2018,
            "quarter": 3,
            "eps": -1.1,
            "eps_growth_year": -242.86,
            "eps_4q": -1.64,
            "eps_4q_growth_year": -155.6,
            "roe": -3.8,
            "roe_4q": -5.6099999999999985,
            "gross_profit": 275826,
            "gross_margin": 24.73,
            "gross_margin_4q_avg": 26.84,
            "net_income": -108474,
            "revenue": 1115357,
            "common_shares": 1004333,
            "book_valuer_per_share": 27.69,
            "book_valuer_per_share_4q_avg": 30.29,
            "equity": 2769460,
            "current_ratio": 133.22,
            "debt_ratio": 64.05,
            "inventory_turnover_ratio": 0.44,
            "account_receivable_turnover_ratio": 1.12,
            "reinvestment_rate": 91.05,
            "research_to_sale_ratio": 1.71,
            "price_fair": 99.3,
            "eps_avg_yearly": 2.84,
            "eps_latest_yearly": 1.64,
            "eps_growth_yearly": 242.53
        },
        "20184": {
            "year_quarter": 20184,
            "year": 2018,
            "quarter": 4,
            "eps": -1.42,
            "eps_growth_year": -403.36,
            "eps_4q": -3.53,
            "eps_4q_growth_year": -228.32,
            "roe": -5.25,
            "roe_4q": -12.36,
            "gross_profit": 228763,
            "gross_margin": 23.32,
            "gross_margin_4q_avg": 25.03,
            "net_income": -142239,
            "revenue": 981047,
            "common_shares": 989783,
            "book_valuer_per_share": 26.47,
            "book_valuer_per_share_4q_avg": 29.04,
            "equity": 2646328,
            "current_ratio": 107.6,
            "debt_ratio": 63.87,
            "inventory_turnover_ratio": 0.4,
            "account_receivable_turnover_ratio": 1.19,
            "reinvestment_rate": 91.33,
            "research_to_sale_ratio": 2.24,
            "price_fair": 101.88,
            "eps_avg_yearly": 2.91,
            "eps_latest_yearly": 1.64,
            "eps_growth_yearly": 223.1
        },
        "20191": {
            "year_quarter": 20191,
            "year": 2019,
            "quarter": 1,
            "eps": -1.84,
            "eps_growth_year": -548.78,
            "eps_4q": -5.78,
            "eps_4q_growth_year": -355.85,
            "roe": -7.13,
            "roe_4q": -20.78,
            "gross_profit": 237344,
            "gross_margin": 25.17,
            "gross_margin_4q_avg": 24.32,
            "net_income": -184535,
            "revenue": 942841,
            "common_shares": 989783,
            "book_valuer_per_share": 25.22,
            "book_valuer_per_share_4q_avg": 27.28,
            "equity": 2531482,
            "current_ratio": 103.41,
            "debt_ratio": 68.65,
            "inventory_turnover_ratio": 0.35,
            "account_receivable_turnover_ratio": 1.21,
            "reinvestment_rate": 129.72,
            "research_to_sale_ratio": 2.64,
            "price_fair": 104.77,
            "eps_avg_yearly": 2.99,
            "eps_latest_yearly": 1.64,
            "eps_growth_yearly": 240.98
        },
        "20192": {
            "year_quarter": 20192,
            "year": 2019,
            "quarter": 2,
            "eps": -0.67,
            "eps_growth_year": null,
            "eps_4q": -5.02,
            "eps_4q_growth_year": -2382.99,
            "roe": -2.84,
            "roe_4q": -19.02,
            "gross_profit": 360179,
            "gross_margin": 25.74,
            "gross_margin_4q_avg": 24.74,
            "net_income": -70354,
            "revenue": 1399378,
            "common_shares": 989783,
            "book_valuer_per_share": 24.19,
            "book_valuer_per_share_4q_avg": 25.89,
            "equity": 2426062,
            "current_ratio": 100.52,
            "debt_ratio": 70.32,
            "inventory_turnover_ratio": 0.47,
            "account_receivable_turnover_ratio": 1.42,
            "reinvestment_rate": 168.54,
            "research_to_sale_ratio": 1.95,
            "price_fair": 109.07,
            "eps_avg_yearly": 3.12,
            "eps_latest_yearly": 1.64,
            "eps_growth_yearly": 268.19
        },
        "20193": {
            "year_quarter": 20193,
            "year": 2019,
            "quarter": 3,
            "eps": 0.14,
            "eps_growth_year": null,
            "eps_4q": -3.37,
            "eps_4q_growth_year": null,
            "roe": 0.53,
            "roe_4q": -14.69,
            "gross_profit": 471395,
            "gross_margin": 31.92,
            "gross_margin_4q_avg": 26.54,
            "net_income": 13256,
            "revenue": 1476976,
            "common_shares": 1109783,
            "book_valuer_per_share": 23.07,
            "book_valuer_per_share_4q_avg": 24.74,
            "equity": 2588318,
            "current_ratio": 99.37,
            "debt_ratio": 67.2,
            "inventory_turnover_ratio": 0.46,
            "account_receivable_turnover_ratio": 1.33,
            "reinvestment_rate": 143.98,
            "research_to_sale_ratio": 1.51,
            "price_fair": 107.8,
            "eps_avg_yearly": 3.08,
            "eps_latest_yearly": 1.64,
            "eps_growth_yearly": 250.13
        },
        "20194": {
            "year_quarter": 20194,
            "year": 2019,
            "quarter": 4,
            "eps": -1.25,
            "eps_growth_year": null,
            "eps_4q": -3.35,
            "eps_4q_growth_year": null,
            "roe": -5.7,
            "roe_4q": -15.14,
            "gross_profit": 312405,
            "gross_margin": 27.67,
            "gross_margin_4q_avg": 27.63,
            "net_income": -142161,
            "revenue": 1129058,
            "common_shares": 1109783,
            "book_valuer_per_share": 21.38,
            "book_valuer_per_share_4q_avg": 23.47,
            "equity": 2397321,
            "current_ratio": 100.02,
            "debt_ratio": 67.96,
            "inventory_turnover_ratio": 0.4,
            "account_receivable_turnover_ratio": 1.18,
            "reinvestment_rate": null,
            "research_to_sale_ratio": 1.83,
            "price_fair": 117.6,
            "eps_avg_yearly": 3.36,
            "eps_latest_yearly": 1.64,
            "eps_growth_yearly": 315.21
        },
        "20201": {
            "year_quarter": 20201,
            "year": 2020,
            "quarter": 1,
            "eps": -1.02,
            "eps_growth_year": null,
            "eps_4q": -2.73,
            "eps_4q_growth_year": null,
            "roe": -4.96,
            "roe_4q": -12.97,
            "gross_profit": 233533,
            "gross_margin": 21.97,
            "gross_margin_4q_avg": 26.83,
            "net_income": -115571,
            "revenue": 1062953,
            "common_shares": 1109783,
            "book_valuer_per_share": 20.15,
            "book_valuer_per_share_4q_avg": 22.2,
            "equity": 2261612,
            "current_ratio": 100.98,
            "debt_ratio": 68.16,
            "inventory_turnover_ratio": 0.41,
            "account_receivable_turnover_ratio": 1.27,
            "reinvestment_rate": null,
            "research_to_sale_ratio": 1.85,
            "price_fair": 9.5,
            "eps_avg_yearly": 3.17,
            "eps_latest_yearly": 1.64,
            "eps_growth_yearly": -34.67
        },
        "20202": {
            "year_quarter": 20202,
            "year": 2020,
            "quarter": 2,
            "eps": -1.15,
            "eps_growth_year": null,
            "eps_4q": -3.28,
            "eps_4q_growth_year": null,
            "roe": -5.94,
            "roe_4q": -16.07,
            "gross_profit": 245963,
            "gross_margin": 22.25,
            "gross_margin_4q_avg": 25.95,
            "net_income": -129288,
            "revenue": 1105558,
            "common_shares": 1109783,
            "book_valuer_per_share": 18.61,
            "book_valuer_per_share_4q_avg": 20.8,
            "equity": 2088827,
            "current_ratio": 101.9,
            "debt_ratio": 69.62,
            "inventory_turnover_ratio": 0.43,
            "account_receivable_turnover_ratio": 1.27,
            "reinvestment_rate": null,
            "research_to_sale_ratio": 1.55,
            "price_fair": 8.64,
            "eps_avg_yearly": 2.88,
            "eps_latest_yearly": 1.64,
            "eps_growth_yearly": -42.41
        },
        "20203": {
            "year_quarter": 20203,
            "year": 2020,
            "quarter": 3,
            "eps": -5.47,
            "eps_growth_year": -4007.14,
            "eps_4q": -8.9,
            "eps_4q_growth_year": null,
            "roe": -35.58,
            "roe_4q": -52.18,
            "gross_profit": 216774,
            "gross_margin": 14.46,
            "gross_margin_4q_avg": 21.59,
            "net_income": -639534,
            "revenue": 1499186,
            "common_shares": 1109783,
            "book_valuer_per_share": 13.64,
            "book_valuer_per_share_4q_avg": 18.45,
            "equity": 1506128,
            "current_ratio": 96.56,
            "debt_ratio": 76.28,
            "inventory_turnover_ratio": 0.69,
            "account_receivable_turnover_ratio": 1.55,
            "reinvestment_rate": null,
            "research_to_sale_ratio": 0.94,
            "price_fair": 7.66,
            "eps_avg_yearly": 2.55,
            "eps_latest_yearly": 1.64,
            "eps_growth_yearly": -45.35
        },
        "20204": {
            "year_quarter": 20204,
            "year": 2020,
            "quarter": 4,
            "eps": -5.92,
            "eps_growth_year": null,
            "eps_4q": -13.57,
            "eps_4q_growth_year": null,
            "roe": -55.12,
            "roe_4q": -101.59999999999998,
            "gross_profit": -55531,
            "gross_margin": -5.5,
            "gross_margin_4q_avg": 13.3,
            "net_income": -665675,
            "revenue": 1009804,
            "common_shares": 1109783,
            "book_valuer_per_share": 8.25,
            "book_valuer_per_share_4q_avg": 15.16,
            "equity": 909252,
            "current_ratio": 73.67,
            "debt_ratio": 80.86,
            "inventory_turnover_ratio": 0.74,
            "account_receivable_turnover_ratio": 1.18,
            "reinvestment_rate": null,
            "research_to_sale_ratio": 2.25,
            "price_fair": 7.58,
            "eps_avg_yearly": 2.53,
            "eps_latest_yearly": 1.64,
            "eps_growth_yearly": -18.71
        },
        "20211": {
            "year_quarter": 20211,
            "year": 2021,
            "quarter": 1,
            "eps": -3.54,
            "eps_growth_year": null,
            "eps_4q": -16.08,
            "eps_4q_growth_year": null,
            "roe": -55.17,
            "roe_4q": -151.81,
            "gross_profit": -95652,
            "gross_margin": -20.57,
            "gross_margin_4q_avg": 2.66,
            "net_income": -393969,
            "revenue": 465002,
            "common_shares": 1109783,
            "book_valuer_per_share": 4.75,
            "book_valuer_per_share_4q_avg": 11.31,
            "equity": 518920,
            "current_ratio": 62.62,
            "debt_ratio": 86.96,
            "inventory_turnover_ratio": 0.53,
            "account_receivable_turnover_ratio": 0.73,
            "reinvestment_rate": null,
            "research_to_sale_ratio": 2.11,
            "price_fair": 6.78,
            "eps_avg_yearly": 2.26,
            "eps_latest_yearly": 1.64,
            "eps_growth_yearly": -57.72
        }
    },
    "months": {
        "2014-10": {
            "month": "2014-10",
            "price": "34.01",
            "revenue": 371800
        },
        "2014-11": {
            "month": "2014-11",
            "price": "29.74",
            "revenue": 330490
        },
        "2014-12": {
            "month": "2014-12",
            "price": "29.94",
            "revenue": 364189
        },
        "2015-01": {
            "month": "2015-01",
            "price": "28.73",
            "revenue": 470195
        },
        "2015-02": {
            "month": "2015-02",
            "price": "30.46",
            "revenue": 360577
        },
        "2015-03": {
            "month": "2015-03",
            "price": "35.00",
            "revenue": 472016
        },
        "2015-04": {
            "month": "2015-04",
            "price": "36.04",
            "revenue": 427380
        },
        "2015-05": {
            "month": "2015-05",
            "price": "35.48",
            "revenue": 436032
        },
        "2015-06": {
            "month": "2015-06",
            "price": "30.35",
            "revenue": 417232
        },
        "2015-07": {
            "month": "2015-07",
            "price": "26.48",
            "revenue": 468970
        },
        "2015-08": {
            "month": "2015-08",
            "price": "22.16",
            "revenue": 445364
        },
        "2015-09": {
            "month": "2015-09",
            "price": "27.70",
            "revenue": 432912
        },
        "2015-10": {
            "month": "2015-10",
            "price": "30.30",
            "revenue": 416508
        },
        "2015-11": {
            "month": "2015-11",
            "price": "29.70",
            "revenue": 382446
        },
        "2015-12": {
            "month": "2015-12",
            "price": "28.41",
            "revenue": 416150
        },
        "2016-01": {
            "month": "2016-01",
            "price": "28.58",
            "revenue": 479896
        },
        "2016-02": {
            "month": "2016-02",
            "price": "28.88",
            "revenue": 426725
        },
        "2016-03": {
            "month": "2016-03",
            "price": "29.72",
            "revenue": 607763
        },
        "2016-04": {
            "month": "2016-04",
            "price": "42.71",
            "revenue": 432995
        },
        "2016-05": {
            "month": "2016-05",
            "price": "48.40",
            "revenue": 499794
        },
        "2016-06": {
            "month": "2016-06",
            "price": "52.58",
            "revenue": 510510
        },
        "2016-07": {
            "month": "2016-07",
            "price": "47.27",
            "revenue": 429093
        },
        "2016-08": {
            "month": "2016-08",
            "price": "53.75",
            "revenue": 490854
        },
        "2016-09": {
            "month": "2016-09",
            "price": "59.75",
            "revenue": 452855
        },
        "2016-10": {
            "month": "2016-10",
            "price": "49.85",
            "revenue": 417096
        },
        "2016-11": {
            "month": "2016-11",
            "price": "44.92",
            "revenue": 408255
        },
        "2016-12": {
            "month": "2016-12",
            "price": "50.76",
            "revenue": 349154
        },
        "2017-01": {
            "month": "2017-01",
            "price": "52.25",
            "revenue": 503459
        },
        "2017-02": {
            "month": "2017-02",
            "price": "53.84",
            "revenue": 437027
        },
        "2017-03": {
            "month": "2017-03",
            "price": "52.82",
            "revenue": 536560
        },
        "2017-04": {
            "month": "2017-04",
            "price": "50.27",
            "revenue": 520864
        },
        "2017-05": {
            "month": "2017-05",
            "price": "49.17",
            "revenue": 474098
        },
        "2017-06": {
            "month": "2017-06",
            "price": "48.60",
            "revenue": 552964
        },
        "2017-07": {
            "month": "2017-07",
            "price": "44.76",
            "revenue": 456183
        },
        "2017-08": {
            "month": "2017-08",
            "price": "39.77",
            "revenue": 461050
        },
        "2017-09": {
            "month": "2017-09",
            "price": "34.83",
            "revenue": 349946
        },
        "2017-10": {
            "month": "2017-10",
            "price": "34.87",
            "revenue": 318566
        },
        "2017-11": {
            "month": "2017-11",
            "price": "33.18",
            "revenue": 300271
        },
        "2017-12": {
            "month": "2017-12",
            "price": "32.61",
            "revenue": 231837
        },
        "2018-01": {
            "month": "2018-01",
            "price": "33.05",
            "revenue": 317621
        },
        "2018-02": {
            "month": "2018-02",
            "price": "32.23",
            "revenue": 252648
        },
        "2018-03": {
            "month": "2018-03",
            "price": "31.80",
            "revenue": 372612
        },
        "2018-04": {
            "month": "2018-04",
            "price": "31.55",
            "revenue": 345782
        },
        "2018-05": {
            "month": "2018-05",
            "price": "32.11",
            "revenue": 420098
        },
        "2018-06": {
            "month": "2018-06",
            "price": "30.24",
            "revenue": 432125
        },
        "2018-07": {
            "month": "2018-07",
            "price": "26.76",
            "revenue": 408134
        },
        "2018-08": {
            "month": "2018-08",
            "price": "24.02",
            "revenue": 360038
        },
        "2018-09": {
            "month": "2018-09",
            "price": "21.38",
            "revenue": 337897
        },
        "2018-10": {
            "month": "2018-10",
            "price": "21.50",
            "revenue": 380751
        },
        "2018-11": {
            "month": "2018-11",
            "price": "22.96",
            "revenue": 357410
        },
        "2018-12": {
            "month": "2018-12",
            "price": "25.50",
            "revenue": 256636
        },
        "2019-01": {
            "month": "2019-01",
            "price": "26.05",
            "revenue": 335233
        },
        "2019-02": {
            "month": "2019-02",
            "price": "26.77",
            "revenue": 265822
        },
        "2019-03": {
            "month": "2019-03",
            "price": "25.74",
            "revenue": 326576
        },
        "2019-04": {
            "month": "2019-04",
            "price": "26.21",
            "revenue": 411364
        },
        "2019-05": {
            "month": "2019-05",
            "price": "22.73",
            "revenue": 505810
        },
        "2019-06": {
            "month": "2019-06",
            "price": "22.56",
            "revenue": 501158
        },
        "2019-07": {
            "month": "2019-07",
            "price": "24.32",
            "revenue": 526831
        },
        "2019-08": {
            "month": "2019-08",
            "price": "20.91",
            "revenue": 501750
        },
        "2019-09": {
            "month": "2019-09",
            "price": "19.76",
            "revenue": 454386
        },
        "2019-10": {
            "month": "2019-10",
            "price": "19.85",
            "revenue": 405986
        },
        "2019-11": {
            "month": "2019-11",
            "price": "19.55",
            "revenue": 370117
        },
        "2019-12": {
            "month": "2019-12",
            "price": "17.12",
            "revenue": 353248
        },
        "2020-01": {
            "month": "2020-01",
            "price": "16.44",
            "revenue": 370038
        },
        "2020-02": {
            "month": "2020-02",
            "price": "14.11",
            "revenue": 313275
        },
        "2020-03": {
            "month": "2020-03",
            "price": "12.07",
            "revenue": 382078
        },
        "2020-04": {
            "month": "2020-04",
            "price": "11.44",
            "revenue": 271381
        },
        "2020-05": {
            "month": "2020-05",
            "price": "11.15",
            "revenue": 356293
        },
        "2020-06": {
            "month": "2020-06",
            "price": "12.82",
            "revenue": 482218
        },
        "2020-07": {
            "month": "2020-07",
            "price": "12.82",
            "revenue": 486145
        },
        "2020-08": {
            "month": "2020-08",
            "price": "11.43",
            "revenue": 480775
        },
        "2020-09": {
            "month": "2020-09",
            "price": "11.39",
            "revenue": 529436
        },
        "2020-10": {
            "month": "2020-10",
            "price": "10.74",
            "revenue": 391394
        },
        "2020-11": {
            "month": "2020-11",
            "price": "9.93",
            "revenue": 400223
        },
        "2020-12": {
            "month": "2020-12",
            "price": "8.92",
            "revenue": 214508
        },
        "2021-01": {
            "month": "2021-01",
            "price": "8.16",
            "revenue": 167781
        },
        "2021-02": {
            "month": "2021-02",
            "price": "7.79",
            "revenue": 157555
        },
        "2021-03": {
            "month": "2021-03",
            "price": "5.58",
            "revenue": 153016
        },
        "2021-04": {
            "month": "2021-04",
            "price": "3.16",
            "revenue": 83962
        },
        "2021-05": {
            "month": "2021-05",
            "price": "3.22",
            "revenue": 82178
        },
        "2021-06": {
            "month": "2021-06",
            "price": "2.86",
            "revenue": 80120
        }
    }
}
