{
    "summary": {
        "stock_name": "祺驊",
        "stock_id": "1593",
        "category": "運動休閒",
        "main_business": "運動健身器材用之零組件/成車製造及銷售",
        "website_url": "http://www.chihua.com.tw",
        "ceo": "李穎哲",
        "pe_ratio": 26,
        "report_year_from": 2009,
        "report_year_to": 2023,
        "age": 15,
        "eps_negative_percentage": 0,
        "eps_growth_avg": {
            "last_all": 6.14,
            "last_2y": -20.53,
            "last_4y": -8.95,
            "last_8y": 1.17,
            "last_12y": null,
            "last_16y": null,
            "last_20y": null,
            "at_2006_last_3y": null,
            "at_2007_last_3y": null,
            "at_2008_last_3y": null,
            "at_2009_last_3y": null,
            "at_2010_last_3y": null,
            "at_2011_last_3y": null,
            "at_2012_last_3y": null,
            "at_2013_last_3y": null,
            "at_2014_last_3y": null,
            "at_2015_last_3y": 25.27,
            "at_2016_last_3y": 18.66,
            "at_2017_last_3y": 20.1,
            "at_2018_last_3y": 13.82,
            "at_2019_last_3y": 4.13,
            "at_2020_last_3y": 7.76,
            "at_2021_last_3y": 7.12,
            "at_2022_last_3y": 8.64,
            "at_2023_last_3y": -10.98,
            "at_2024_last_3y": -10.98,
            "at_2006_last_all": null,
            "at_2007_last_all": null,
            "at_2008_last_all": null,
            "at_2009_last_all": null,
            "at_2010_last_all": null,
            "at_2011_last_all": null,
            "at_2012_last_all": null,
            "at_2013_last_all": 18.87,
            "at_2014_last_all": 21.05,
            "at_2015_last_all": 25.27,
            "at_2016_last_all": 20.84,
            "at_2017_last_all": 19.69,
            "at_2018_last_all": 16.91,
            "at_2019_last_all": 14.7,
            "at_2020_last_all": 15.03,
            "at_2021_last_all": 14.66,
            "at_2022_last_all": 13.9,
            "at_2023_last_all": 6.14,
            "at_2024_last_all": 6.14
        },
        "latest_eps": 1.92,
        "latest_price": 49.8,
        "latest_roe": 7.73,
        "latest_gross_margin": 31.75,
        "latest_equity": 1374973,
        "latest_revenue": 267939,
        "latest_gross_profit": 85067,
        "latest_net_income": 15314,
        "latest_debt_ratio": 32.78,
        "latest_current_ratio": 208.07,
        "latest_account_receivable_turnover_ratio": 2.03,
        "latest_inventory_turnover_ratio": 1.09,
        "latest_reinvestment_rate": 105.19,
        "latest_research_to_sale_ratio": 1.59
    },
    "eps_dividends": {
        "2001": {
            "cash": 0,
            "stock": 0,
            "eps": 0
        },
        "2002": {
            "cash": 0,
            "stock": 0,
            "eps": 0
        },
        "2003": {
            "cash": 0,
            "stock": 0,
            "eps": 0
        },
        "2004": {
            "cash": 0,
            "stock": 0,
            "eps": 0
        },
        "2005": {
            "cash": 0,
            "stock": 0,
            "eps": 0
        },
        "2006": {
            "cash": 0,
            "stock": 0,
            "eps": 0
        },
        "2007": {
            "cash": 0,
            "stock": 0,
            "eps": 0
        },
        "2008": {
            "cash": 0,
            "stock": 0,
            "eps": 0
        },
        "2009": {
            "cash": 0,
            "stock": 0,
            "eps": 0
        },
        "2010": {
            "cash": 0,
            "stock": 0,
            "eps": 0
        },
        "2011": {
            "cash": 2,
            "stock": 0,
            "eps": 1.32
        },
        "2012": {
            "cash": 1.97,
            "stock": 0,
            "eps": 1.71
        },
        "2013": {
            "cash": 1,
            "stock": 0.6,
            "eps": 1.85
        },
        "2014": {
            "cash": 2.2,
            "stock": 0.6,
            "eps": 2.32
        },
        "2015": {
            "cash": 2.1,
            "stock": 0,
            "eps": 3.2
        },
        "2016": {
            "cash": 3,
            "stock": 0,
            "eps": 3.3
        },
        "2017": {
            "cash": 3,
            "stock": 0,
            "eps": 3.76
        },
        "2018": {
            "cash": 3.24,
            "stock": 0,
            "eps": 3.77
        },
        "2019": {
            "cash": 4,
            "stock": 0,
            "eps": 3.74
        },
        "2020": {
            "cash": 3.2,
            "stock": 0,
            "eps": 4.4
        },
        "2021": {
            "cash": 3.6,
            "stock": 0,
            "eps": 4.9
        },
        "2022": {
            "cash": 3.8,
            "stock": 0,
            "eps": 5.21
        },
        "2023": {
            "cash": 2.6,
            "stock": 0.6,
            "eps": 1.08
        }
    },
    "dividends": {
        "2011-04-14": {
            "cash": 2,
            "stock": 0
        },
        "2012-03-17": {
            "cash": 1.97,
            "stock": 0
        },
        "2013-06-11": {
            "cash": 1,
            "stock": 0.6
        },
        "2014-08-15": {
            "cash": 2.2,
            "stock": 0.6
        },
        "2015-08-19": {
            "cash": 2.1,
            "stock": 0
        },
        "2016-08-10": {
            "cash": 3,
            "stock": 0
        },
        "2017-08-18": {
            "cash": 3,
            "stock": 0
        },
        "2018-07-27": {
            "cash": 3.24,
            "stock": 0
        },
        "2019-07-26": {
            "cash": 4,
            "stock": 0
        },
        "2020-07-24": {
            "cash": 3.2,
            "stock": 0
        },
        "2021-08-23": {
            "cash": 3.6,
            "stock": 0
        },
        "2022-10-03": {
            "cash": 3.8,
            "stock": 0
        },
        "2023-09-15": {
            "cash": 2.6,
            "stock": 0.6
        }
    },
    "prices": {
        "200101": "無",
        "200102": "無",
        "200103": "無",
        "200104": "無",
        "200105": "無",
        "200106": "無",
        "200107": "無",
        "200108": "無",
        "200109": "無",
        "200110": "無",
        "200111": "無",
        "200112": "無",
        "200201": "無",
        "200202": "無",
        "200203": "無",
        "200204": "無",
        "200205": "無",
        "200206": "無",
        "200207": "無",
        "200208": "無",
        "200209": "無",
        "200210": "無",
        "200211": "無",
        "200212": "無",
        "200301": "無",
        "200302": "無",
        "200303": "無",
        "200304": "無",
        "200305": "無",
        "200306": "無",
        "200307": "無",
        "200308": "無",
        "200309": "無",
        "200310": "無",
        "200311": "無",
        "200312": "無",
        "200401": "無",
        "200402": "無",
        "200403": "無",
        "200404": "無",
        "200405": "無",
        "200406": "無",
        "200407": "無",
        "200408": "無",
        "200409": "無",
        "200410": "無",
        "200411": "無",
        "200412": "無",
        "200501": "無",
        "200502": "無",
        "200503": "無",
        "200504": "無",
        "200505": "無",
        "200506": "無",
        "200507": "無",
        "200508": "無",
        "200509": "無",
        "200510": "無",
        "200511": "無",
        "200512": "無",
        "200601": "無",
        "200602": "無",
        "200603": "無",
        "200604": "無",
        "200605": "無",
        "200606": "無",
        "200607": "無",
        "200608": "無",
        "200609": "無",
        "200610": "無",
        "200611": "無",
        "200612": "無",
        "200701": "無",
        "200702": "無",
        "200703": "無",
        "200704": "無",
        "200705": "無",
        "200706": "無",
        "200707": "無",
        "200708": "無",
        "200709": "無",
        "200710": "無",
        "200711": "無",
        "200712": "無",
        "200801": "無",
        "200802": "無",
        "200803": "無",
        "200804": "無",
        "200805": "無",
        "200806": "無",
        "200807": "無",
        "200808": "無",
        "200809": "無",
        "200810": "無",
        "200811": "無",
        "200812": "無",
        "200901": "無",
        "200902": "無",
        "200903": "無",
        "200904": "無",
        "200905": "無",
        "200906": "無",
        "200907": "無",
        "200908": "無",
        "200909": "無",
        "200910": "無",
        "200911": "無",
        "200912": "無",
        "201001": "無",
        "201002": "無",
        "201003": "無",
        "201004": "無",
        "201005": "無",
        "201006": "無",
        "201007": "無",
        "201008": "無",
        "201009": "40.48",
        "201010": "38.13",
        "201011": "36.78",
        "201012": "37.59",
        "201101": "38.28",
        "201102": "40.55",
        "201103": "37.75",
        "201104": "36.65",
        "201105": "38.18",
        "201106": "38.58",
        "201107": "37.79",
        "201108": "35.26",
        "201109": "31.49",
        "201110": "31.52",
        "201111": "31.33",
        "201112": "30.20",
        "201201": "30.09",
        "201202": "33.68",
        "201203": "37.18",
        "201204": "33.66",
        "201205": "34.89",
        "201206": "31.57",
        "201207": "28.49",
        "201208": "28.47",
        "201209": "28.69",
        "201210": "27.12",
        "201211": "24.16",
        "201212": "26.09",
        "201301": "25.67",
        "201302": "26.36",
        "201303": "28.13",
        "201304": "28.10",
        "201305": "27.94",
        "201306": "29.16",
        "201307": "27.66",
        "201308": "26.04",
        "201309": "26.35",
        "201310": "25.81",
        "201311": "26.48",
        "201312": "28.89",
        "201401": "31.38",
        "201402": "32.39",
        "201403": "47.10",
        "201404": "44.52",
        "201405": "45.34",
        "201406": "46.32",
        "201407": "46.64",
        "201408": "41.11",
        "201409": "41.42",
        "201410": "41.09",
        "201411": "40.60",
        "201412": "44.04",
        "201501": "43.56",
        "201502": "45.54",
        "201503": "47.85",
        "201504": "49.76",
        "201505": "46.71",
        "201506": "44.90",
        "201507": "45.12",
        "201508": "40.49",
        "201509": "39.51",
        "201510": "37.56",
        "201511": "39.41",
        "201512": "38.70",
        "201601": "37.23",
        "201602": "38.12",
        "201603": "40.23",
        "201604": "41.14",
        "201605": "39.65",
        "201606": "39.81",
        "201607": "40.51",
        "201608": "39.25",
        "201609": "39.34",
        "201610": "38.43",
        "201611": "38.93",
        "201612": "39.55",
        "201701": "39.59",
        "201702": "39.55",
        "201703": "39.76",
        "201704": "40.90",
        "201705": "41.25",
        "201706": "41.05",
        "201707": "40.88",
        "201708": "39.79",
        "201709": "40.38",
        "201710": "42.46",
        "201711": "44.50",
        "201712": "47.63",
        "201801": "48.36",
        "201802": "45.95",
        "201803": "48.24",
        "201804": "49.50",
        "201805": "47.18",
        "201806": "47.11",
        "201807": "42.56",
        "201808": "43.60",
        "201809": "43.15",
        "201810": "40.49",
        "201811": "39.40",
        "201812": "40.76",
        "201901": "41.38",
        "201902": "45.20",
        "201903": "50.17",
        "201904": "52.54",
        "201905": "53.87",
        "201906": "56.52",
        "201907": "54.68",
        "201908": "49.85",
        "201909": "48.14",
        "201910": "48.24",
        "201911": "49.49",
        "201912": "50.10",
        "202001": "50.40",
        "202002": "49.28",
        "202003": "43.34",
        "202004": "43.93",
        "202005": "47.14",
        "202006": "54.35",
        "202007": "58.33",
        "202008": "57.09",
        "202009": "59.30",
        "202010": "59.94",
        "202011": "60.17",
        "202012": "60.54",
        "202101": "112.66",
        "202102": "122.88",
        "202103": "115.55",
        "202104": "119.37",
        "202105": "98.20",
        "202106": "95.83",
        "202107": "102.86",
        "202108": "99.35",
        "202109": "95.81",
        "202110": "86.61",
        "202111": "87.41",
        "202112": "82.46",
        "202201": "81.87",
        "202202": "82.30",
        "202203": "73.16",
        "202204": "70.33",
        "202205": "62.78",
        "202206": "53.03",
        "202207": "48.83",
        "202208": "62.00",
        "202209": "64.85",
        "202210": "60.67",
        "202211": "67.22",
        "202212": "71.51",
        "202301": "70.42",
        "202302": "78.61",
        "202303": "80.00",
        "202304": "77.09",
        "202305": "75.61",
        "202306": "77.30",
        "202307": "76.80",
        "202308": "69.62",
        "202309": "64.27",
        "202310": "60.83",
        "202311": "56.00",
        "202312": "52.54"
    },
    "quarters": {
        "20011": {
            "year_quarter": 20011,
            "year": 2001,
            "quarter": 1,
            "eps": null,
            "eps_growth_year": null,
            "eps_4q": null,
            "eps_4q_growth_year": null,
            "roe": null,
            "roe_4q": 0,
            "gross_profit": null,
            "gross_margin": null,
            "gross_margin_4q_avg": 0,
            "net_income": null,
            "net_income_4q": null,
            "revenue": null,
            "revenue_4q": null,
            "common_shares": null,
            "book_valuer_per_share": null,
            "book_valuer_per_share_4q_avg": 0,
            "equity": null,
            "current_ratio": null,
            "debt_ratio": null,
            "inventory_turnover_ratio": null,
            "account_receivable_turnover_ratio": null,
            "reinvestment_rate": null,
            "research_to_sale_ratio": null,
            "price_fair": 0,
            "eps_avg_yearly": 0,
            "eps_latest_yearly": 0,
            "eps_growth_yearly": 0
        },
        "20012": {
            "year_quarter": 20012,
            "year": 2001,
            "quarter": 2,
            "eps": null,
            "eps_growth_year": null,
            "eps_4q": null,
            "eps_4q_growth_year": null,
            "roe": null,
            "roe_4q": 0,
            "gross_profit": null,
            "gross_margin": null,
            "gross_margin_4q_avg": 0,
            "net_income": null,
            "net_income_4q": null,
            "revenue": null,
            "revenue_4q": null,
            "common_shares": null,
            "book_valuer_per_share": null,
            "book_valuer_per_share_4q_avg": 0,
            "equity": null,
            "current_ratio": null,
            "debt_ratio": null,
            "inventory_turnover_ratio": null,
            "account_receivable_turnover_ratio": null,
            "reinvestment_rate": null,
            "research_to_sale_ratio": null,
            "price_fair": 0,
            "eps_avg_yearly": 0,
            "eps_latest_yearly": 0,
            "eps_growth_yearly": 0
        },
        "20013": {
            "year_quarter": 20013,
            "year": 2001,
            "quarter": 3,
            "eps": null,
            "eps_growth_year": null,
            "eps_4q": null,
            "eps_4q_growth_year": null,
            "roe": null,
            "roe_4q": 0,
            "gross_profit": null,
            "gross_margin": null,
            "gross_margin_4q_avg": 0,
            "net_income": null,
            "net_income_4q": null,
            "revenue": null,
            "revenue_4q": null,
            "common_shares": null,
            "book_valuer_per_share": null,
            "book_valuer_per_share_4q_avg": 0,
            "equity": null,
            "current_ratio": null,
            "debt_ratio": null,
            "inventory_turnover_ratio": null,
            "account_receivable_turnover_ratio": null,
            "reinvestment_rate": null,
            "research_to_sale_ratio": null,
            "price_fair": 0,
            "eps_avg_yearly": 0,
            "eps_latest_yearly": 0,
            "eps_growth_yearly": 0
        },
        "20014": {
            "year_quarter": 20014,
            "year": 2001,
            "quarter": 4,
            "eps": null,
            "eps_growth_year": null,
            "eps_4q": null,
            "eps_4q_growth_year": null,
            "roe": null,
            "roe_4q": 0,
            "gross_profit": null,
            "gross_margin": null,
            "gross_margin_4q_avg": 0,
            "net_income": null,
            "net_income_4q": null,
            "revenue": null,
            "revenue_4q": null,
            "common_shares": null,
            "book_valuer_per_share": null,
            "book_valuer_per_share_4q_avg": 0,
            "equity": null,
            "current_ratio": null,
            "debt_ratio": null,
            "inventory_turnover_ratio": null,
            "account_receivable_turnover_ratio": null,
            "reinvestment_rate": null,
            "research_to_sale_ratio": null,
            "price_fair": 0,
            "eps_avg_yearly": 0,
            "eps_latest_yearly": 0,
            "eps_growth_yearly": 0
        },
        "20021": {
            "year_quarter": 20021,
            "year": 2002,
            "quarter": 1,
            "eps": null,
            "eps_growth_year": null,
            "eps_4q": null,
            "eps_4q_growth_year": null,
            "roe": null,
            "roe_4q": 0,
            "gross_profit": null,
            "gross_margin": null,
            "gross_margin_4q_avg": 0,
            "net_income": null,
            "net_income_4q": null,
            "revenue": null,
            "revenue_4q": null,
            "common_shares": null,
            "book_valuer_per_share": null,
            "book_valuer_per_share_4q_avg": 0,
            "equity": null,
            "current_ratio": null,
            "debt_ratio": null,
            "inventory_turnover_ratio": null,
            "account_receivable_turnover_ratio": null,
            "reinvestment_rate": null,
            "research_to_sale_ratio": null,
            "price_fair": 0,
            "eps_avg_yearly": 0,
            "eps_latest_yearly": 0,
            "eps_growth_yearly": 0
        },
        "20022": {
            "year_quarter": 20022,
            "year": 2002,
            "quarter": 2,
            "eps": null,
            "eps_growth_year": null,
            "eps_4q": null,
            "eps_4q_growth_year": null,
            "roe": null,
            "roe_4q": 0,
            "gross_profit": null,
            "gross_margin": null,
            "gross_margin_4q_avg": 0,
            "net_income": null,
            "net_income_4q": null,
            "revenue": null,
            "revenue_4q": null,
            "common_shares": null,
            "book_valuer_per_share": null,
            "book_valuer_per_share_4q_avg": 0,
            "equity": null,
            "current_ratio": null,
            "debt_ratio": null,
            "inventory_turnover_ratio": null,
            "account_receivable_turnover_ratio": null,
            "reinvestment_rate": null,
            "research_to_sale_ratio": null,
            "price_fair": 0,
            "eps_avg_yearly": 0,
            "eps_latest_yearly": 0,
            "eps_growth_yearly": 0
        },
        "20023": {
            "year_quarter": 20023,
            "year": 2002,
            "quarter": 3,
            "eps": null,
            "eps_growth_year": null,
            "eps_4q": null,
            "eps_4q_growth_year": null,
            "roe": null,
            "roe_4q": 0,
            "gross_profit": null,
            "gross_margin": null,
            "gross_margin_4q_avg": 0,
            "net_income": null,
            "net_income_4q": null,
            "revenue": null,
            "revenue_4q": null,
            "common_shares": null,
            "book_valuer_per_share": null,
            "book_valuer_per_share_4q_avg": 0,
            "equity": null,
            "current_ratio": null,
            "debt_ratio": null,
            "inventory_turnover_ratio": null,
            "account_receivable_turnover_ratio": null,
            "reinvestment_rate": null,
            "research_to_sale_ratio": null,
            "price_fair": 0,
            "eps_avg_yearly": 0,
            "eps_latest_yearly": 0,
            "eps_growth_yearly": 0
        },
        "20024": {
            "year_quarter": 20024,
            "year": 2002,
            "quarter": 4,
            "eps": null,
            "eps_growth_year": null,
            "eps_4q": null,
            "eps_4q_growth_year": null,
            "roe": null,
            "roe_4q": 0,
            "gross_profit": null,
            "gross_margin": null,
            "gross_margin_4q_avg": 0,
            "net_income": null,
            "net_income_4q": null,
            "revenue": null,
            "revenue_4q": null,
            "common_shares": null,
            "book_valuer_per_share": null,
            "book_valuer_per_share_4q_avg": 0,
            "equity": null,
            "current_ratio": null,
            "debt_ratio": null,
            "inventory_turnover_ratio": null,
            "account_receivable_turnover_ratio": null,
            "reinvestment_rate": null,
            "research_to_sale_ratio": null,
            "price_fair": 0,
            "eps_avg_yearly": 0,
            "eps_latest_yearly": 0,
            "eps_growth_yearly": 0
        },
        "20031": {
            "year_quarter": 20031,
            "year": 2003,
            "quarter": 1,
            "eps": null,
            "eps_growth_year": null,
            "eps_4q": null,
            "eps_4q_growth_year": null,
            "roe": null,
            "roe_4q": 0,
            "gross_profit": null,
            "gross_margin": null,
            "gross_margin_4q_avg": 0,
            "net_income": null,
            "net_income_4q": null,
            "revenue": null,
            "revenue_4q": null,
            "common_shares": null,
            "book_valuer_per_share": null,
            "book_valuer_per_share_4q_avg": 0,
            "equity": null,
            "current_ratio": null,
            "debt_ratio": null,
            "inventory_turnover_ratio": null,
            "account_receivable_turnover_ratio": null,
            "reinvestment_rate": null,
            "research_to_sale_ratio": null,
            "price_fair": 0,
            "eps_avg_yearly": 0,
            "eps_latest_yearly": 0,
            "eps_growth_yearly": 0
        },
        "20032": {
            "year_quarter": 20032,
            "year": 2003,
            "quarter": 2,
            "eps": null,
            "eps_growth_year": null,
            "eps_4q": null,
            "eps_4q_growth_year": null,
            "roe": null,
            "roe_4q": 0,
            "gross_profit": null,
            "gross_margin": null,
            "gross_margin_4q_avg": 0,
            "net_income": null,
            "net_income_4q": null,
            "revenue": null,
            "revenue_4q": null,
            "common_shares": null,
            "book_valuer_per_share": null,
            "book_valuer_per_share_4q_avg": 0,
            "equity": null,
            "current_ratio": null,
            "debt_ratio": null,
            "inventory_turnover_ratio": null,
            "account_receivable_turnover_ratio": null,
            "reinvestment_rate": null,
            "research_to_sale_ratio": null,
            "price_fair": 0,
            "eps_avg_yearly": 0,
            "eps_latest_yearly": 0,
            "eps_growth_yearly": 0
        },
        "20033": {
            "year_quarter": 20033,
            "year": 2003,
            "quarter": 3,
            "eps": null,
            "eps_growth_year": null,
            "eps_4q": null,
            "eps_4q_growth_year": null,
            "roe": null,
            "roe_4q": 0,
            "gross_profit": null,
            "gross_margin": null,
            "gross_margin_4q_avg": 0,
            "net_income": null,
            "net_income_4q": null,
            "revenue": null,
            "revenue_4q": null,
            "common_shares": null,
            "book_valuer_per_share": null,
            "book_valuer_per_share_4q_avg": 0,
            "equity": null,
            "current_ratio": null,
            "debt_ratio": null,
            "inventory_turnover_ratio": null,
            "account_receivable_turnover_ratio": null,
            "reinvestment_rate": null,
            "research_to_sale_ratio": null,
            "price_fair": 0,
            "eps_avg_yearly": 0,
            "eps_latest_yearly": 0,
            "eps_growth_yearly": 0
        },
        "20034": {
            "year_quarter": 20034,
            "year": 2003,
            "quarter": 4,
            "eps": null,
            "eps_growth_year": null,
            "eps_4q": null,
            "eps_4q_growth_year": null,
            "roe": null,
            "roe_4q": 0,
            "gross_profit": null,
            "gross_margin": null,
            "gross_margin_4q_avg": 0,
            "net_income": null,
            "net_income_4q": null,
            "revenue": null,
            "revenue_4q": null,
            "common_shares": null,
            "book_valuer_per_share": null,
            "book_valuer_per_share_4q_avg": 0,
            "equity": null,
            "current_ratio": null,
            "debt_ratio": null,
            "inventory_turnover_ratio": null,
            "account_receivable_turnover_ratio": null,
            "reinvestment_rate": null,
            "research_to_sale_ratio": null,
            "price_fair": 0,
            "eps_avg_yearly": 0,
            "eps_latest_yearly": 0,
            "eps_growth_yearly": 0
        },
        "20041": {
            "year_quarter": 20041,
            "year": 2004,
            "quarter": 1,
            "eps": null,
            "eps_growth_year": null,
            "eps_4q": null,
            "eps_4q_growth_year": null,
            "roe": null,
            "roe_4q": 0,
            "gross_profit": null,
            "gross_margin": null,
            "gross_margin_4q_avg": 0,
            "net_income": null,
            "net_income_4q": null,
            "revenue": null,
            "revenue_4q": null,
            "common_shares": null,
            "book_valuer_per_share": null,
            "book_valuer_per_share_4q_avg": 0,
            "equity": null,
            "current_ratio": null,
            "debt_ratio": null,
            "inventory_turnover_ratio": null,
            "account_receivable_turnover_ratio": null,
            "reinvestment_rate": null,
            "research_to_sale_ratio": null,
            "price_fair": 0,
            "eps_avg_yearly": 0,
            "eps_latest_yearly": 0,
            "eps_growth_yearly": 0
        },
        "20042": {
            "year_quarter": 20042,
            "year": 2004,
            "quarter": 2,
            "eps": null,
            "eps_growth_year": null,
            "eps_4q": null,
            "eps_4q_growth_year": null,
            "roe": null,
            "roe_4q": 0,
            "gross_profit": null,
            "gross_margin": null,
            "gross_margin_4q_avg": 0,
            "net_income": null,
            "net_income_4q": null,
            "revenue": null,
            "revenue_4q": null,
            "common_shares": null,
            "book_valuer_per_share": null,
            "book_valuer_per_share_4q_avg": 0,
            "equity": null,
            "current_ratio": null,
            "debt_ratio": null,
            "inventory_turnover_ratio": null,
            "account_receivable_turnover_ratio": null,
            "reinvestment_rate": null,
            "research_to_sale_ratio": null,
            "price_fair": 0,
            "eps_avg_yearly": 0,
            "eps_latest_yearly": 0,
            "eps_growth_yearly": 0
        },
        "20043": {
            "year_quarter": 20043,
            "year": 2004,
            "quarter": 3,
            "eps": null,
            "eps_growth_year": null,
            "eps_4q": null,
            "eps_4q_growth_year": null,
            "roe": null,
            "roe_4q": 0,
            "gross_profit": null,
            "gross_margin": null,
            "gross_margin_4q_avg": 0,
            "net_income": null,
            "net_income_4q": null,
            "revenue": null,
            "revenue_4q": null,
            "common_shares": null,
            "book_valuer_per_share": null,
            "book_valuer_per_share_4q_avg": 0,
            "equity": null,
            "current_ratio": null,
            "debt_ratio": null,
            "inventory_turnover_ratio": null,
            "account_receivable_turnover_ratio": null,
            "reinvestment_rate": null,
            "research_to_sale_ratio": null,
            "price_fair": 0,
            "eps_avg_yearly": 0,
            "eps_latest_yearly": 0,
            "eps_growth_yearly": 0
        },
        "20044": {
            "year_quarter": 20044,
            "year": 2004,
            "quarter": 4,
            "eps": null,
            "eps_growth_year": null,
            "eps_4q": null,
            "eps_4q_growth_year": null,
            "roe": null,
            "roe_4q": 0,
            "gross_profit": null,
            "gross_margin": null,
            "gross_margin_4q_avg": 0,
            "net_income": null,
            "net_income_4q": null,
            "revenue": null,
            "revenue_4q": null,
            "common_shares": null,
            "book_valuer_per_share": null,
            "book_valuer_per_share_4q_avg": 0,
            "equity": null,
            "current_ratio": null,
            "debt_ratio": null,
            "inventory_turnover_ratio": null,
            "account_receivable_turnover_ratio": null,
            "reinvestment_rate": null,
            "research_to_sale_ratio": null,
            "price_fair": 0,
            "eps_avg_yearly": 0,
            "eps_latest_yearly": 0,
            "eps_growth_yearly": 0
        },
        "20051": {
            "year_quarter": 20051,
            "year": 2005,
            "quarter": 1,
            "eps": null,
            "eps_growth_year": null,
            "eps_4q": null,
            "eps_4q_growth_year": null,
            "roe": null,
            "roe_4q": 0,
            "gross_profit": null,
            "gross_margin": null,
            "gross_margin_4q_avg": 0,
            "net_income": null,
            "net_income_4q": null,
            "revenue": null,
            "revenue_4q": null,
            "common_shares": null,
            "book_valuer_per_share": null,
            "book_valuer_per_share_4q_avg": 0,
            "equity": null,
            "current_ratio": null,
            "debt_ratio": null,
            "inventory_turnover_ratio": null,
            "account_receivable_turnover_ratio": null,
            "reinvestment_rate": null,
            "research_to_sale_ratio": null,
            "price_fair": 0,
            "eps_avg_yearly": 0,
            "eps_latest_yearly": 0,
            "eps_growth_yearly": 0
        },
        "20052": {
            "year_quarter": 20052,
            "year": 2005,
            "quarter": 2,
            "eps": null,
            "eps_growth_year": null,
            "eps_4q": null,
            "eps_4q_growth_year": null,
            "roe": null,
            "roe_4q": 0,
            "gross_profit": null,
            "gross_margin": null,
            "gross_margin_4q_avg": 0,
            "net_income": null,
            "net_income_4q": null,
            "revenue": null,
            "revenue_4q": null,
            "common_shares": null,
            "book_valuer_per_share": null,
            "book_valuer_per_share_4q_avg": 0,
            "equity": null,
            "current_ratio": null,
            "debt_ratio": null,
            "inventory_turnover_ratio": null,
            "account_receivable_turnover_ratio": null,
            "reinvestment_rate": null,
            "research_to_sale_ratio": null,
            "price_fair": 0,
            "eps_avg_yearly": 0,
            "eps_latest_yearly": 0,
            "eps_growth_yearly": 0
        },
        "20053": {
            "year_quarter": 20053,
            "year": 2005,
            "quarter": 3,
            "eps": null,
            "eps_growth_year": null,
            "eps_4q": null,
            "eps_4q_growth_year": null,
            "roe": null,
            "roe_4q": 0,
            "gross_profit": null,
            "gross_margin": null,
            "gross_margin_4q_avg": 0,
            "net_income": null,
            "net_income_4q": null,
            "revenue": null,
            "revenue_4q": null,
            "common_shares": null,
            "book_valuer_per_share": null,
            "book_valuer_per_share_4q_avg": 0,
            "equity": null,
            "current_ratio": null,
            "debt_ratio": null,
            "inventory_turnover_ratio": null,
            "account_receivable_turnover_ratio": null,
            "reinvestment_rate": null,
            "research_to_sale_ratio": null,
            "price_fair": 0,
            "eps_avg_yearly": 0,
            "eps_latest_yearly": 0,
            "eps_growth_yearly": 0
        },
        "20054": {
            "year_quarter": 20054,
            "year": 2005,
            "quarter": 4,
            "eps": null,
            "eps_growth_year": null,
            "eps_4q": null,
            "eps_4q_growth_year": null,
            "roe": null,
            "roe_4q": 0,
            "gross_profit": null,
            "gross_margin": null,
            "gross_margin_4q_avg": 0,
            "net_income": null,
            "net_income_4q": null,
            "revenue": null,
            "revenue_4q": null,
            "common_shares": 28000,
            "book_valuer_per_share": 43.79,
            "book_valuer_per_share_4q_avg": 10.95,
            "equity": 122614,
            "current_ratio": 147.36,
            "debt_ratio": 57.66,
            "inventory_turnover_ratio": null,
            "account_receivable_turnover_ratio": null,
            "reinvestment_rate": null,
            "research_to_sale_ratio": null,
            "price_fair": 0,
            "eps_avg_yearly": 0,
            "eps_latest_yearly": 0,
            "eps_growth_yearly": 0
        },
        "20061": {
            "year_quarter": 20061,
            "year": 2006,
            "quarter": 1,
            "eps": null,
            "eps_growth_year": null,
            "eps_4q": null,
            "eps_4q_growth_year": null,
            "roe": null,
            "roe_4q": 0,
            "gross_profit": null,
            "gross_margin": null,
            "gross_margin_4q_avg": 0,
            "net_income": null,
            "net_income_4q": null,
            "revenue": null,
            "revenue_4q": null,
            "common_shares": null,
            "book_valuer_per_share": null,
            "book_valuer_per_share_4q_avg": 10.95,
            "equity": null,
            "current_ratio": null,
            "debt_ratio": null,
            "inventory_turnover_ratio": null,
            "account_receivable_turnover_ratio": null,
            "reinvestment_rate": null,
            "research_to_sale_ratio": null,
            "price_fair": 0,
            "eps_avg_yearly": 0,
            "eps_latest_yearly": 0,
            "eps_growth_yearly": 0
        },
        "20062": {
            "year_quarter": 20062,
            "year": 2006,
            "quarter": 2,
            "eps": null,
            "eps_growth_year": null,
            "eps_4q": null,
            "eps_4q_growth_year": null,
            "roe": null,
            "roe_4q": 0,
            "gross_profit": null,
            "gross_margin": null,
            "gross_margin_4q_avg": 0,
            "net_income": null,
            "net_income_4q": null,
            "revenue": null,
            "revenue_4q": null,
            "common_shares": null,
            "book_valuer_per_share": null,
            "book_valuer_per_share_4q_avg": 10.95,
            "equity": null,
            "current_ratio": null,
            "debt_ratio": null,
            "inventory_turnover_ratio": null,
            "account_receivable_turnover_ratio": null,
            "reinvestment_rate": null,
            "research_to_sale_ratio": null,
            "price_fair": 0,
            "eps_avg_yearly": 0,
            "eps_latest_yearly": 0,
            "eps_growth_yearly": 0
        },
        "20063": {
            "year_quarter": 20063,
            "year": 2006,
            "quarter": 3,
            "eps": null,
            "eps_growth_year": null,
            "eps_4q": null,
            "eps_4q_growth_year": null,
            "roe": null,
            "roe_4q": 0,
            "gross_profit": null,
            "gross_margin": null,
            "gross_margin_4q_avg": 0,
            "net_income": null,
            "net_income_4q": null,
            "revenue": null,
            "revenue_4q": null,
            "common_shares": null,
            "book_valuer_per_share": null,
            "book_valuer_per_share_4q_avg": 10.95,
            "equity": null,
            "current_ratio": null,
            "debt_ratio": null,
            "inventory_turnover_ratio": null,
            "account_receivable_turnover_ratio": null,
            "reinvestment_rate": null,
            "research_to_sale_ratio": null,
            "price_fair": 0,
            "eps_avg_yearly": 0,
            "eps_latest_yearly": 0,
            "eps_growth_yearly": 0
        },
        "20064": {
            "year_quarter": 20064,
            "year": 2006,
            "quarter": 4,
            "eps": null,
            "eps_growth_year": null,
            "eps_4q": null,
            "eps_4q_growth_year": null,
            "roe": null,
            "roe_4q": 0,
            "gross_profit": null,
            "gross_margin": null,
            "gross_margin_4q_avg": 0,
            "net_income": null,
            "net_income_4q": null,
            "revenue": null,
            "revenue_4q": null,
            "common_shares": 42000,
            "book_valuer_per_share": 38.29,
            "book_valuer_per_share_4q_avg": 9.57,
            "equity": 160824,
            "current_ratio": 190.55,
            "debt_ratio": 51.46,
            "inventory_turnover_ratio": null,
            "account_receivable_turnover_ratio": null,
            "reinvestment_rate": null,
            "research_to_sale_ratio": null,
            "price_fair": 0,
            "eps_avg_yearly": 0,
            "eps_latest_yearly": 0,
            "eps_growth_yearly": 0
        },
        "20071": {
            "year_quarter": 20071,
            "year": 2007,
            "quarter": 1,
            "eps": null,
            "eps_growth_year": null,
            "eps_4q": null,
            "eps_4q_growth_year": null,
            "roe": null,
            "roe_4q": 0,
            "gross_profit": null,
            "gross_margin": null,
            "gross_margin_4q_avg": 0,
            "net_income": null,
            "net_income_4q": null,
            "revenue": null,
            "revenue_4q": null,
            "common_shares": null,
            "book_valuer_per_share": null,
            "book_valuer_per_share_4q_avg": 9.57,
            "equity": null,
            "current_ratio": null,
            "debt_ratio": null,
            "inventory_turnover_ratio": null,
            "account_receivable_turnover_ratio": null,
            "reinvestment_rate": null,
            "research_to_sale_ratio": null,
            "price_fair": 0,
            "eps_avg_yearly": 0,
            "eps_latest_yearly": 0,
            "eps_growth_yearly": 0
        },
        "20072": {
            "year_quarter": 20072,
            "year": 2007,
            "quarter": 2,
            "eps": null,
            "eps_growth_year": null,
            "eps_4q": null,
            "eps_4q_growth_year": null,
            "roe": null,
            "roe_4q": 0,
            "gross_profit": null,
            "gross_margin": null,
            "gross_margin_4q_avg": 0,
            "net_income": null,
            "net_income_4q": null,
            "revenue": null,
            "revenue_4q": null,
            "common_shares": null,
            "book_valuer_per_share": null,
            "book_valuer_per_share_4q_avg": 9.57,
            "equity": null,
            "current_ratio": null,
            "debt_ratio": null,
            "inventory_turnover_ratio": null,
            "account_receivable_turnover_ratio": null,
            "reinvestment_rate": null,
            "research_to_sale_ratio": null,
            "price_fair": 0,
            "eps_avg_yearly": 0,
            "eps_latest_yearly": 0,
            "eps_growth_yearly": 0
        },
        "20073": {
            "year_quarter": 20073,
            "year": 2007,
            "quarter": 3,
            "eps": null,
            "eps_growth_year": null,
            "eps_4q": null,
            "eps_4q_growth_year": null,
            "roe": null,
            "roe_4q": 0,
            "gross_profit": null,
            "gross_margin": null,
            "gross_margin_4q_avg": 0,
            "net_income": null,
            "net_income_4q": null,
            "revenue": null,
            "revenue_4q": null,
            "common_shares": null,
            "book_valuer_per_share": null,
            "book_valuer_per_share_4q_avg": 9.57,
            "equity": null,
            "current_ratio": null,
            "debt_ratio": null,
            "inventory_turnover_ratio": null,
            "account_receivable_turnover_ratio": null,
            "reinvestment_rate": null,
            "research_to_sale_ratio": null,
            "price_fair": 0,
            "eps_avg_yearly": 0,
            "eps_latest_yearly": 0,
            "eps_growth_yearly": 0
        },
        "20074": {
            "year_quarter": 20074,
            "year": 2007,
            "quarter": 4,
            "eps": null,
            "eps_growth_year": null,
            "eps_4q": null,
            "eps_4q_growth_year": null,
            "roe": null,
            "roe_4q": 0,
            "gross_profit": null,
            "gross_margin": null,
            "gross_margin_4q_avg": 0,
            "net_income": null,
            "net_income_4q": null,
            "revenue": null,
            "revenue_4q": null,
            "common_shares": 150000,
            "book_valuer_per_share": 21.88,
            "book_valuer_per_share_4q_avg": 5.47,
            "equity": 328169,
            "current_ratio": 216.88,
            "debt_ratio": 37.66,
            "inventory_turnover_ratio": null,
            "account_receivable_turnover_ratio": null,
            "reinvestment_rate": null,
            "research_to_sale_ratio": null,
            "price_fair": 0,
            "eps_avg_yearly": 0,
            "eps_latest_yearly": 0,
            "eps_growth_yearly": 0
        },
        "20081": {
            "year_quarter": 20081,
            "year": 2008,
            "quarter": 1,
            "eps": null,
            "eps_growth_year": null,
            "eps_4q": null,
            "eps_4q_growth_year": null,
            "roe": null,
            "roe_4q": 0,
            "gross_profit": null,
            "gross_margin": null,
            "gross_margin_4q_avg": 0,
            "net_income": null,
            "net_income_4q": null,
            "revenue": null,
            "revenue_4q": null,
            "common_shares": null,
            "book_valuer_per_share": null,
            "book_valuer_per_share_4q_avg": 5.47,
            "equity": null,
            "current_ratio": null,
            "debt_ratio": null,
            "inventory_turnover_ratio": null,
            "account_receivable_turnover_ratio": null,
            "reinvestment_rate": null,
            "research_to_sale_ratio": null,
            "price_fair": 0,
            "eps_avg_yearly": 0,
            "eps_latest_yearly": 0,
            "eps_growth_yearly": 0
        },
        "20082": {
            "year_quarter": 20082,
            "year": 2008,
            "quarter": 2,
            "eps": null,
            "eps_growth_year": null,
            "eps_4q": null,
            "eps_4q_growth_year": null,
            "roe": null,
            "roe_4q": 0,
            "gross_profit": null,
            "gross_margin": null,
            "gross_margin_4q_avg": 0,
            "net_income": null,
            "net_income_4q": null,
            "revenue": null,
            "revenue_4q": null,
            "common_shares": null,
            "book_valuer_per_share": null,
            "book_valuer_per_share_4q_avg": 5.47,
            "equity": null,
            "current_ratio": null,
            "debt_ratio": null,
            "inventory_turnover_ratio": null,
            "account_receivable_turnover_ratio": null,
            "reinvestment_rate": null,
            "research_to_sale_ratio": null,
            "price_fair": 0,
            "eps_avg_yearly": 0,
            "eps_latest_yearly": 0,
            "eps_growth_yearly": 0
        },
        "20083": {
            "year_quarter": 20083,
            "year": 2008,
            "quarter": 3,
            "eps": null,
            "eps_growth_year": null,
            "eps_4q": null,
            "eps_4q_growth_year": null,
            "roe": null,
            "roe_4q": 0,
            "gross_profit": null,
            "gross_margin": null,
            "gross_margin_4q_avg": 0,
            "net_income": null,
            "net_income_4q": null,
            "revenue": null,
            "revenue_4q": null,
            "common_shares": null,
            "book_valuer_per_share": null,
            "book_valuer_per_share_4q_avg": 5.47,
            "equity": null,
            "current_ratio": null,
            "debt_ratio": null,
            "inventory_turnover_ratio": null,
            "account_receivable_turnover_ratio": null,
            "reinvestment_rate": null,
            "research_to_sale_ratio": null,
            "price_fair": 0,
            "eps_avg_yearly": 0,
            "eps_latest_yearly": 0,
            "eps_growth_yearly": 0
        },
        "20084": {
            "year_quarter": 20084,
            "year": 2008,
            "quarter": 4,
            "eps": null,
            "eps_growth_year": null,
            "eps_4q": null,
            "eps_4q_growth_year": null,
            "roe": null,
            "roe_4q": 0,
            "gross_profit": null,
            "gross_margin": null,
            "gross_margin_4q_avg": 0,
            "net_income": null,
            "net_income_4q": null,
            "revenue": null,
            "revenue_4q": null,
            "common_shares": 185000,
            "book_valuer_per_share": 26.98,
            "book_valuer_per_share_4q_avg": 6.75,
            "equity": 499184,
            "current_ratio": 304.01,
            "debt_ratio": 29.11,
            "inventory_turnover_ratio": null,
            "account_receivable_turnover_ratio": null,
            "reinvestment_rate": null,
            "research_to_sale_ratio": null,
            "price_fair": 0,
            "eps_avg_yearly": 0,
            "eps_latest_yearly": 0,
            "eps_growth_yearly": 0
        },
        "20091": {
            "year_quarter": 20091,
            "year": 2009,
            "quarter": 1,
            "eps": null,
            "eps_growth_year": null,
            "eps_4q": null,
            "eps_4q_growth_year": null,
            "roe": null,
            "roe_4q": 0,
            "gross_profit": null,
            "gross_margin": null,
            "gross_margin_4q_avg": 0,
            "net_income": null,
            "net_income_4q": null,
            "revenue": null,
            "revenue_4q": null,
            "common_shares": null,
            "book_valuer_per_share": null,
            "book_valuer_per_share_4q_avg": 6.75,
            "equity": null,
            "current_ratio": null,
            "debt_ratio": null,
            "inventory_turnover_ratio": null,
            "account_receivable_turnover_ratio": null,
            "reinvestment_rate": null,
            "research_to_sale_ratio": null,
            "price_fair": 0,
            "eps_avg_yearly": 0,
            "eps_latest_yearly": 0,
            "eps_growth_yearly": 0
        },
        "20092": {
            "year_quarter": 20092,
            "year": 2009,
            "quarter": 2,
            "eps": null,
            "eps_growth_year": null,
            "eps_4q": null,
            "eps_4q_growth_year": null,
            "roe": null,
            "roe_4q": 0,
            "gross_profit": null,
            "gross_margin": null,
            "gross_margin_4q_avg": 0,
            "net_income": null,
            "net_income_4q": null,
            "revenue": null,
            "revenue_4q": null,
            "common_shares": null,
            "book_valuer_per_share": null,
            "book_valuer_per_share_4q_avg": 6.75,
            "equity": null,
            "current_ratio": null,
            "debt_ratio": null,
            "inventory_turnover_ratio": null,
            "account_receivable_turnover_ratio": null,
            "reinvestment_rate": null,
            "research_to_sale_ratio": null,
            "price_fair": 0,
            "eps_avg_yearly": 0,
            "eps_latest_yearly": 0,
            "eps_growth_yearly": 0
        },
        "20093": {
            "year_quarter": 20093,
            "year": 2009,
            "quarter": 3,
            "eps": null,
            "eps_growth_year": null,
            "eps_4q": null,
            "eps_4q_growth_year": null,
            "roe": null,
            "roe_4q": 0,
            "gross_profit": null,
            "gross_margin": null,
            "gross_margin_4q_avg": 0,
            "net_income": null,
            "net_income_4q": null,
            "revenue": null,
            "revenue_4q": null,
            "common_shares": null,
            "book_valuer_per_share": null,
            "book_valuer_per_share_4q_avg": 6.75,
            "equity": null,
            "current_ratio": null,
            "debt_ratio": null,
            "inventory_turnover_ratio": null,
            "account_receivable_turnover_ratio": null,
            "reinvestment_rate": null,
            "research_to_sale_ratio": null,
            "price_fair": 0,
            "eps_avg_yearly": 0,
            "eps_latest_yearly": 0,
            "eps_growth_yearly": 0
        },
        "20094": {
            "year_quarter": 20094,
            "year": 2009,
            "quarter": 4,
            "eps": null,
            "eps_growth_year": null,
            "eps_4q": null,
            "eps_4q_growth_year": null,
            "roe": null,
            "roe_4q": 0,
            "gross_profit": null,
            "gross_margin": null,
            "gross_margin_4q_avg": 0,
            "net_income": null,
            "net_income_4q": null,
            "revenue": null,
            "revenue_4q": null,
            "common_shares": 185000,
            "book_valuer_per_share": 26.1,
            "book_valuer_per_share_4q_avg": 6.53,
            "equity": 482859,
            "current_ratio": 305.97,
            "debt_ratio": 28.59,
            "inventory_turnover_ratio": null,
            "account_receivable_turnover_ratio": null,
            "reinvestment_rate": null,
            "research_to_sale_ratio": null,
            "price_fair": 0,
            "eps_avg_yearly": 0,
            "eps_latest_yearly": 0,
            "eps_growth_yearly": 0
        },
        "20101": {
            "year_quarter": 20101,
            "year": 2010,
            "quarter": 1,
            "eps": null,
            "eps_growth_year": null,
            "eps_4q": null,
            "eps_4q_growth_year": null,
            "roe": null,
            "roe_4q": 0,
            "gross_profit": null,
            "gross_margin": null,
            "gross_margin_4q_avg": 0,
            "net_income": null,
            "net_income_4q": null,
            "revenue": null,
            "revenue_4q": null,
            "common_shares": null,
            "book_valuer_per_share": null,
            "book_valuer_per_share_4q_avg": 6.53,
            "equity": null,
            "current_ratio": null,
            "debt_ratio": null,
            "inventory_turnover_ratio": null,
            "account_receivable_turnover_ratio": null,
            "reinvestment_rate": null,
            "research_to_sale_ratio": null,
            "price_fair": 0,
            "eps_avg_yearly": 0,
            "eps_latest_yearly": 0,
            "eps_growth_yearly": 0
        },
        "20102": {
            "year_quarter": 20102,
            "year": 2010,
            "quarter": 2,
            "eps": null,
            "eps_growth_year": null,
            "eps_4q": null,
            "eps_4q_growth_year": null,
            "roe": null,
            "roe_4q": 0,
            "gross_profit": null,
            "gross_margin": null,
            "gross_margin_4q_avg": 0,
            "net_income": null,
            "net_income_4q": null,
            "revenue": null,
            "revenue_4q": null,
            "common_shares": 0,
            "book_valuer_per_share": null,
            "book_valuer_per_share_4q_avg": 6.53,
            "equity": 0,
            "current_ratio": null,
            "debt_ratio": null,
            "inventory_turnover_ratio": null,
            "account_receivable_turnover_ratio": null,
            "reinvestment_rate": null,
            "research_to_sale_ratio": null,
            "price_fair": 0,
            "eps_avg_yearly": 0,
            "eps_latest_yearly": 0,
            "eps_growth_yearly": 0
        },
        "20103": {
            "year_quarter": 20103,
            "year": 2010,
            "quarter": 3,
            "eps": null,
            "eps_growth_year": null,
            "eps_4q": null,
            "eps_4q_growth_year": null,
            "roe": null,
            "roe_4q": 0,
            "gross_profit": 45240,
            "gross_margin": null,
            "gross_margin_4q_avg": 0,
            "net_income": 27991,
            "net_income_4q": null,
            "revenue": 169776,
            "revenue_4q": null,
            "common_shares": 225000,
            "book_valuer_per_share": 27.88,
            "book_valuer_per_share_4q_avg": 13.5,
            "equity": 627298,
            "current_ratio": 361.42,
            "debt_ratio": 20.26,
            "inventory_turnover_ratio": null,
            "account_receivable_turnover_ratio": null,
            "reinvestment_rate": null,
            "research_to_sale_ratio": null,
            "price_fair": 0,
            "eps_avg_yearly": 0,
            "eps_latest_yearly": 0,
            "eps_growth_yearly": 0
        },
        "20104": {
            "year_quarter": 20104,
            "year": 2010,
            "quarter": 4,
            "eps": null,
            "eps_growth_year": null,
            "eps_4q": null,
            "eps_4q_growth_year": null,
            "roe": null,
            "roe_4q": 0,
            "gross_profit": 37132,
            "gross_margin": null,
            "gross_margin_4q_avg": 0,
            "net_income": -12214,
            "net_income_4q": null,
            "revenue": 205801,
            "revenue_4q": null,
            "common_shares": 225000,
            "book_valuer_per_share": 26.47,
            "book_valuer_per_share_4q_avg": 13.59,
            "equity": 603903,
            "current_ratio": 320.42,
            "debt_ratio": 25.55,
            "inventory_turnover_ratio": null,
            "account_receivable_turnover_ratio": null,
            "reinvestment_rate": null,
            "research_to_sale_ratio": null,
            "price_fair": 0,
            "eps_avg_yearly": 0,
            "eps_latest_yearly": 0,
            "eps_growth_yearly": 0
        },
        "20111": {
            "year_quarter": 20111,
            "year": 2011,
            "quarter": 1,
            "eps": null,
            "eps_growth_year": null,
            "eps_4q": null,
            "eps_4q_growth_year": null,
            "roe": null,
            "roe_4q": 0,
            "gross_profit": 34670,
            "gross_margin": null,
            "gross_margin_4q_avg": 0,
            "net_income": 9615,
            "net_income_4q": null,
            "revenue": 162873,
            "revenue_4q": null,
            "common_shares": 225000,
            "book_valuer_per_share": 26.94,
            "book_valuer_per_share_4q_avg": 20.32,
            "equity": 613518,
            "current_ratio": 360.16,
            "debt_ratio": 27.37,
            "inventory_turnover_ratio": null,
            "account_receivable_turnover_ratio": null,
            "reinvestment_rate": null,
            "research_to_sale_ratio": null,
            "price_fair": 0,
            "eps_avg_yearly": 0,
            "eps_latest_yearly": 0,
            "eps_growth_yearly": 0
        },
        "20112": {
            "year_quarter": 20112,
            "year": 2011,
            "quarter": 2,
            "eps": -0.1,
            "eps_growth_year": null,
            "eps_4q": -0.1,
            "eps_4q_growth_year": null,
            "roe": -0.38,
            "roe_4q": -0.38,
            "gross_profit": 28022,
            "gross_margin": 18.3,
            "gross_margin_4q_avg": 4.58,
            "net_income": -2228,
            "net_income_4q": null,
            "revenue": 153101,
            "revenue_4q": null,
            "common_shares": 225000,
            "book_valuer_per_share": 24.56,
            "book_valuer_per_share_4q_avg": 26.46,
            "equity": 557817,
            "current_ratio": 259.09,
            "debt_ratio": 33.7,
            "inventory_turnover_ratio": 1.04,
            "account_receivable_turnover_ratio": 2.43,
            "reinvestment_rate": null,
            "research_to_sale_ratio": null,
            "price_fair": 0,
            "eps_avg_yearly": 0,
            "eps_latest_yearly": 0,
            "eps_growth_yearly": 0
        },
        "20113": {
            "year_quarter": 20113,
            "year": 2011,
            "quarter": 3,
            "eps": 0.7,
            "eps_growth_year": null,
            "eps_4q": 0.6,
            "eps_4q_growth_year": null,
            "roe": 2.56,
            "roe_4q": 2.18,
            "gross_profit": 41661,
            "gross_margin": 19.6,
            "gross_margin_4q_avg": 9.48,
            "net_income": 14626,
            "net_income_4q": null,
            "revenue": 212562,
            "revenue_4q": null,
            "common_shares": 225000,
            "book_valuer_per_share": 25.74,
            "book_valuer_per_share_4q_avg": 25.93,
            "equity": 583306,
            "current_ratio": 252.46,
            "debt_ratio": 32.23,
            "inventory_turnover_ratio": 1.31,
            "account_receivable_turnover_ratio": 1.4,
            "reinvestment_rate": null,
            "research_to_sale_ratio": 3.47,
            "price_fair": 0,
            "eps_avg_yearly": 0,
            "eps_latest_yearly": 0,
            "eps_growth_yearly": 0
        },
        "20114": {
            "year_quarter": 20114,
            "year": 2011,
            "quarter": 4,
            "eps": 0.72,
            "eps_growth_year": null,
            "eps_4q": 1.32,
            "eps_4q_growth_year": null,
            "roe": 2.72,
            "roe_4q": 4.9,
            "gross_profit": 55419,
            "gross_margin": 20.72,
            "gross_margin_4q_avg": 14.66,
            "net_income": 16076,
            "net_income_4q": null,
            "revenue": 267514,
            "revenue_4q": null,
            "common_shares": 225000,
            "book_valuer_per_share": 26.45,
            "book_valuer_per_share_4q_avg": 25.92,
            "equity": 598924,
            "current_ratio": 221.41,
            "debt_ratio": 35.23,
            "inventory_turnover_ratio": 1.61,
            "account_receivable_turnover_ratio": 1.43,
            "reinvestment_rate": null,
            "research_to_sale_ratio": 1.87,
            "price_fair": 61.71,
            "eps_avg_yearly": 2.88,
            "eps_latest_yearly": 2.88,
            "eps_growth_yearly": 11.43
        },
        "20121": {
            "year_quarter": 20121,
            "year": 2012,
            "quarter": 1,
            "eps": 0.14,
            "eps_growth_year": null,
            "eps_4q": 1.46,
            "eps_4q_growth_year": null,
            "roe": 0.34,
            "roe_4q": 5.24,
            "gross_profit": 38656,
            "gross_margin": 20.16,
            "gross_margin_4q_avg": 19.7,
            "net_income": 2032,
            "net_income_4q": null,
            "revenue": 191727,
            "revenue_4q": null,
            "common_shares": 225000,
            "book_valuer_per_share": 26.34,
            "book_valuer_per_share_4q_avg": 25.77,
            "equity": 605150,
            "current_ratio": 242.6,
            "debt_ratio": 31.92,
            "inventory_turnover_ratio": 1.14,
            "account_receivable_turnover_ratio": 1.07,
            "reinvestment_rate": null,
            "research_to_sale_ratio": 3.78,
            "price_fair": 5.16,
            "eps_avg_yearly": 1.72,
            "eps_latest_yearly": 0.56,
            "eps_growth_yearly": -155.4
        },
        "20122": {
            "year_quarter": 20122,
            "year": 2012,
            "quarter": 2,
            "eps": 0.41,
            "eps_growth_year": null,
            "eps_4q": 1.84,
            "eps_4q_growth_year": null,
            "roe": 1.37,
            "roe_4q": 6.99,
            "gross_profit": 44293,
            "gross_margin": 24.08,
            "gross_margin_4q_avg": 21.14,
            "net_income": 8427,
            "net_income_4q": null,
            "revenue": 183919,
            "revenue_4q": null,
            "common_shares": 246000,
            "book_valuer_per_share": 25.13,
            "book_valuer_per_share_4q_avg": 25.92,
            "equity": 629093,
            "current_ratio": 216.72,
            "debt_ratio": 27.87,
            "inventory_turnover_ratio": 0.96,
            "account_receivable_turnover_ratio": 1.15,
            "reinvestment_rate": null,
            "research_to_sale_ratio": 2.75,
            "price_fair": 59.27,
            "eps_avg_yearly": 1.69,
            "eps_latest_yearly": 1.64,
            "eps_growth_yearly": 153.54
        },
        "20123": {
            "year_quarter": 20123,
            "year": 2012,
            "quarter": 3,
            "eps": 0.54,
            "eps_growth_year": -22.75,
            "eps_4q": 1.74,
            "eps_4q_growth_year": 190.1,
            "roe": 1.9,
            "roe_4q": 6.33,
            "gross_profit": 48526,
            "gross_margin": 20.65,
            "gross_margin_4q_avg": 21.4,
            "net_income": 12145,
            "net_income_4q": null,
            "revenue": 234962,
            "revenue_4q": null,
            "common_shares": 246000,
            "book_valuer_per_share": 25.49,
            "book_valuer_per_share_4q_avg": 25.85,
            "equity": 646653,
            "current_ratio": 230.3,
            "debt_ratio": 26.68,
            "inventory_turnover_ratio": 1.24,
            "account_receivable_turnover_ratio": 1.33,
            "reinvestment_rate": null,
            "research_to_sale_ratio": 2.4,
            "price_fair": 63.35,
            "eps_avg_yearly": 1.81,
            "eps_latest_yearly": 2.16,
            "eps_growth_yearly": 146.87
        },
        "20124": {
            "year_quarter": 20124,
            "year": 2012,
            "quarter": 4,
            "eps": 0.62,
            "eps_growth_year": -13.6,
            "eps_4q": 1.7,
            "eps_4q_growth_year": 28.9,
            "roe": 1.94,
            "roe_4q": 5.55,
            "gross_profit": 52389,
            "gross_margin": 21.2,
            "gross_margin_4q_avg": 21.52,
            "net_income": 12676,
            "net_income_4q": null,
            "revenue": 247102,
            "revenue_4q": null,
            "common_shares": 246000,
            "book_valuer_per_share": 26.07,
            "book_valuer_per_share_4q_avg": 25.76,
            "equity": 658228,
            "current_ratio": 236.09,
            "debt_ratio": 26.28,
            "inventory_turnover_ratio": 1.36,
            "account_receivable_turnover_ratio": 1.23,
            "reinvestment_rate": null,
            "research_to_sale_ratio": 2.09,
            "price_fair": 68.04,
            "eps_avg_yearly": 1.94,
            "eps_latest_yearly": 2.48,
            "eps_growth_yearly": 129.34
        },
        "20131": {
            "year_quarter": 20131,
            "year": 2013,
            "quarter": 1,
            "eps": 0.47,
            "eps_growth_year": 235.71,
            "eps_4q": 2.05,
            "eps_4q_growth_year": 40.3,
            "roe": 1.45,
            "roe_4q": 6.659999999999999,
            "gross_profit": 38094,
            "gross_margin": 20.7,
            "gross_margin_4q_avg": 21.66,
            "net_income": 9614,
            "net_income_4q": null,
            "revenue": 184019,
            "revenue_4q": null,
            "common_shares": 246000,
            "book_valuer_per_share": 26.33,
            "book_valuer_per_share_4q_avg": 25.76,
            "equity": 663946,
            "current_ratio": 262.28,
            "debt_ratio": 24.48,
            "inventory_turnover_ratio": 1.02,
            "account_receivable_turnover_ratio": 1.04,
            "reinvestment_rate": null,
            "research_to_sale_ratio": 3.29,
            "price_fair": 67.67,
            "eps_avg_yearly": 1.93,
            "eps_latest_yearly": 1.88,
            "eps_growth_yearly": 91.66
        },
        "20132": {
            "year_quarter": 20132,
            "year": 2013,
            "quarter": 2,
            "eps": 0.11,
            "eps_growth_year": -73.36,
            "eps_4q": 1.65,
            "eps_4q_growth_year": -10.09,
            "roe": -0.07,
            "roe_4q": 5.22,
            "gross_profit": 33746,
            "gross_margin": 20.21,
            "gross_margin_4q_avg": 20.69,
            "net_income": -461,
            "net_income_4q": null,
            "revenue": 166948,
            "revenue_4q": null,
            "common_shares": 246000,
            "book_valuer_per_share": 25.48,
            "book_valuer_per_share_4q_avg": 25.84,
            "equity": 649454,
            "current_ratio": 236.98,
            "debt_ratio": 25.43,
            "inventory_turnover_ratio": 0.87,
            "account_receivable_turnover_ratio": 1.11,
            "reinvestment_rate": null,
            "research_to_sale_ratio": 5.68,
            "price_fair": 60.2,
            "eps_avg_yearly": 1.72,
            "eps_latest_yearly": 0.44,
            "eps_growth_yearly": 34.8
        },
        "20133": {
            "year_quarter": 20133,
            "year": 2013,
            "quarter": 3,
            "eps": 0.72,
            "eps_growth_year": 33.32,
            "eps_4q": 1.87,
            "eps_4q_growth_year": 7.28,
            "roe": 2.56,
            "roe_4q": 5.880000000000001,
            "gross_profit": 52441,
            "gross_margin": 22.91,
            "gross_margin_4q_avg": 21.26,
            "net_income": 16792,
            "net_income_4q": null,
            "revenue": 228938,
            "revenue_4q": null,
            "common_shares": 260760,
            "book_valuer_per_share": 24.64,
            "book_valuer_per_share_4q_avg": 25.63,
            "equity": 663059,
            "current_ratio": 261.06,
            "debt_ratio": 24.82,
            "inventory_turnover_ratio": 1.1,
            "account_receivable_turnover_ratio": 1.4,
            "reinvestment_rate": null,
            "research_to_sale_ratio": 3.81,
            "price_fair": 65.28,
            "eps_avg_yearly": 1.87,
            "eps_latest_yearly": 2.88,
            "eps_growth_yearly": 307.72
        },
        "20134": {
            "year_quarter": 20134,
            "year": 2013,
            "quarter": 4,
            "eps": 0.55,
            "eps_growth_year": -12.16,
            "eps_4q": 1.83,
            "eps_4q_growth_year": 7.21,
            "roe": 1.77,
            "roe_4q": 5.71,
            "gross_profit": 57230,
            "gross_margin": 23.72,
            "gross_margin_4q_avg": 21.89,
            "net_income": 11916,
            "net_income_4q": null,
            "revenue": 241232,
            "revenue_4q": null,
            "common_shares": 260760,
            "book_valuer_per_share": 25.4,
            "book_valuer_per_share_4q_avg": 25.46,
            "equity": 680544,
            "current_ratio": 271.91,
            "debt_ratio": 24.27,
            "inventory_turnover_ratio": 1.19,
            "account_receivable_turnover_ratio": 1.34,
            "reinvestment_rate": null,
            "research_to_sale_ratio": -0.91,
            "price_fair": 66.58,
            "eps_avg_yearly": 1.9,
            "eps_latest_yearly": 2.2,
            "eps_growth_yearly": 263.03
        },
        "20141": {
            "year_quarter": 20141,
            "year": 2014,
            "quarter": 1,
            "eps": 0.45,
            "eps_growth_year": -4.26,
            "eps_4q": 1.83,
            "eps_4q_growth_year": -10.77,
            "roe": 1.37,
            "roe_4q": 5.63,
            "gross_profit": 44577,
            "gross_margin": 23.64,
            "gross_margin_4q_avg": 22.62,
            "net_income": 9430,
            "net_income_4q": null,
            "revenue": 188536,
            "revenue_4q": null,
            "common_shares": 260760,
            "book_valuer_per_share": 26.03,
            "book_valuer_per_share_4q_avg": 25.39,
            "equity": 694867,
            "current_ratio": 287.2,
            "debt_ratio": 23.17,
            "inventory_turnover_ratio": 0.95,
            "account_receivable_turnover_ratio": 1.07,
            "reinvestment_rate": null,
            "research_to_sale_ratio": 4.48,
            "price_fair": 66.22,
            "eps_avg_yearly": 1.89,
            "eps_latest_yearly": 1.8,
            "eps_growth_yearly": 229.46
        },
        "20142": {
            "year_quarter": 20142,
            "year": 2014,
            "quarter": 2,
            "eps": 0.3,
            "eps_growth_year": 172.73,
            "eps_4q": 1.92,
            "eps_4q_growth_year": 16.16,
            "roe": 0.93,
            "roe_4q": 6.630000000000001,
            "gross_profit": 51746,
            "gross_margin": 23.61,
            "gross_margin_4q_avg": 23.47,
            "net_income": 6217,
            "net_income_4q": null,
            "revenue": 219179,
            "revenue_4q": null,
            "common_shares": 260760,
            "book_valuer_per_share": 23.94,
            "book_valuer_per_share_4q_avg": 25,
            "equity": 638211,
            "current_ratio": 220.84,
            "debt_ratio": 30.15,
            "inventory_turnover_ratio": 1.05,
            "account_receivable_turnover_ratio": 1.29,
            "reinvestment_rate": 171.9,
            "research_to_sale_ratio": 3.83,
            "price_fair": 64.02,
            "eps_avg_yearly": 1.83,
            "eps_latest_yearly": 1.2,
            "eps_growth_yearly": 196.48
        },
        "20143": {
            "year_quarter": 20143,
            "year": 2014,
            "quarter": 3,
            "eps": 0.98,
            "eps_growth_year": 36.11,
            "eps_4q": 2.22,
            "eps_4q_growth_year": 19,
            "roe": 3.71,
            "roe_4q": 7.779999999999999,
            "gross_profit": 64237,
            "gross_margin": 25.3,
            "gross_margin_4q_avg": 24.07,
            "net_income": 24195,
            "net_income_4q": null,
            "revenue": 253886,
            "revenue_4q": null,
            "common_shares": 276406,
            "book_valuer_per_share": 23.75,
            "book_valuer_per_share_4q_avg": 24.78,
            "equity": 667370,
            "current_ratio": 254.64,
            "debt_ratio": 26.57,
            "inventory_turnover_ratio": 1.2,
            "account_receivable_turnover_ratio": 1.33,
            "reinvestment_rate": 155.92,
            "research_to_sale_ratio": 3.47,
            "price_fair": 70.12,
            "eps_avg_yearly": 2,
            "eps_latest_yearly": 3.92,
            "eps_growth_yearly": 255.66
        },
        "20144": {
            "year_quarter": 20144,
            "year": 2014,
            "quarter": 4,
            "eps": 0.59,
            "eps_growth_year": 7.63,
            "eps_4q": 2.3,
            "eps_4q_growth_year": 25.63,
            "roe": 1.89,
            "roe_4q": 7.8999999999999995,
            "gross_profit": 55596,
            "gross_margin": 22.56,
            "gross_margin_4q_avg": 23.78,
            "net_income": 13007,
            "net_income_4q": null,
            "revenue": 246420,
            "revenue_4q": null,
            "common_shares": 276406,
            "book_valuer_per_share": 24.77,
            "book_valuer_per_share_4q_avg": 24.62,
            "equity": 706995,
            "current_ratio": 277.66,
            "debt_ratio": 24.64,
            "inventory_turnover_ratio": 1.23,
            "account_receivable_turnover_ratio": 1.18,
            "reinvestment_rate": 75.72,
            "research_to_sale_ratio": -1.49,
            "price_fair": 71.08,
            "eps_avg_yearly": 2.03,
            "eps_latest_yearly": 2.36,
            "eps_growth_yearly": 223.75
        },
        "20151": {
            "year_quarter": 20151,
            "year": 2015,
            "quarter": 1,
            "eps": 0.54,
            "eps_growth_year": 20,
            "eps_4q": 2.2,
            "eps_4q_growth_year": 20.43,
            "roe": 1.72,
            "roe_4q": 8.25,
            "gross_profit": 55915,
            "gross_margin": 27.83,
            "gross_margin_4q_avg": 24.83,
            "net_income": 13150,
            "net_income_4q": null,
            "revenue": 200939,
            "revenue_4q": null,
            "common_shares": 303006,
            "book_valuer_per_share": 26.27,
            "book_valuer_per_share_4q_avg": 24.68,
            "equity": 817967,
            "current_ratio": 398.57,
            "debt_ratio": 23.71,
            "inventory_turnover_ratio": 0.91,
            "account_receivable_turnover_ratio": 1.05,
            "reinvestment_rate": 41.4,
            "research_to_sale_ratio": 3.69,
            "price_fair": 71.4,
            "eps_avg_yearly": 2.04,
            "eps_latest_yearly": 2.16,
            "eps_growth_yearly": 205.34
        },
        "20152": {
            "year_quarter": 20152,
            "year": 2015,
            "quarter": 2,
            "eps": 0.2,
            "eps_growth_year": -33.33,
            "eps_4q": 2.13,
            "eps_4q_growth_year": 10.72,
            "roe": 0.48,
            "roe_4q": 7.8,
            "gross_profit": 44081,
            "gross_margin": 23.83,
            "gross_margin_4q_avg": 24.88,
            "net_income": 3763,
            "net_income_4q": null,
            "revenue": 184980,
            "revenue_4q": null,
            "common_shares": 303006,
            "book_valuer_per_share": 24.25,
            "book_valuer_per_share_4q_avg": 24.76,
            "equity": 754652,
            "current_ratio": 313.3,
            "debt_ratio": 28.49,
            "inventory_turnover_ratio": 0.82,
            "account_receivable_turnover_ratio": 1.12,
            "reinvestment_rate": 13.74,
            "research_to_sale_ratio": 4.46,
            "price_fair": 68.51,
            "eps_avg_yearly": 1.96,
            "eps_latest_yearly": 0.8,
            "eps_growth_yearly": 174.87
        },
        "20153": {
            "year_quarter": 20153,
            "year": 2015,
            "quarter": 3,
            "eps": 1.23,
            "eps_growth_year": 25.51,
            "eps_4q": 2.47,
            "eps_4q_growth_year": 10.95,
            "roe": 4.83,
            "roe_4q": 8.92,
            "gross_profit": 63915,
            "gross_margin": 26.98,
            "gross_margin_4q_avg": 25.3,
            "net_income": 37459,
            "net_income_4q": null,
            "revenue": 236899,
            "revenue_4q": null,
            "common_shares": 303006,
            "book_valuer_per_share": 25.57,
            "book_valuer_per_share_4q_avg": 25.22,
            "equity": 794865,
            "current_ratio": 382.82,
            "debt_ratio": 24.38,
            "inventory_turnover_ratio": 1,
            "account_receivable_turnover_ratio": 1.3,
            "reinvestment_rate": -3.93,
            "research_to_sale_ratio": 2.17,
            "price_fair": 74.99,
            "eps_avg_yearly": 2.14,
            "eps_latest_yearly": 4.92,
            "eps_growth_yearly": 292.69
        },
        "20154": {
            "year_quarter": 20154,
            "year": 2015,
            "quarter": 4,
            "eps": 1.23,
            "eps_growth_year": 107.91,
            "eps_4q": 3.15,
            "eps_4q_growth_year": 37.41,
            "roe": 4.03,
            "roe_4q": 11.06,
            "gross_profit": 69939,
            "gross_margin": 31.79,
            "gross_margin_4q_avg": 27.61,
            "net_income": 32392,
            "net_income_4q": null,
            "revenue": 220003,
            "revenue_4q": null,
            "common_shares": 303006,
            "book_valuer_per_share": 26.68,
            "book_valuer_per_share_4q_avg": 25.69,
            "equity": 811293,
            "current_ratio": 464.85,
            "debt_ratio": 21.83,
            "inventory_turnover_ratio": 0.95,
            "account_receivable_turnover_ratio": 1.2,
            "reinvestment_rate": -14.7,
            "research_to_sale_ratio": 0.54,
            "price_fair": 79.45,
            "eps_avg_yearly": 2.27,
            "eps_latest_yearly": 4.92,
            "eps_growth_yearly": 291.97
        },
        "20161": {
            "year_quarter": 20161,
            "year": 2016,
            "quarter": 1,
            "eps": 0.53,
            "eps_growth_year": -1.85,
            "eps_4q": 3.19,
            "eps_4q_growth_year": 44.66,
            "roe": 1.99,
            "roe_4q": 11.330000000000002,
            "gross_profit": 48589,
            "gross_margin": 27,
            "gross_margin_4q_avg": 27.4,
            "net_income": 16135,
            "net_income_4q": null,
            "revenue": 179979,
            "revenue_4q": null,
            "common_shares": 303006,
            "book_valuer_per_share": 26.58,
            "book_valuer_per_share_4q_avg": 25.77,
            "equity": 808485,
            "current_ratio": 528.34,
            "debt_ratio": 20.25,
            "inventory_turnover_ratio": 0.92,
            "account_receivable_turnover_ratio": 1.17,
            "reinvestment_rate": -18.52,
            "research_to_sale_ratio": 4.07,
            "price_fair": 82.86,
            "eps_avg_yearly": 2.37,
            "eps_latest_yearly": 2.12,
            "eps_growth_yearly": 297.88
        },
        "20162": {
            "year_quarter": 20162,
            "year": 2016,
            "quarter": 2,
            "eps": 0.84,
            "eps_growth_year": 320,
            "eps_4q": 3.83,
            "eps_4q_growth_year": 80.08,
            "roe": 3.31,
            "roe_4q": 14.16,
            "gross_profit": 62777,
            "gross_margin": 31.59,
            "gross_margin_4q_avg": 29.34,
            "net_income": 25663,
            "net_income_4q": null,
            "revenue": 198729,
            "revenue_4q": null,
            "common_shares": 303006,
            "book_valuer_per_share": 24.35,
            "book_valuer_per_share_4q_avg": 25.8,
            "equity": 741051,
            "current_ratio": 250.21,
            "debt_ratio": 29.73,
            "inventory_turnover_ratio": 0.98,
            "account_receivable_turnover_ratio": 1.27,
            "reinvestment_rate": -21.33,
            "research_to_sale_ratio": 3.22,
            "price_fair": 86.63,
            "eps_avg_yearly": 2.48,
            "eps_latest_yearly": 3.36,
            "eps_growth_yearly": 264.29
        },
        "20163": {
            "year_quarter": 20163,
            "year": 2016,
            "quarter": 3,
            "eps": 0.93,
            "eps_growth_year": -24.39,
            "eps_4q": 3.52,
            "eps_4q_growth_year": 42.95,
            "roe": 3.75,
            "roe_4q": 13.080000000000002,
            "gross_profit": 69463,
            "gross_margin": 30.57,
            "gross_margin_4q_avg": 30.24,
            "net_income": 28124,
            "net_income_4q": null,
            "revenue": 227223,
            "revenue_4q": null,
            "common_shares": 303006,
            "book_valuer_per_share": 24.96,
            "book_valuer_per_share_4q_avg": 25.64,
            "equity": 759469,
            "current_ratio": 313.02,
            "debt_ratio": 23.5,
            "inventory_turnover_ratio": 1.16,
            "account_receivable_turnover_ratio": 1.28,
            "reinvestment_rate": -19.48,
            "research_to_sale_ratio": 2.52,
            "price_fair": 90.04,
            "eps_avg_yearly": 2.57,
            "eps_latest_yearly": 3.72,
            "eps_growth_yearly": 259.04
        },
        "20164": {
            "year_quarter": 20164,
            "year": 2016,
            "quarter": 4,
            "eps": 1,
            "eps_growth_year": -18.24,
            "eps_4q": 3.3,
            "eps_4q_growth_year": 4.66,
            "roe": 3.92,
            "roe_4q": 12.97,
            "gross_profit": 57500,
            "gross_margin": 28.7,
            "gross_margin_4q_avg": 29.47,
            "net_income": 30487,
            "net_income_4q": null,
            "revenue": 200376,
            "revenue_4q": null,
            "common_shares": 303006,
            "book_valuer_per_share": 26.12,
            "book_valuer_per_share_4q_avg": 25.5,
            "equity": 794849,
            "current_ratio": 327.87,
            "debt_ratio": 21.93,
            "inventory_turnover_ratio": 1.09,
            "account_receivable_turnover_ratio": 1.09,
            "reinvestment_rate": -17.72,
            "research_to_sale_ratio": 2.46,
            "price_fair": 93.36,
            "eps_avg_yearly": 2.67,
            "eps_latest_yearly": 4,
            "eps_growth_yearly": 257.22
        },
        "20171": {
            "year_quarter": 20171,
            "year": 2017,
            "quarter": 1,
            "eps": 0.31,
            "eps_growth_year": -41.51,
            "eps_4q": 3.08,
            "eps_4q_growth_year": -3.28,
            "roe": 1.19,
            "roe_4q": 12.17,
            "gross_profit": 51675,
            "gross_margin": 30,
            "gross_margin_4q_avg": 30.22,
            "net_income": 9421,
            "net_income_4q": null,
            "revenue": 172235,
            "revenue_4q": null,
            "common_shares": 303006,
            "book_valuer_per_share": 25.84,
            "book_valuer_per_share_4q_avg": 25.32,
            "equity": 786264,
            "current_ratio": 319.25,
            "debt_ratio": 21.32,
            "inventory_turnover_ratio": 0.95,
            "account_receivable_turnover_ratio": 1.04,
            "reinvestment_rate": -7.42,
            "research_to_sale_ratio": 4.39,
            "price_fair": 91.96,
            "eps_avg_yearly": 2.63,
            "eps_latest_yearly": 1.24,
            "eps_growth_yearly": 246.02
        },
        "20172": {
            "year_quarter": 20172,
            "year": 2017,
            "quarter": 2,
            "eps": 0.84,
            "eps_growth_year": 0,
            "eps_4q": 3.08,
            "eps_4q_growth_year": -19.58,
            "roe": 3.34,
            "roe_4q": 12.2,
            "gross_profit": 54365,
            "gross_margin": 29.37,
            "gross_margin_4q_avg": 29.66,
            "net_income": 25249,
            "net_income_4q": null,
            "revenue": 185103,
            "revenue_4q": null,
            "common_shares": 303006,
            "book_valuer_per_share": 23.77,
            "book_valuer_per_share_4q_avg": 25.17,
            "equity": 723555,
            "current_ratio": 233.72,
            "debt_ratio": 29.13,
            "inventory_turnover_ratio": 1.01,
            "account_receivable_turnover_ratio": 1.18,
            "reinvestment_rate": -4.13,
            "research_to_sale_ratio": 3.94,
            "price_fair": 98.35,
            "eps_avg_yearly": 2.81,
            "eps_latest_yearly": 3.36,
            "eps_growth_yearly": 307.91
        },
        "20173": {
            "year_quarter": 20173,
            "year": 2017,
            "quarter": 3,
            "eps": 1.45,
            "eps_growth_year": 55.91,
            "eps_4q": 3.61,
            "eps_4q_growth_year": 2.4,
            "roe": 5.92,
            "roe_4q": 14.37,
            "gross_profit": 82896,
            "gross_margin": 32.8,
            "gross_margin_4q_avg": 30.22,
            "net_income": 44230,
            "net_income_4q": null,
            "revenue": 252748,
            "revenue_4q": null,
            "common_shares": 303056,
            "book_valuer_per_share": 25.23,
            "book_valuer_per_share_4q_avg": 25.24,
            "equity": 770442,
            "current_ratio": 259.27,
            "debt_ratio": 26.94,
            "inventory_turnover_ratio": 1.3,
            "account_receivable_turnover_ratio": 1.42,
            "reinvestment_rate": -5.39,
            "research_to_sale_ratio": 2.69,
            "price_fair": 104.74,
            "eps_avg_yearly": 2.99,
            "eps_latest_yearly": 5.8,
            "eps_growth_yearly": 187.43
        },
        "20174": {
            "year_quarter": 20174,
            "year": 2017,
            "quarter": 4,
            "eps": 1.16,
            "eps_growth_year": 15.67,
            "eps_4q": 3.76,
            "eps_4q_growth_year": 13.77,
            "roe": 4.49,
            "roe_4q": 14.94,
            "gross_profit": 72462,
            "gross_margin": 32.29,
            "gross_margin_4q_avg": 31.12,
            "net_income": 35395,
            "net_income_4q": null,
            "revenue": 224406,
            "revenue_4q": null,
            "common_shares": 304320,
            "book_valuer_per_share": 26.28,
            "book_valuer_per_share_4q_avg": 25.28,
            "equity": 805601,
            "current_ratio": 300.98,
            "debt_ratio": 23.49,
            "inventory_turnover_ratio": 1.18,
            "account_receivable_turnover_ratio": 1.11,
            "reinvestment_rate": -3.37,
            "research_to_sale_ratio": 3.17,
            "price_fair": 110.08,
            "eps_avg_yearly": 3.15,
            "eps_latest_yearly": 4.64,
            "eps_growth_yearly": 188.33
        },
        "20181": {
            "year_quarter": 20181,
            "year": 2018,
            "quarter": 1,
            "eps": 0.31,
            "eps_growth_year": 0,
            "eps_4q": 3.58,
            "eps_4q_growth_year": 16.2,
            "roe": 1.14,
            "roe_4q": 14.89,
            "gross_profit": 40796,
            "gross_margin": 26.17,
            "gross_margin_4q_avg": 30.16,
            "net_income": 9544,
            "net_income_4q": null,
            "revenue": 155868,
            "revenue_4q": null,
            "common_shares": 319484,
            "book_valuer_per_share": 26.99,
            "book_valuer_per_share_4q_avg": 25.57,
            "equity": 868189,
            "current_ratio": 458.03,
            "debt_ratio": 15.55,
            "inventory_turnover_ratio": 0.87,
            "account_receivable_turnover_ratio": 0.93,
            "reinvestment_rate": -3.48,
            "research_to_sale_ratio": 4.63,
            "price_fair": 108.85,
            "eps_avg_yearly": 3.11,
            "eps_latest_yearly": 1.24,
            "eps_growth_yearly": 174.56
        },
        "20182": {
            "year_quarter": 20182,
            "year": 2018,
            "quarter": 2,
            "eps": 0.88,
            "eps_growth_year": 4.76,
            "eps_4q": 3.67,
            "eps_4q_growth_year": 18.97,
            "roe": 3.4,
            "roe_4q": 14.950000000000001,
            "gross_profit": 49463,
            "gross_margin": 28.06,
            "gross_margin_4q_avg": 29.83,
            "net_income": 28300,
            "net_income_4q": null,
            "revenue": 176249,
            "revenue_4q": null,
            "common_shares": 319484,
            "book_valuer_per_share": 24.75,
            "book_valuer_per_share_4q_avg": 25.81,
            "equity": 796613,
            "current_ratio": 287.69,
            "debt_ratio": 25,
            "inventory_turnover_ratio": 0.88,
            "account_receivable_turnover_ratio": 1.28,
            "reinvestment_rate": -3.76,
            "research_to_sale_ratio": 3.65,
            "price_fair": 113.93,
            "eps_avg_yearly": 3.26,
            "eps_latest_yearly": 3.52,
            "eps_growth_yearly": 228.86
        },
        "20183": {
            "year_quarter": 20183,
            "year": 2018,
            "quarter": 3,
            "eps": 1.43,
            "eps_growth_year": -1.38,
            "eps_4q": 3.71,
            "eps_4q_growth_year": 2.92,
            "roe": 5.64,
            "roe_4q": 14.67,
            "gross_profit": 83509,
            "gross_margin": 33.68,
            "gross_margin_4q_avg": 30.05,
            "net_income": 46145,
            "net_income_4q": null,
            "revenue": 247956,
            "revenue_4q": null,
            "common_shares": 319484,
            "book_valuer_per_share": 26.08,
            "book_valuer_per_share_4q_avg": 26.03,
            "equity": 839775,
            "current_ratio": 396.57,
            "debt_ratio": 17.97,
            "inventory_turnover_ratio": 1.11,
            "account_receivable_turnover_ratio": 1.45,
            "reinvestment_rate": -1.55,
            "research_to_sale_ratio": 3.24,
            "price_fair": 117.86,
            "eps_avg_yearly": 3.37,
            "eps_latest_yearly": 5.72,
            "eps_growth_yearly": 187.82
        },
        "20184": {
            "year_quarter": 20184,
            "year": 2018,
            "quarter": 4,
            "eps": 1.15,
            "eps_growth_year": -0.41,
            "eps_4q": 3.77,
            "eps_4q_growth_year": 0.25,
            "roe": 4.25,
            "roe_4q": 14.430000000000001,
            "gross_profit": 72863,
            "gross_margin": 32.82,
            "gross_margin_4q_avg": 30.18,
            "net_income": 36970,
            "net_income_4q": null,
            "revenue": 221988,
            "revenue_4q": null,
            "common_shares": 319484,
            "book_valuer_per_share": 27.93,
            "book_valuer_per_share_4q_avg": 26.44,
            "equity": 898861,
            "current_ratio": 402.55,
            "debt_ratio": 17.8,
            "inventory_turnover_ratio": 1.01,
            "account_receivable_turnover_ratio": 1.2,
            "reinvestment_rate": 2.7,
            "research_to_sale_ratio": 3.84,
            "price_fair": 122.76,
            "eps_avg_yearly": 3.51,
            "eps_latest_yearly": 4.6,
            "eps_growth_yearly": 192.87
        },
        "20191": {
            "year_quarter": 20191,
            "year": 2019,
            "quarter": 1,
            "eps": 0.81,
            "eps_growth_year": 161.29,
            "eps_4q": 4.27,
            "eps_4q_growth_year": 19.22,
            "roe": 2.83,
            "roe_4q": 16.119999999999997,
            "gross_profit": 55996,
            "gross_margin": 29.88,
            "gross_margin_4q_avg": 31.11,
            "net_income": 25790,
            "net_income_4q": null,
            "revenue": 187389,
            "revenue_4q": null,
            "common_shares": 319484,
            "book_valuer_per_share": 28.74,
            "book_valuer_per_share_4q_avg": 26.88,
            "equity": 924821,
            "current_ratio": 431.89,
            "debt_ratio": 16.26,
            "inventory_turnover_ratio": 0.87,
            "account_receivable_turnover_ratio": 1.14,
            "reinvestment_rate": 3.5,
            "research_to_sale_ratio": 3.94,
            "price_fair": 125.13,
            "eps_avg_yearly": 3.58,
            "eps_latest_yearly": 3.24,
            "eps_growth_yearly": 187.6
        },
        "20192": {
            "year_quarter": 20192,
            "year": 2019,
            "quarter": 2,
            "eps": 0.77,
            "eps_growth_year": -12.5,
            "eps_4q": 4.16,
            "eps_4q_growth_year": 13.52,
            "roe": 2.85,
            "roe_4q": 15.57,
            "gross_profit": 57617,
            "gross_margin": 29.02,
            "gross_margin_4q_avg": 31.35,
            "net_income": 24925,
            "net_income_4q": null,
            "revenue": 198574,
            "revenue_4q": null,
            "common_shares": 319484,
            "book_valuer_per_share": 25.51,
            "book_valuer_per_share_4q_avg": 27.07,
            "equity": 821767,
            "current_ratio": 271.74,
            "debt_ratio": 25.79,
            "inventory_turnover_ratio": 0.97,
            "account_receivable_turnover_ratio": 1.25,
            "reinvestment_rate": 0.23,
            "research_to_sale_ratio": 4.06,
            "price_fair": 130.11,
            "eps_avg_yearly": 3.72,
            "eps_latest_yearly": 3.08,
            "eps_growth_yearly": 202.1
        },
        "20193": {
            "year_quarter": 20193,
            "year": 2019,
            "quarter": 3,
            "eps": 1.13,
            "eps_growth_year": -20.98,
            "eps_4q": 3.87,
            "eps_4q_growth_year": 4.09,
            "roe": 4.34,
            "roe_4q": 14.27,
            "gross_profit": 71592,
            "gross_margin": 33,
            "gross_margin_4q_avg": 31.18,
            "net_income": 36437,
            "net_income_4q": null,
            "revenue": 216918,
            "revenue_4q": null,
            "common_shares": 319484,
            "book_valuer_per_share": 26.58,
            "book_valuer_per_share_4q_avg": 27.19,
            "equity": 856068,
            "current_ratio": 405.43,
            "debt_ratio": 16.77,
            "inventory_turnover_ratio": 1.09,
            "account_receivable_turnover_ratio": 1.23,
            "reinvestment_rate": 0.08,
            "research_to_sale_ratio": 4.07,
            "price_fair": 129.24,
            "eps_avg_yearly": 3.69,
            "eps_latest_yearly": 4.52,
            "eps_growth_yearly": 85.04
        },
        "20194": {
            "year_quarter": 20194,
            "year": 2019,
            "quarter": 4,
            "eps": 1.03,
            "eps_growth_year": -11.2,
            "eps_4q": 3.74,
            "eps_4q_growth_year": -0.74,
            "roe": 3.81,
            "roe_4q": 13.83,
            "gross_profit": 67070,
            "gross_margin": 31.69,
            "gross_margin_4q_avg": 30.9,
            "net_income": 33039,
            "net_income_4q": null,
            "revenue": 211635,
            "revenue_4q": null,
            "common_shares": 319484,
            "book_valuer_per_share": 27.21,
            "book_valuer_per_share_4q_avg": 27.01,
            "equity": 876472,
            "current_ratio": 409.87,
            "debt_ratio": 16.79,
            "inventory_turnover_ratio": 1.16,
            "account_receivable_turnover_ratio": 1.13,
            "reinvestment_rate": 3.53,
            "research_to_sale_ratio": 4.02,
            "price_fair": 127.49,
            "eps_avg_yearly": 3.64,
            "eps_latest_yearly": 4.12,
            "eps_growth_yearly": 82.83
        },
        "20201": {
            "year_quarter": 20201,
            "year": 2020,
            "quarter": 1,
            "eps": 0.63,
            "eps_growth_year": -22.22,
            "eps_4q": 3.56,
            "eps_4q_growth_year": -16.71,
            "roe": 2.28,
            "roe_4q": 13.28,
            "gross_profit": 46963,
            "gross_margin": 30.23,
            "gross_margin_4q_avg": 30.99,
            "net_income": 20149,
            "net_income_4q": null,
            "revenue": 155358,
            "revenue_4q": null,
            "common_shares": 319484,
            "book_valuer_per_share": 27.59,
            "book_valuer_per_share_4q_avg": 26.72,
            "equity": 888750,
            "current_ratio": 448.72,
            "debt_ratio": 15.17,
            "inventory_turnover_ratio": 0.89,
            "account_receivable_turnover_ratio": 0.93,
            "reinvestment_rate": 8.36,
            "research_to_sale_ratio": 5.25,
            "price_fair": 128.36,
            "eps_avg_yearly": 3.67,
            "eps_latest_yearly": 2.52,
            "eps_growth_yearly": 87.35
        },
        "20202": {
            "year_quarter": 20202,
            "year": 2020,
            "quarter": 2,
            "eps": 0.91,
            "eps_growth_year": 18.18,
            "eps_4q": 3.7,
            "eps_4q_growth_year": -11.07,
            "roe": 3.44,
            "roe_4q": 13.87,
            "gross_profit": 51369,
            "gross_margin": 27.29,
            "gross_margin_4q_avg": 30.55,
            "net_income": 29260,
            "net_income_4q": null,
            "revenue": 188211,
            "revenue_4q": null,
            "common_shares": 319484,
            "book_valuer_per_share": 25.22,
            "book_valuer_per_share_4q_avg": 26.65,
            "equity": 812579,
            "current_ratio": 250.79,
            "debt_ratio": 28.19,
            "inventory_turnover_ratio": 1.03,
            "account_receivable_turnover_ratio": 1.19,
            "reinvestment_rate": 6.14,
            "research_to_sale_ratio": 3.95,
            "price_fair": 128.98,
            "eps_avg_yearly": 3.69,
            "eps_latest_yearly": 3.64,
            "eps_growth_yearly": 83.84
        },
        "20203": {
            "year_quarter": 20203,
            "year": 2020,
            "quarter": 3,
            "eps": 1.34,
            "eps_growth_year": 18.58,
            "eps_4q": 3.9,
            "eps_4q_growth_year": 0.93,
            "roe": 5.19,
            "roe_4q": 14.72,
            "gross_profit": 71904,
            "gross_margin": 29.45,
            "gross_margin_4q_avg": 29.67,
            "net_income": 43157,
            "net_income_4q": null,
            "revenue": 244139,
            "revenue_4q": null,
            "common_shares": 319484,
            "book_valuer_per_share": 26.41,
            "book_valuer_per_share_4q_avg": 26.61,
            "equity": 851319,
            "current_ratio": 275.99,
            "debt_ratio": 25.68,
            "inventory_turnover_ratio": 1.17,
            "account_receivable_turnover_ratio": 1.27,
            "reinvestment_rate": 6.84,
            "research_to_sale_ratio": 3.44,
            "price_fair": 132.56,
            "eps_avg_yearly": 3.79,
            "eps_latest_yearly": 5.36,
            "eps_growth_yearly": 92.97
        },
        "20204": {
            "year_quarter": 20204,
            "year": 2020,
            "quarter": 4,
            "eps": 1.52,
            "eps_growth_year": 48.12,
            "eps_4q": 4.23,
            "eps_4q_growth_year": 13.09,
            "roe": 5.59,
            "roe_4q": 16.5,
            "gross_profit": 78501,
            "gross_margin": 27.94,
            "gross_margin_4q_avg": 28.73,
            "net_income": 51732,
            "net_income_4q": null,
            "revenue": 280938,
            "revenue_4q": null,
            "common_shares": 339484,
            "book_valuer_per_share": 29.26,
            "book_valuer_per_share_4q_avg": 27.12,
            "equity": 1000849,
            "current_ratio": 400.69,
            "debt_ratio": 25.32,
            "inventory_turnover_ratio": 1.29,
            "account_receivable_turnover_ratio": 1.24,
            "reinvestment_rate": 9.64,
            "research_to_sale_ratio": 2.98,
            "price_fair": 137.11,
            "eps_avg_yearly": 3.92,
            "eps_latest_yearly": 6.08,
            "eps_growth_yearly": 94.45
        },
        "20211": {
            "year_quarter": 20211,
            "year": 2021,
            "quarter": 1,
            "eps": 0.99,
            "eps_growth_year": 57.14,
            "eps_4q": 4.47,
            "eps_4q_growth_year": 25.53,
            "roe": 3.21,
            "roe_4q": 17.430000000000003,
            "gross_profit": 68043,
            "gross_margin": 25.52,
            "gross_margin_4q_avg": 27.55,
            "net_income": 33871,
            "net_income_4q": null,
            "revenue": 266671,
            "revenue_4q": null,
            "common_shares": 352148,
            "book_valuer_per_share": 31.24,
            "book_valuer_per_share_4q_avg": 28.03,
            "equity": 1107974,
            "current_ratio": 395.18,
            "debt_ratio": 19.74,
            "inventory_turnover_ratio": 1.16,
            "account_receivable_turnover_ratio": 1.05,
            "reinvestment_rate": 5.71,
            "research_to_sale_ratio": 3.1,
            "price_fair": 143.06,
            "eps_avg_yearly": 4.09,
            "eps_latest_yearly": 3.96,
            "eps_growth_yearly": 102.98
        },
        "20212": {
            "year_quarter": 20212,
            "year": 2021,
            "quarter": 2,
            "eps": 1.33,
            "eps_growth_year": 46.15,
            "eps_4q": 4.96,
            "eps_4q_growth_year": 33.94,
            "roe": 4.14,
            "roe_4q": 18.13,
            "gross_profit": 88632,
            "gross_margin": 26.16,
            "gross_margin_4q_avg": 27.27,
            "net_income": 46690,
            "net_income_4q": null,
            "revenue": 338869,
            "revenue_4q": null,
            "common_shares": 352194,
            "book_valuer_per_share": 32.35,
            "book_valuer_per_share_4q_avg": 29.82,
            "equity": 1146723,
            "current_ratio": 382.22,
            "debt_ratio": 19.72,
            "inventory_turnover_ratio": 1.42,
            "account_receivable_turnover_ratio": 1.23,
            "reinvestment_rate": 4.04,
            "research_to_sale_ratio": 2.46,
            "price_fair": 147.35,
            "eps_avg_yearly": 4.21,
            "eps_latest_yearly": 5.32,
            "eps_growth_yearly": 68.83
        },
        "20213": {
            "year_quarter": 20213,
            "year": 2021,
            "quarter": 3,
            "eps": 1.3,
            "eps_growth_year": -2.99,
            "eps_4q": 5.05,
            "eps_4q_growth_year": 29.34,
            "roe": 4.16,
            "roe_4q": 17.1,
            "gross_profit": 91174,
            "gross_margin": 28.8,
            "gross_margin_4q_avg": 27.11,
            "net_income": 46080,
            "net_income_4q": null,
            "revenue": 316550,
            "revenue_4q": null,
            "common_shares": 352275,
            "book_valuer_per_share": 30.16,
            "book_valuer_per_share_4q_avg": 30.75,
            "equity": 1070047,
            "current_ratio": 280.47,
            "debt_ratio": 36.28,
            "inventory_turnover_ratio": 1.24,
            "account_receivable_turnover_ratio": 1.14,
            "reinvestment_rate": 79,
            "research_to_sale_ratio": 2.29,
            "price_fair": 146.04,
            "eps_avg_yearly": 4.17,
            "eps_latest_yearly": 5.2,
            "eps_growth_yearly": 50.11
        },
        "20214": {
            "year_quarter": 20214,
            "year": 2021,
            "quarter": 4,
            "eps": 1.28,
            "eps_growth_year": -15.76,
            "eps_4q": 4.86,
            "eps_4q_growth_year": 15.06,
            "roe": 4.15,
            "roe_4q": 15.66,
            "gross_profit": 80438,
            "gross_margin": 31.5,
            "gross_margin_4q_avg": 28,
            "net_income": 45662,
            "net_income_4q": null,
            "revenue": 255387,
            "revenue_4q": null,
            "common_shares": 352275,
            "book_valuer_per_share": 31.9,
            "book_valuer_per_share_4q_avg": 31.41,
            "equity": 1131888,
            "current_ratio": 344.99,
            "debt_ratio": 31.42,
            "inventory_turnover_ratio": 0.95,
            "account_receivable_turnover_ratio": 0.98,
            "reinvestment_rate": 86.67,
            "research_to_sale_ratio": 2.68,
            "price_fair": 147.09,
            "eps_avg_yearly": 4.2,
            "eps_latest_yearly": 5.12,
            "eps_growth_yearly": 54.72
        },
        "20221": {
            "year_quarter": 20221,
            "year": 2022,
            "quarter": 1,
            "eps": 0.34,
            "eps_growth_year": -65.66,
            "eps_4q": 4.25,
            "eps_4q_growth_year": -4.87,
            "roe": 1.11,
            "roe_4q": 13.560000000000002,
            "gross_profit": 40896,
            "gross_margin": 23.96,
            "gross_margin_4q_avg": 27.61,
            "net_income": 12727,
            "net_income_4q": null,
            "revenue": 170649,
            "revenue_4q": null,
            "common_shares": 352275,
            "book_valuer_per_share": 32.75,
            "book_valuer_per_share_4q_avg": 31.79,
            "equity": 1162468,
            "current_ratio": 404.97,
            "debt_ratio": 29.1,
            "inventory_turnover_ratio": 0.75,
            "account_receivable_turnover_ratio": 0.81,
            "reinvestment_rate": 86.37,
            "research_to_sale_ratio": 4.34,
            "price_fair": 147.35,
            "eps_avg_yearly": 4.21,
            "eps_latest_yearly": 1.36,
            "eps_growth_yearly": 54.68
        },
        "20222": {
            "year_quarter": 20222,
            "year": 2022,
            "quarter": 2,
            "eps": 0.48,
            "eps_growth_year": -63.91,
            "eps_4q": 3.41,
            "eps_4q_growth_year": -31.27,
            "roe": 1.57,
            "roe_4q": 10.99,
            "gross_profit": 27515,
            "gross_margin": 22.36,
            "gross_margin_4q_avg": 26.66,
            "net_income": 17321,
            "net_income_4q": null,
            "revenue": 123037,
            "revenue_4q": null,
            "common_shares": 352275,
            "book_valuer_per_share": 29.45,
            "book_valuer_per_share_4q_avg": 31.07,
            "equity": 1046079,
            "current_ratio": 220.36,
            "debt_ratio": 35.08,
            "inventory_turnover_ratio": 0.54,
            "account_receivable_turnover_ratio": 0.87,
            "reinvestment_rate": 98.1,
            "research_to_sale_ratio": 4.88,
            "price_fair": 119.23,
            "eps_avg_yearly": 4.11,
            "eps_latest_yearly": 1.92,
            "eps_growth_yearly": 19.01
        },
        "20223": {
            "year_quarter": 20223,
            "year": 2022,
            "quarter": 3,
            "eps": 3.42,
            "eps_growth_year": 163.08,
            "eps_4q": 5.3,
            "eps_4q_growth_year": 4.95,
            "roe": 10.5,
            "roe_4q": 17.33,
            "gross_profit": 69042,
            "gross_margin": 30.32,
            "gross_margin_4q_avg": 27.04,
            "net_income": 125796,
            "net_income_4q": null,
            "revenue": 227736,
            "revenue_4q": null,
            "common_shares": 372275,
            "book_valuer_per_share": 35.17,
            "book_valuer_per_share_4q_avg": 32.32,
            "equity": 1349006,
            "current_ratio": 200.72,
            "debt_ratio": 34.41,
            "inventory_turnover_ratio": 0.83,
            "account_receivable_turnover_ratio": 1.6,
            "reinvestment_rate": 96.47,
            "research_to_sale_ratio": 2.16,
            "price_fair": 161.26,
            "eps_avg_yearly": 4.61,
            "eps_latest_yearly": 13.68,
            "eps_growth_yearly": 156.51
        },
        "20224": {
            "year_quarter": 20224,
            "year": 2022,
            "quarter": 4,
            "eps": 0.97,
            "eps_growth_year": -24.24,
            "eps_4q": 5.05,
            "eps_4q_growth_year": 3.93,
            "roe": 3.16,
            "roe_4q": 16.34,
            "gross_profit": 115266,
            "gross_margin": 32.61,
            "gross_margin_4q_avg": 27.31,
            "net_income": 43185,
            "net_income_4q": null,
            "revenue": 353468,
            "revenue_4q": null,
            "common_shares": 372560,
            "book_valuer_per_share": 35.82,
            "book_valuer_per_share_4q_avg": 33.3,
            "equity": 1381415,
            "current_ratio": 201.12,
            "debt_ratio": 34.45,
            "inventory_turnover_ratio": 1.25,
            "account_receivable_turnover_ratio": 1.92,
            "reinvestment_rate": 95.6,
            "research_to_sale_ratio": 1.18,
            "price_fair": 159.69,
            "eps_avg_yearly": 4.56,
            "eps_latest_yearly": 3.88,
            "eps_growth_yearly": 143.49
        },
        "20231": {
            "year_quarter": 20231,
            "year": 2023,
            "quarter": 1,
            "eps": 0.26,
            "eps_growth_year": -23.53,
            "eps_4q": 4.95,
            "eps_4q_growth_year": 16.5,
            "roe": 1.11,
            "roe_4q": 16.34,
            "gross_profit": 71326,
            "gross_margin": 29.98,
            "gross_margin_4q_avg": 28.82,
            "net_income": 15024,
            "net_income_4q": null,
            "revenue": 237909,
            "revenue_4q": null,
            "common_shares": 372560,
            "book_valuer_per_share": 34.14,
            "book_valuer_per_share_4q_avg": 33.65,
            "equity": 1324284,
            "current_ratio": 179.57,
            "debt_ratio": 36.21,
            "inventory_turnover_ratio": 0.94,
            "account_receivable_turnover_ratio": 1.43,
            "reinvestment_rate": 97.33,
            "research_to_sale_ratio": 1.95,
            "price_fair": 154.88,
            "eps_avg_yearly": 4.43,
            "eps_latest_yearly": 1.04,
            "eps_growth_yearly": 132.59
        },
        "20232": {
            "year_quarter": 20232,
            "year": 2023,
            "quarter": 2,
            "eps": 0.6,
            "eps_growth_year": 25,
            "eps_4q": 4.81,
            "eps_4q_growth_year": 41.18,
            "roe": 2.37,
            "roe_4q": 17.14,
            "gross_profit": 90687,
            "gross_margin": 32.8,
            "gross_margin_4q_avg": 31.43,
            "net_income": 31713,
            "net_income_4q": null,
            "revenue": 276515,
            "revenue_4q": null,
            "common_shares": 375443,
            "book_valuer_per_share": 34.69,
            "book_valuer_per_share_4q_avg": 34.96,
            "equity": 1349882,
            "current_ratio": 186.45,
            "debt_ratio": 35.04,
            "inventory_turnover_ratio": 1.1,
            "account_receivable_turnover_ratio": 2.13,
            "reinvestment_rate": 100.82,
            "research_to_sale_ratio": 1.5,
            "price_fair": 153.39,
            "eps_avg_yearly": 4.38,
            "eps_latest_yearly": 2.4,
            "eps_growth_yearly": 166.51
        },
        "20233": {
            "year_quarter": 20233,
            "year": 2023,
            "quarter": 3,
            "eps": 0.22,
            "eps_growth_year": -93.57,
            "eps_4q": 1.92,
            "eps_4q_growth_year": -63.68,
            "roe": 1.12,
            "roe_4q": 7.760000000000001,
            "gross_profit": 85067,
            "gross_margin": 31.75,
            "gross_margin_4q_avg": 31.79,
            "net_income": 15314,
            "net_income_4q": null,
            "revenue": 267939,
            "revenue_4q": null,
            "common_shares": 397829,
            "book_valuer_per_share": 33.19,
            "book_valuer_per_share_4q_avg": 34.46,
            "equity": 1374973,
            "current_ratio": 208.07,
            "debt_ratio": 32.78,
            "inventory_turnover_ratio": 1.09,
            "account_receivable_turnover_ratio": 2.03,
            "reinvestment_rate": 105.19,
            "research_to_sale_ratio": 1.59,
            "price_fair": 145.43,
            "eps_avg_yearly": 4.16,
            "eps_latest_yearly": 0.88,
            "eps_growth_yearly": 138.99
        }
    },
    "months": {
        "2010-09": {
            "month": "2010-09",
            "price": "40.48",
            "revenue": 61743
        },
        "2010-10": {
            "month": "2010-10",
            "price": "38.13",
            "revenue": 60242
        },
        "2010-11": {
            "month": "2010-11",
            "price": "36.78",
            "revenue": 54025
        },
        "2010-12": {
            "month": "2010-12",
            "price": "37.59",
            "revenue": 45748
        },
        "2011-01": {
            "month": "2011-01",
            "price": "38.28",
            "revenue": 47173
        },
        "2011-02": {
            "month": "2011-02",
            "price": "40.55",
            "revenue": 30500
        },
        "2011-03": {
            "month": "2011-03",
            "price": "37.75",
            "revenue": 56987
        },
        "2011-04": {
            "month": "2011-04",
            "price": "36.65",
            "revenue": 37250
        },
        "2011-05": {
            "month": "2011-05",
            "price": "38.18",
            "revenue": 47648
        },
        "2011-06": {
            "month": "2011-06",
            "price": "38.58",
            "revenue": 33553
        },
        "2011-07": {
            "month": "2011-07",
            "price": "37.79",
            "revenue": 50743
        },
        "2011-08": {
            "month": "2011-08",
            "price": "35.26",
            "revenue": 56996
        },
        "2011-09": {
            "month": "2011-09",
            "price": "31.49",
            "revenue": 61891
        },
        "2011-10": {
            "month": "2011-10",
            "price": "31.52",
            "revenue": 64588
        },
        "2011-11": {
            "month": "2011-11",
            "price": "31.33",
            "revenue": 69876
        },
        "2011-12": {
            "month": "2011-12",
            "price": "30.20",
            "revenue": 65013
        },
        "2012-01": {
            "month": "2012-01",
            "price": "30.09",
            "revenue": 53719
        },
        "2012-02": {
            "month": "2012-02",
            "price": "33.68",
            "revenue": 47794
        },
        "2012-03": {
            "month": "2012-03",
            "price": "37.18",
            "revenue": 41921
        },
        "2012-04": {
            "month": "2012-04",
            "price": "33.66",
            "revenue": 54877
        },
        "2012-05": {
            "month": "2012-05",
            "price": "34.89",
            "revenue": 52204
        },
        "2012-06": {
            "month": "2012-06",
            "price": "31.57",
            "revenue": 39416
        },
        "2012-07": {
            "month": "2012-07",
            "price": "28.49",
            "revenue": 60746
        },
        "2012-08": {
            "month": "2012-08",
            "price": "28.47",
            "revenue": 67131
        },
        "2012-09": {
            "month": "2012-09",
            "price": "28.69",
            "revenue": 52544
        },
        "2012-10": {
            "month": "2012-10",
            "price": "27.12",
            "revenue": 58390
        },
        "2012-11": {
            "month": "2012-11",
            "price": "24.16",
            "revenue": 64148
        },
        "2012-12": {
            "month": "2012-12",
            "price": "26.09",
            "revenue": 48322
        },
        "2013-01": {
            "month": "2013-01",
            "price": "25.67",
            "revenue": 70211
        },
        "2013-02": {
            "month": "2013-02",
            "price": "26.36",
            "revenue": 45340
        },
        "2013-03": {
            "month": "2013-03",
            "price": "28.13",
            "revenue": 68419
        },
        "2013-04": {
            "month": "2013-04",
            "price": "28.10",
            "revenue": 56875
        },
        "2013-05": {
            "month": "2013-05",
            "price": "27.94",
            "revenue": 58623
        },
        "2013-06": {
            "month": "2013-06",
            "price": "29.16",
            "revenue": 51622
        },
        "2013-07": {
            "month": "2013-07",
            "price": "27.66",
            "revenue": 77343
        },
        "2013-08": {
            "month": "2013-08",
            "price": "26.04",
            "revenue": 82039
        },
        "2013-09": {
            "month": "2013-09",
            "price": "26.35",
            "revenue": 69672
        },
        "2013-10": {
            "month": "2013-10",
            "price": "25.81",
            "revenue": 84869
        },
        "2013-11": {
            "month": "2013-11",
            "price": "26.48",
            "revenue": 84332
        },
        "2013-12": {
            "month": "2013-12",
            "price": "28.89",
            "revenue": 73054
        },
        "2014-01": {
            "month": "2014-01",
            "price": "31.38",
            "revenue": 61526
        },
        "2014-02": {
            "month": "2014-02",
            "price": "32.39",
            "revenue": 54244
        },
        "2014-03": {
            "month": "2014-03",
            "price": "47.10",
            "revenue": 71812
        },
        "2014-04": {
            "month": "2014-04",
            "price": "44.52",
            "revenue": 82987
        },
        "2014-05": {
            "month": "2014-05",
            "price": "45.34",
            "revenue": 67371
        },
        "2014-06": {
            "month": "2014-06",
            "price": "46.32",
            "revenue": 70668
        },
        "2014-07": {
            "month": "2014-07",
            "price": "46.64",
            "revenue": 77060
        },
        "2014-08": {
            "month": "2014-08",
            "price": "41.11",
            "revenue": 84629
        },
        "2014-09": {
            "month": "2014-09",
            "price": "41.42",
            "revenue": 91137
        },
        "2014-10": {
            "month": "2014-10",
            "price": "41.09",
            "revenue": 85292
        },
        "2014-11": {
            "month": "2014-11",
            "price": "40.60",
            "revenue": 79495
        },
        "2014-12": {
            "month": "2014-12",
            "price": "44.04",
            "revenue": 81903
        },
        "2015-01": {
            "month": "2015-01",
            "price": "43.56",
            "revenue": 82342
        },
        "2015-02": {
            "month": "2015-02",
            "price": "45.54",
            "revenue": 41001
        },
        "2015-03": {
            "month": "2015-03",
            "price": "47.85",
            "revenue": 78607
        },
        "2015-04": {
            "month": "2015-04",
            "price": "49.76",
            "revenue": 62249
        },
        "2015-05": {
            "month": "2015-05",
            "price": "46.71",
            "revenue": 66942
        },
        "2015-06": {
            "month": "2015-06",
            "price": "44.90",
            "revenue": 55763
        },
        "2015-07": {
            "month": "2015-07",
            "price": "45.12",
            "revenue": 84812
        },
        "2015-08": {
            "month": "2015-08",
            "price": "40.49",
            "revenue": 79629
        },
        "2015-09": {
            "month": "2015-09",
            "price": "39.51",
            "revenue": 71216
        },
        "2015-10": {
            "month": "2015-10",
            "price": "37.56",
            "revenue": 74384
        },
        "2015-11": {
            "month": "2015-11",
            "price": "39.41",
            "revenue": 80259
        },
        "2015-12": {
            "month": "2015-12",
            "price": "38.70",
            "revenue": 69520
        },
        "2016-01": {
            "month": "2016-01",
            "price": "37.23",
            "revenue": 74014
        },
        "2016-02": {
            "month": "2016-02",
            "price": "38.12",
            "revenue": 37018
        },
        "2016-03": {
            "month": "2016-03",
            "price": "40.23",
            "revenue": 68777
        },
        "2016-04": {
            "month": "2016-04",
            "price": "41.14",
            "revenue": 67185
        },
        "2016-05": {
            "month": "2016-05",
            "price": "39.65",
            "revenue": 58346
        },
        "2016-06": {
            "month": "2016-06",
            "price": "39.81",
            "revenue": 73337
        },
        "2016-07": {
            "month": "2016-07",
            "price": "40.51",
            "revenue": 79263
        },
        "2016-08": {
            "month": "2016-08",
            "price": "39.25",
            "revenue": 75072
        },
        "2016-09": {
            "month": "2016-09",
            "price": "39.34",
            "revenue": 71886
        },
        "2016-10": {
            "month": "2016-10",
            "price": "38.43",
            "revenue": 66618
        },
        "2016-11": {
            "month": "2016-11",
            "price": "38.93",
            "revenue": 71516
        },
        "2016-12": {
            "month": "2016-12",
            "price": "39.55",
            "revenue": 62161
        },
        "2017-01": {
            "month": "2017-01",
            "price": "39.59",
            "revenue": 56889
        },
        "2017-02": {
            "month": "2017-02",
            "price": "39.55",
            "revenue": 46704
        },
        "2017-03": {
            "month": "2017-03",
            "price": "39.76",
            "revenue": 68727
        },
        "2017-04": {
            "month": "2017-04",
            "price": "40.90",
            "revenue": 55697
        },
        "2017-05": {
            "month": "2017-05",
            "price": "41.25",
            "revenue": 65950
        },
        "2017-06": {
            "month": "2017-06",
            "price": "41.05",
            "revenue": 64427
        },
        "2017-07": {
            "month": "2017-07",
            "price": "40.88",
            "revenue": 77944
        },
        "2017-08": {
            "month": "2017-08",
            "price": "39.79",
            "revenue": 78912
        },
        "2017-09": {
            "month": "2017-09",
            "price": "40.38",
            "revenue": 94566
        },
        "2017-10": {
            "month": "2017-10",
            "price": "42.46",
            "revenue": 77501
        },
        "2017-11": {
            "month": "2017-11",
            "price": "44.50",
            "revenue": 75182
        },
        "2017-12": {
            "month": "2017-12",
            "price": "47.63",
            "revenue": 71922
        },
        "2018-01": {
            "month": "2018-01",
            "price": "48.36",
            "revenue": 61429
        },
        "2018-02": {
            "month": "2018-02",
            "price": "45.95",
            "revenue": 35370
        },
        "2018-03": {
            "month": "2018-03",
            "price": "48.24",
            "revenue": 59218
        },
        "2018-04": {
            "month": "2018-04",
            "price": "49.50",
            "revenue": 61899
        },
        "2018-05": {
            "month": "2018-05",
            "price": "47.18",
            "revenue": 62945
        },
        "2018-06": {
            "month": "2018-06",
            "price": "47.11",
            "revenue": 51240
        },
        "2018-07": {
            "month": "2018-07",
            "price": "42.56",
            "revenue": 84451
        },
        "2018-08": {
            "month": "2018-08",
            "price": "43.60",
            "revenue": 89858
        },
        "2018-09": {
            "month": "2018-09",
            "price": "43.15",
            "revenue": 73617
        },
        "2018-10": {
            "month": "2018-10",
            "price": "40.49",
            "revenue": 75619
        },
        "2018-11": {
            "month": "2018-11",
            "price": "39.40",
            "revenue": 78602
        },
        "2018-12": {
            "month": "2018-12",
            "price": "40.76",
            "revenue": 67112
        },
        "2019-01": {
            "month": "2019-01",
            "price": "41.38",
            "revenue": 73618
        },
        "2019-02": {
            "month": "2019-02",
            "price": "45.20",
            "revenue": 40416
        },
        "2019-03": {
            "month": "2019-03",
            "price": "50.17",
            "revenue": 74097
        },
        "2019-04": {
            "month": "2019-04",
            "price": "52.54",
            "revenue": 68716
        },
        "2019-05": {
            "month": "2019-05",
            "price": "53.87",
            "revenue": 65678
        },
        "2019-06": {
            "month": "2019-06",
            "price": "56.52",
            "revenue": 63480
        },
        "2019-07": {
            "month": "2019-07",
            "price": "54.68",
            "revenue": 70532
        },
        "2019-08": {
            "month": "2019-08",
            "price": "49.85",
            "revenue": 69156
        },
        "2019-09": {
            "month": "2019-09",
            "price": "48.14",
            "revenue": 75936
        },
        "2019-10": {
            "month": "2019-10",
            "price": "48.24",
            "revenue": 73082
        },
        "2019-11": {
            "month": "2019-11",
            "price": "49.49",
            "revenue": 66244
        },
        "2019-12": {
            "month": "2019-12",
            "price": "50.10",
            "revenue": 73555
        },
        "2020-01": {
            "month": "2020-01",
            "price": "50.40",
            "revenue": 43151
        },
        "2020-02": {
            "month": "2020-02",
            "price": "49.28",
            "revenue": 52042
        },
        "2020-03": {
            "month": "2020-03",
            "price": "43.34",
            "revenue": 60177
        },
        "2020-04": {
            "month": "2020-04",
            "price": "43.93",
            "revenue": 60912
        },
        "2020-05": {
            "month": "2020-05",
            "price": "47.14",
            "revenue": 60387
        },
        "2020-06": {
            "month": "2020-06",
            "price": "54.35",
            "revenue": 66610
        },
        "2020-07": {
            "month": "2020-07",
            "price": "58.33",
            "revenue": 78308
        },
        "2020-08": {
            "month": "2020-08",
            "price": "57.09",
            "revenue": 78358
        },
        "2020-09": {
            "month": "2020-09",
            "price": "59.30",
            "revenue": 87587
        },
        "2020-10": {
            "month": "2020-10",
            "price": "59.94",
            "revenue": 86730
        },
        "2020-11": {
            "month": "2020-11",
            "price": "60.17",
            "revenue": 101123
        },
        "2020-12": {
            "month": "2020-12",
            "price": "60.54",
            "revenue": 93224
        },
        "2021-01": {
            "month": "2021-01",
            "price": "112.66",
            "revenue": 108688
        },
        "2021-02": {
            "month": "2021-02",
            "price": "122.88",
            "revenue": 69112
        },
        "2021-03": {
            "month": "2021-03",
            "price": "115.55",
            "revenue": 87977
        },
        "2021-04": {
            "month": "2021-04",
            "price": "119.37",
            "revenue": 117827
        },
        "2021-05": {
            "month": "2021-05",
            "price": "98.20",
            "revenue": 109194
        },
        "2021-06": {
            "month": "2021-06",
            "price": "95.83",
            "revenue": 112708
        },
        "2021-07": {
            "month": "2021-07",
            "price": "102.86",
            "revenue": 121965
        },
        "2021-08": {
            "month": "2021-08",
            "price": "99.35",
            "revenue": 106696
        },
        "2021-09": {
            "month": "2021-09",
            "price": "95.81",
            "revenue": 87892
        },
        "2021-10": {
            "month": "2021-10",
            "price": "86.61",
            "revenue": 87714
        },
        "2021-11": {
            "month": "2021-11",
            "price": "87.41",
            "revenue": 84992
        },
        "2021-12": {
            "month": "2021-12",
            "price": "82.46",
            "revenue": 76689
        },
        "2022-01": {
            "month": "2022-01",
            "price": "81.87",
            "revenue": 67383
        },
        "2022-02": {
            "month": "2022-02",
            "price": "82.30",
            "revenue": 55670
        },
        "2022-03": {
            "month": "2022-03",
            "price": "73.16",
            "revenue": 47663
        },
        "2022-04": {
            "month": "2022-04",
            "price": "70.33",
            "revenue": 51202
        },
        "2022-05": {
            "month": "2022-05",
            "price": "62.78",
            "revenue": 28980
        },
        "2022-06": {
            "month": "2022-06",
            "price": "53.03",
            "revenue": 42582
        },
        "2022-07": {
            "month": "2022-07",
            "price": "48.83",
            "revenue": 64189
        },
        "2022-08": {
            "month": "2022-08",
            "price": "62.00",
            "revenue": 69599
        },
        "2022-09": {
            "month": "2022-09",
            "price": "64.85",
            "revenue": 94045
        },
        "2022-10": {
            "month": "2022-10",
            "price": "60.67",
            "revenue": 109029
        },
        "2022-11": {
            "month": "2022-11",
            "price": "67.22",
            "revenue": 119655
        },
        "2022-12": {
            "month": "2022-12",
            "price": "71.51",
            "revenue": 123901
        },
        "2023-01": {
            "month": "2023-01",
            "price": "70.42",
            "revenue": 83621
        },
        "2023-02": {
            "month": "2023-02",
            "price": "78.61",
            "revenue": 67759
        },
        "2023-03": {
            "month": "2023-03",
            "price": "80.00",
            "revenue": 86498
        },
        "2023-04": {
            "month": "2023-04",
            "price": "77.09",
            "revenue": 81785
        },
        "2023-05": {
            "month": "2023-05",
            "price": "75.61",
            "revenue": 97070
        },
        "2023-06": {
            "month": "2023-06",
            "price": "77.30",
            "revenue": 97607
        },
        "2023-07": {
            "month": "2023-07",
            "price": "76.80",
            "revenue": 93338
        },
        "2023-08": {
            "month": "2023-08",
            "price": "69.62",
            "revenue": 85923
        },
        "2023-09": {
            "month": "2023-09",
            "price": "64.27",
            "revenue": 88537
        },
        "2023-10": {
            "month": "2023-10",
            "price": "60.83",
            "revenue": 87937
        },
        "2023-11": {
            "month": "2023-11",
            "price": "56.00",
            "revenue": 81865
        },
        "2023-12": {
            "month": "2023-12",
            "price": "52.54",
            "revenue": 113317
        }
    }
}
