{
    "summary": {
        "stock_name": "川寶",
        "stock_id": "1595",
        "category": "電子零組件",
        "main_business": "電子零組件製造業<br>設計、研發、生產CCD自動對位曝光機",
        "website_url": "http://www.cbtech.com.tw/",
        "ceo": "張鴻明",
        "pe_ratio": 28,
        "report_year_from": 2009,
        "report_year_to": 2023,
        "age": 15,
        "eps_negative_percentage": 0,
        "eps_growth_avg": {
            "last_all": -12.4,
            "last_2y": 18.08,
            "last_4y": -17.53,
            "last_8y": -15.53,
            "last_12y": null,
            "last_16y": null,
            "last_20y": null,
            "at_2006_last_3y": null,
            "at_2007_last_3y": null,
            "at_2008_last_3y": null,
            "at_2009_last_3y": null,
            "at_2010_last_3y": null,
            "at_2011_last_3y": null,
            "at_2012_last_3y": null,
            "at_2013_last_3y": null,
            "at_2014_last_3y": null,
            "at_2015_last_3y": -9.35,
            "at_2016_last_3y": -24.79,
            "at_2017_last_3y": 1.83,
            "at_2018_last_3y": -13.03,
            "at_2019_last_3y": -18.59,
            "at_2020_last_3y": -19.86,
            "at_2021_last_3y": -19.86,
            "at_2022_last_3y": -4.69,
            "at_2023_last_3y": -9.26,
            "at_2024_last_3y": -9.26,
            "at_2006_last_all": null,
            "at_2007_last_all": null,
            "at_2008_last_all": null,
            "at_2009_last_all": null,
            "at_2010_last_all": null,
            "at_2011_last_all": null,
            "at_2012_last_all": null,
            "at_2013_last_all": -15.45,
            "at_2014_last_all": -3.01,
            "at_2015_last_all": -9.35,
            "at_2016_last_all": -24.72,
            "at_2017_last_all": -3.93,
            "at_2018_last_all": -8.74,
            "at_2019_last_all": -13.97,
            "at_2020_last_all": -22.56,
            "at_2021_last_all": -10.3,
            "at_2022_last_all": -7.27,
            "at_2023_last_all": -12.4,
            "at_2024_last_all": -12.4
        },
        "latest_eps": 1.37,
        "latest_price": 37.75,
        "latest_roe": 2.38,
        "latest_gross_margin": 23.51,
        "latest_equity": 2665475,
        "latest_revenue": 338969,
        "latest_gross_profit": 79694,
        "latest_net_income": 25895,
        "latest_debt_ratio": 40.97,
        "latest_current_ratio": 210.16,
        "latest_account_receivable_turnover_ratio": 0.89,
        "latest_inventory_turnover_ratio": 0.16,
        "latest_reinvestment_rate": 50.72,
        "latest_research_to_sale_ratio": 4.82
    },
    "eps_dividends": {
        "2001": {
            "cash": 0,
            "stock": 0,
            "eps": 0
        },
        "2002": {
            "cash": 0,
            "stock": 0,
            "eps": 0
        },
        "2003": {
            "cash": 0,
            "stock": 0,
            "eps": 0
        },
        "2004": {
            "cash": 0,
            "stock": 0,
            "eps": 0
        },
        "2005": {
            "cash": 0,
            "stock": 0,
            "eps": 0
        },
        "2006": {
            "cash": 0,
            "stock": 0,
            "eps": 0
        },
        "2007": {
            "cash": 0,
            "stock": 0,
            "eps": 0
        },
        "2008": {
            "cash": 0,
            "stock": 0,
            "eps": 0
        },
        "2009": {
            "cash": 3.5,
            "stock": 1.5,
            "eps": 0
        },
        "2010": {
            "cash": 2,
            "stock": 0.5,
            "eps": 0
        },
        "2011": {
            "cash": 3,
            "stock": 0,
            "eps": 8.8
        },
        "2012": {
            "cash": 4.5,
            "stock": 0.5,
            "eps": 6.65
        },
        "2013": {
            "cash": 3.5,
            "stock": 0,
            "eps": 6.22
        },
        "2014": {
            "cash": 3.5,
            "stock": 0,
            "eps": 7.58
        },
        "2015": {
            "cash": 4.5,
            "stock": 0,
            "eps": 5.43
        },
        "2016": {
            "cash": 2.7,
            "stock": 0.5,
            "eps": 0.75
        },
        "2017": {
            "cash": 1.5,
            "stock": 0,
            "eps": 6.68
        },
        "2018": {
            "cash": 4,
            "stock": 0,
            "eps": 4.17
        },
        "2019": {
            "cash": 2.5,
            "stock": 0,
            "eps": 2.06
        },
        "2020": {
            "cash": 1.25,
            "stock": 0,
            "eps": 0.18
        },
        "2021": {
            "cash": 0.5,
            "stock": 0,
            "eps": 3.94
        },
        "2022": {
            "cash": 2,
            "stock": 0,
            "eps": 4.85
        },
        "2023": {
            "cash": 2,
            "stock": 0,
            "eps": 1.51
        }
    },
    "dividends": {
        "2009-07-31": {
            "cash": 3.5,
            "stock": 1.5
        },
        "2010-06-15": {
            "cash": 2,
            "stock": 0.5
        },
        "2011-03-15": {
            "cash": 3,
            "stock": 0
        },
        "2012-02-22": {
            "cash": 4.5,
            "stock": 0.5
        },
        "2013-06-13": {
            "cash": 3.5,
            "stock": 0
        },
        "2014-06-20": {
            "cash": 3.5,
            "stock": 0
        },
        "2015-08-10": {
            "cash": 4.5,
            "stock": 0
        },
        "2016-09-20": {
            "cash": 2.7,
            "stock": 0.5
        },
        "2017-08-10": {
            "cash": 1.5,
            "stock": 0
        },
        "2018-08-07": {
            "cash": 4,
            "stock": 0
        },
        "2019-08-05": {
            "cash": 2.5,
            "stock": 0
        },
        "2020-08-12": {
            "cash": 1.25,
            "stock": 0
        },
        "2021-08-24": {
            "cash": 0.5,
            "stock": 0
        },
        "2022-07-29": {
            "cash": 2,
            "stock": 0
        },
        "2023-08-01": {
            "cash": 2,
            "stock": 0
        }
    },
    "prices": {
        "200101": "無",
        "200102": "無",
        "200103": "無",
        "200104": "無",
        "200105": "無",
        "200106": "無",
        "200107": "無",
        "200108": "無",
        "200109": "無",
        "200110": "無",
        "200111": "無",
        "200112": "無",
        "200201": "無",
        "200202": "無",
        "200203": "無",
        "200204": "無",
        "200205": "無",
        "200206": "無",
        "200207": "無",
        "200208": "無",
        "200209": "無",
        "200210": "無",
        "200211": "無",
        "200212": "無",
        "200301": "無",
        "200302": "無",
        "200303": "無",
        "200304": "無",
        "200305": "無",
        "200306": "無",
        "200307": "無",
        "200308": "無",
        "200309": "無",
        "200310": "無",
        "200311": "無",
        "200312": "無",
        "200401": "無",
        "200402": "無",
        "200403": "無",
        "200404": "無",
        "200405": "無",
        "200406": "無",
        "200407": "無",
        "200408": "無",
        "200409": "無",
        "200410": "無",
        "200411": "無",
        "200412": "無",
        "200501": "無",
        "200502": "無",
        "200503": "無",
        "200504": "無",
        "200505": "無",
        "200506": "無",
        "200507": "無",
        "200508": "無",
        "200509": "無",
        "200510": "無",
        "200511": "無",
        "200512": "無",
        "200601": "無",
        "200602": "無",
        "200603": "無",
        "200604": "無",
        "200605": "無",
        "200606": "無",
        "200607": "無",
        "200608": "無",
        "200609": "無",
        "200610": "無",
        "200611": "無",
        "200612": "無",
        "200701": "無",
        "200702": "無",
        "200703": "無",
        "200704": "無",
        "200705": "無",
        "200706": "無",
        "200707": "無",
        "200708": "無",
        "200709": "無",
        "200710": "無",
        "200711": "無",
        "200712": "無",
        "200801": "無",
        "200802": "無",
        "200803": "無",
        "200804": "無",
        "200805": "無",
        "200806": "無",
        "200807": "無",
        "200808": "無",
        "200809": "無",
        "200810": "無",
        "200811": "無",
        "200812": "無",
        "200901": "無",
        "200902": "無",
        "200903": "無",
        "200904": "無",
        "200905": "無",
        "200906": "無",
        "200907": "無",
        "200908": "無",
        "200909": "無",
        "200910": "無",
        "200911": "無",
        "200912": "無",
        "201001": "無",
        "201002": "無",
        "201003": "無",
        "201004": "無",
        "201005": "無",
        "201006": "無",
        "201007": "無",
        "201008": "無",
        "201009": "無",
        "201010": "81.93",
        "201011": "80.91",
        "201012": "85.96",
        "201101": "84.97",
        "201102": "85.19",
        "201103": "85.22",
        "201104": "83.35",
        "201105": "80.91",
        "201106": "80.91",
        "201107": "78.84",
        "201108": "71.45",
        "201109": "64.40",
        "201110": "60.60",
        "201111": "75.95",
        "201112": "61.96",
        "201201": "60.74",
        "201202": "78.55",
        "201203": "81.02",
        "201204": "71.92",
        "201205": "64.03",
        "201206": "64.97",
        "201207": "64.06",
        "201208": "63.29",
        "201209": "66.84",
        "201210": "64.52",
        "201211": "59.82",
        "201212": "60.19",
        "201301": "61.22",
        "201302": "63.65",
        "201303": "68.19",
        "201304": "67.16",
        "201305": "68.68",
        "201306": "69.52",
        "201307": "72.76",
        "201308": "75.78",
        "201309": "70.40",
        "201310": "66.29",
        "201311": "65.61",
        "201312": "66.78",
        "201401": "68.84",
        "201402": "68.74",
        "201403": "70.03",
        "201404": "79.52",
        "201405": "92.00",
        "201406": "88.58",
        "201407": "83.97",
        "201408": "77.13",
        "201409": "77.93",
        "201410": "77.70",
        "201411": "80.10",
        "201412": "82.75",
        "201501": "83.58",
        "201502": "83.42",
        "201503": "84.87",
        "201504": "81.54",
        "201505": "72.60",
        "201506": "67.46",
        "201507": "61.41",
        "201508": "53.32",
        "201509": "52.83",
        "201510": "54.68",
        "201511": "58.77",
        "201512": "59.86",
        "201601": "55.90",
        "201602": "56.05",
        "201603": "57.47",
        "201604": "54.69",
        "201605": "50.70",
        "201606": "48.18",
        "201607": "48.23",
        "201608": "47.22",
        "201609": "43.21",
        "201610": "40.34",
        "201611": "35.76",
        "201612": "38.82",
        "201701": "40.27",
        "201702": "45.22",
        "201703": "48.81",
        "201704": "51.72",
        "201705": "49.06",
        "201706": "49.95",
        "201707": "60.59",
        "201708": "65.51",
        "201709": "68.17",
        "201710": "67.42",
        "201711": "68.82",
        "201712": "64.45",
        "201801": "64.25",
        "201802": "63.05",
        "201803": "63.87",
        "201804": "66.56",
        "201805": "62.35",
        "201806": "62.76",
        "201807": "53.01",
        "201808": "51.01",
        "201809": "50.20",
        "201810": "47.23",
        "201811": "47.22",
        "201812": "46.75",
        "201901": "45.52",
        "201902": "47.23",
        "201903": "47.30",
        "201904": "45.65",
        "201905": "41.78",
        "201906": "40.39",
        "201907": "39.92",
        "201908": "38.10",
        "201909": "40.23",
        "201910": "43.33",
        "201911": "40.49",
        "201912": "39.09",
        "202001": "38.85",
        "202002": "36.41",
        "202003": "29.16",
        "202004": "30.19",
        "202005": "33.92",
        "202006": "35.93",
        "202007": "35.13",
        "202008": "33.15",
        "202009": "32.38",
        "202010": "30.96",
        "202011": "29.99",
        "202012": "31.65",
        "202101": "31.16",
        "202102": "30.60",
        "202103": "31.67",
        "202104": "33.38",
        "202105": "29.94",
        "202106": "29.46",
        "202107": "34.30",
        "202108": "36.46",
        "202109": "40.08",
        "202110": "37.80",
        "202111": "46.06",
        "202112": "45.49",
        "202201": "45.88",
        "202202": "43.09",
        "202203": "41.14",
        "202204": "38.56",
        "202205": "38.64",
        "202206": "39.86",
        "202207": "34.80",
        "202208": "37.42",
        "202209": "38.21",
        "202210": "36.92",
        "202211": "37.52",
        "202212": "38.11",
        "202301": "38.07",
        "202302": "38.74",
        "202303": "40.42",
        "202304": "39.32",
        "202305": "38.84",
        "202306": "40.01",
        "202307": "41.34",
        "202308": "39.49",
        "202309": "38.89",
        "202310": "38.84",
        "202311": "38.04",
        "202312": "38.01"
    },
    "quarters": {
        "20011": {
            "year_quarter": 20011,
            "year": 2001,
            "quarter": 1,
            "eps": null,
            "eps_growth_year": null,
            "eps_4q": null,
            "eps_4q_growth_year": null,
            "roe": null,
            "roe_4q": 0,
            "gross_profit": null,
            "gross_margin": null,
            "gross_margin_4q_avg": 0,
            "net_income": null,
            "net_income_4q": null,
            "revenue": null,
            "revenue_4q": null,
            "common_shares": null,
            "book_valuer_per_share": null,
            "book_valuer_per_share_4q_avg": 0,
            "equity": null,
            "current_ratio": null,
            "debt_ratio": null,
            "inventory_turnover_ratio": null,
            "account_receivable_turnover_ratio": null,
            "reinvestment_rate": null,
            "research_to_sale_ratio": null,
            "price_fair": 0,
            "eps_avg_yearly": 0,
            "eps_latest_yearly": 0,
            "eps_growth_yearly": 0
        },
        "20012": {
            "year_quarter": 20012,
            "year": 2001,
            "quarter": 2,
            "eps": null,
            "eps_growth_year": null,
            "eps_4q": null,
            "eps_4q_growth_year": null,
            "roe": null,
            "roe_4q": 0,
            "gross_profit": null,
            "gross_margin": null,
            "gross_margin_4q_avg": 0,
            "net_income": null,
            "net_income_4q": null,
            "revenue": null,
            "revenue_4q": null,
            "common_shares": null,
            "book_valuer_per_share": null,
            "book_valuer_per_share_4q_avg": 0,
            "equity": null,
            "current_ratio": null,
            "debt_ratio": null,
            "inventory_turnover_ratio": null,
            "account_receivable_turnover_ratio": null,
            "reinvestment_rate": null,
            "research_to_sale_ratio": null,
            "price_fair": 0,
            "eps_avg_yearly": 0,
            "eps_latest_yearly": 0,
            "eps_growth_yearly": 0
        },
        "20013": {
            "year_quarter": 20013,
            "year": 2001,
            "quarter": 3,
            "eps": null,
            "eps_growth_year": null,
            "eps_4q": null,
            "eps_4q_growth_year": null,
            "roe": null,
            "roe_4q": 0,
            "gross_profit": null,
            "gross_margin": null,
            "gross_margin_4q_avg": 0,
            "net_income": null,
            "net_income_4q": null,
            "revenue": null,
            "revenue_4q": null,
            "common_shares": null,
            "book_valuer_per_share": null,
            "book_valuer_per_share_4q_avg": 0,
            "equity": null,
            "current_ratio": null,
            "debt_ratio": null,
            "inventory_turnover_ratio": null,
            "account_receivable_turnover_ratio": null,
            "reinvestment_rate": null,
            "research_to_sale_ratio": null,
            "price_fair": 0,
            "eps_avg_yearly": 0,
            "eps_latest_yearly": 0,
            "eps_growth_yearly": 0
        },
        "20014": {
            "year_quarter": 20014,
            "year": 2001,
            "quarter": 4,
            "eps": null,
            "eps_growth_year": null,
            "eps_4q": null,
            "eps_4q_growth_year": null,
            "roe": null,
            "roe_4q": 0,
            "gross_profit": null,
            "gross_margin": null,
            "gross_margin_4q_avg": 0,
            "net_income": null,
            "net_income_4q": null,
            "revenue": null,
            "revenue_4q": null,
            "common_shares": null,
            "book_valuer_per_share": null,
            "book_valuer_per_share_4q_avg": 0,
            "equity": null,
            "current_ratio": null,
            "debt_ratio": null,
            "inventory_turnover_ratio": null,
            "account_receivable_turnover_ratio": null,
            "reinvestment_rate": null,
            "research_to_sale_ratio": null,
            "price_fair": 0,
            "eps_avg_yearly": 0,
            "eps_latest_yearly": 0,
            "eps_growth_yearly": 0
        },
        "20021": {
            "year_quarter": 20021,
            "year": 2002,
            "quarter": 1,
            "eps": null,
            "eps_growth_year": null,
            "eps_4q": null,
            "eps_4q_growth_year": null,
            "roe": null,
            "roe_4q": 0,
            "gross_profit": null,
            "gross_margin": null,
            "gross_margin_4q_avg": 0,
            "net_income": null,
            "net_income_4q": null,
            "revenue": null,
            "revenue_4q": null,
            "common_shares": null,
            "book_valuer_per_share": null,
            "book_valuer_per_share_4q_avg": 0,
            "equity": null,
            "current_ratio": null,
            "debt_ratio": null,
            "inventory_turnover_ratio": null,
            "account_receivable_turnover_ratio": null,
            "reinvestment_rate": null,
            "research_to_sale_ratio": null,
            "price_fair": 0,
            "eps_avg_yearly": 0,
            "eps_latest_yearly": 0,
            "eps_growth_yearly": 0
        },
        "20022": {
            "year_quarter": 20022,
            "year": 2002,
            "quarter": 2,
            "eps": null,
            "eps_growth_year": null,
            "eps_4q": null,
            "eps_4q_growth_year": null,
            "roe": null,
            "roe_4q": 0,
            "gross_profit": null,
            "gross_margin": null,
            "gross_margin_4q_avg": 0,
            "net_income": null,
            "net_income_4q": null,
            "revenue": null,
            "revenue_4q": null,
            "common_shares": null,
            "book_valuer_per_share": null,
            "book_valuer_per_share_4q_avg": 0,
            "equity": null,
            "current_ratio": null,
            "debt_ratio": null,
            "inventory_turnover_ratio": null,
            "account_receivable_turnover_ratio": null,
            "reinvestment_rate": null,
            "research_to_sale_ratio": null,
            "price_fair": 0,
            "eps_avg_yearly": 0,
            "eps_latest_yearly": 0,
            "eps_growth_yearly": 0
        },
        "20023": {
            "year_quarter": 20023,
            "year": 2002,
            "quarter": 3,
            "eps": null,
            "eps_growth_year": null,
            "eps_4q": null,
            "eps_4q_growth_year": null,
            "roe": null,
            "roe_4q": 0,
            "gross_profit": null,
            "gross_margin": null,
            "gross_margin_4q_avg": 0,
            "net_income": null,
            "net_income_4q": null,
            "revenue": null,
            "revenue_4q": null,
            "common_shares": null,
            "book_valuer_per_share": null,
            "book_valuer_per_share_4q_avg": 0,
            "equity": null,
            "current_ratio": null,
            "debt_ratio": null,
            "inventory_turnover_ratio": null,
            "account_receivable_turnover_ratio": null,
            "reinvestment_rate": null,
            "research_to_sale_ratio": null,
            "price_fair": 0,
            "eps_avg_yearly": 0,
            "eps_latest_yearly": 0,
            "eps_growth_yearly": 0
        },
        "20024": {
            "year_quarter": 20024,
            "year": 2002,
            "quarter": 4,
            "eps": null,
            "eps_growth_year": null,
            "eps_4q": null,
            "eps_4q_growth_year": null,
            "roe": null,
            "roe_4q": 0,
            "gross_profit": null,
            "gross_margin": null,
            "gross_margin_4q_avg": 0,
            "net_income": null,
            "net_income_4q": null,
            "revenue": null,
            "revenue_4q": null,
            "common_shares": null,
            "book_valuer_per_share": null,
            "book_valuer_per_share_4q_avg": 0,
            "equity": null,
            "current_ratio": null,
            "debt_ratio": null,
            "inventory_turnover_ratio": null,
            "account_receivable_turnover_ratio": null,
            "reinvestment_rate": null,
            "research_to_sale_ratio": null,
            "price_fair": 0,
            "eps_avg_yearly": 0,
            "eps_latest_yearly": 0,
            "eps_growth_yearly": 0
        },
        "20031": {
            "year_quarter": 20031,
            "year": 2003,
            "quarter": 1,
            "eps": null,
            "eps_growth_year": null,
            "eps_4q": null,
            "eps_4q_growth_year": null,
            "roe": null,
            "roe_4q": 0,
            "gross_profit": null,
            "gross_margin": null,
            "gross_margin_4q_avg": 0,
            "net_income": null,
            "net_income_4q": null,
            "revenue": null,
            "revenue_4q": null,
            "common_shares": null,
            "book_valuer_per_share": null,
            "book_valuer_per_share_4q_avg": 0,
            "equity": null,
            "current_ratio": null,
            "debt_ratio": null,
            "inventory_turnover_ratio": null,
            "account_receivable_turnover_ratio": null,
            "reinvestment_rate": null,
            "research_to_sale_ratio": null,
            "price_fair": 0,
            "eps_avg_yearly": 0,
            "eps_latest_yearly": 0,
            "eps_growth_yearly": 0
        },
        "20032": {
            "year_quarter": 20032,
            "year": 2003,
            "quarter": 2,
            "eps": null,
            "eps_growth_year": null,
            "eps_4q": null,
            "eps_4q_growth_year": null,
            "roe": null,
            "roe_4q": 0,
            "gross_profit": null,
            "gross_margin": null,
            "gross_margin_4q_avg": 0,
            "net_income": null,
            "net_income_4q": null,
            "revenue": null,
            "revenue_4q": null,
            "common_shares": null,
            "book_valuer_per_share": null,
            "book_valuer_per_share_4q_avg": 0,
            "equity": null,
            "current_ratio": null,
            "debt_ratio": null,
            "inventory_turnover_ratio": null,
            "account_receivable_turnover_ratio": null,
            "reinvestment_rate": null,
            "research_to_sale_ratio": null,
            "price_fair": 0,
            "eps_avg_yearly": 0,
            "eps_latest_yearly": 0,
            "eps_growth_yearly": 0
        },
        "20033": {
            "year_quarter": 20033,
            "year": 2003,
            "quarter": 3,
            "eps": null,
            "eps_growth_year": null,
            "eps_4q": null,
            "eps_4q_growth_year": null,
            "roe": null,
            "roe_4q": 0,
            "gross_profit": null,
            "gross_margin": null,
            "gross_margin_4q_avg": 0,
            "net_income": null,
            "net_income_4q": null,
            "revenue": null,
            "revenue_4q": null,
            "common_shares": null,
            "book_valuer_per_share": null,
            "book_valuer_per_share_4q_avg": 0,
            "equity": null,
            "current_ratio": null,
            "debt_ratio": null,
            "inventory_turnover_ratio": null,
            "account_receivable_turnover_ratio": null,
            "reinvestment_rate": null,
            "research_to_sale_ratio": null,
            "price_fair": 0,
            "eps_avg_yearly": 0,
            "eps_latest_yearly": 0,
            "eps_growth_yearly": 0
        },
        "20034": {
            "year_quarter": 20034,
            "year": 2003,
            "quarter": 4,
            "eps": null,
            "eps_growth_year": null,
            "eps_4q": null,
            "eps_4q_growth_year": null,
            "roe": null,
            "roe_4q": 0,
            "gross_profit": null,
            "gross_margin": null,
            "gross_margin_4q_avg": 0,
            "net_income": null,
            "net_income_4q": null,
            "revenue": null,
            "revenue_4q": null,
            "common_shares": null,
            "book_valuer_per_share": null,
            "book_valuer_per_share_4q_avg": 0,
            "equity": null,
            "current_ratio": null,
            "debt_ratio": null,
            "inventory_turnover_ratio": null,
            "account_receivable_turnover_ratio": null,
            "reinvestment_rate": null,
            "research_to_sale_ratio": null,
            "price_fair": 0,
            "eps_avg_yearly": 0,
            "eps_latest_yearly": 0,
            "eps_growth_yearly": 0
        },
        "20041": {
            "year_quarter": 20041,
            "year": 2004,
            "quarter": 1,
            "eps": null,
            "eps_growth_year": null,
            "eps_4q": null,
            "eps_4q_growth_year": null,
            "roe": null,
            "roe_4q": 0,
            "gross_profit": null,
            "gross_margin": null,
            "gross_margin_4q_avg": 0,
            "net_income": null,
            "net_income_4q": null,
            "revenue": null,
            "revenue_4q": null,
            "common_shares": null,
            "book_valuer_per_share": null,
            "book_valuer_per_share_4q_avg": 0,
            "equity": null,
            "current_ratio": null,
            "debt_ratio": null,
            "inventory_turnover_ratio": null,
            "account_receivable_turnover_ratio": null,
            "reinvestment_rate": null,
            "research_to_sale_ratio": null,
            "price_fair": 0,
            "eps_avg_yearly": 0,
            "eps_latest_yearly": 0,
            "eps_growth_yearly": 0
        },
        "20042": {
            "year_quarter": 20042,
            "year": 2004,
            "quarter": 2,
            "eps": null,
            "eps_growth_year": null,
            "eps_4q": null,
            "eps_4q_growth_year": null,
            "roe": null,
            "roe_4q": 0,
            "gross_profit": null,
            "gross_margin": null,
            "gross_margin_4q_avg": 0,
            "net_income": null,
            "net_income_4q": null,
            "revenue": null,
            "revenue_4q": null,
            "common_shares": null,
            "book_valuer_per_share": null,
            "book_valuer_per_share_4q_avg": 0,
            "equity": null,
            "current_ratio": null,
            "debt_ratio": null,
            "inventory_turnover_ratio": null,
            "account_receivable_turnover_ratio": null,
            "reinvestment_rate": null,
            "research_to_sale_ratio": null,
            "price_fair": 0,
            "eps_avg_yearly": 0,
            "eps_latest_yearly": 0,
            "eps_growth_yearly": 0
        },
        "20043": {
            "year_quarter": 20043,
            "year": 2004,
            "quarter": 3,
            "eps": null,
            "eps_growth_year": null,
            "eps_4q": null,
            "eps_4q_growth_year": null,
            "roe": null,
            "roe_4q": 0,
            "gross_profit": null,
            "gross_margin": null,
            "gross_margin_4q_avg": 0,
            "net_income": null,
            "net_income_4q": null,
            "revenue": null,
            "revenue_4q": null,
            "common_shares": null,
            "book_valuer_per_share": null,
            "book_valuer_per_share_4q_avg": 0,
            "equity": null,
            "current_ratio": null,
            "debt_ratio": null,
            "inventory_turnover_ratio": null,
            "account_receivable_turnover_ratio": null,
            "reinvestment_rate": null,
            "research_to_sale_ratio": null,
            "price_fair": 0,
            "eps_avg_yearly": 0,
            "eps_latest_yearly": 0,
            "eps_growth_yearly": 0
        },
        "20044": {
            "year_quarter": 20044,
            "year": 2004,
            "quarter": 4,
            "eps": null,
            "eps_growth_year": null,
            "eps_4q": null,
            "eps_4q_growth_year": null,
            "roe": null,
            "roe_4q": 0,
            "gross_profit": null,
            "gross_margin": null,
            "gross_margin_4q_avg": 0,
            "net_income": null,
            "net_income_4q": null,
            "revenue": null,
            "revenue_4q": null,
            "common_shares": null,
            "book_valuer_per_share": null,
            "book_valuer_per_share_4q_avg": 0,
            "equity": null,
            "current_ratio": null,
            "debt_ratio": null,
            "inventory_turnover_ratio": null,
            "account_receivable_turnover_ratio": null,
            "reinvestment_rate": null,
            "research_to_sale_ratio": null,
            "price_fair": 0,
            "eps_avg_yearly": 0,
            "eps_latest_yearly": 0,
            "eps_growth_yearly": 0
        },
        "20051": {
            "year_quarter": 20051,
            "year": 2005,
            "quarter": 1,
            "eps": null,
            "eps_growth_year": null,
            "eps_4q": null,
            "eps_4q_growth_year": null,
            "roe": null,
            "roe_4q": 0,
            "gross_profit": null,
            "gross_margin": null,
            "gross_margin_4q_avg": 0,
            "net_income": null,
            "net_income_4q": null,
            "revenue": null,
            "revenue_4q": null,
            "common_shares": null,
            "book_valuer_per_share": null,
            "book_valuer_per_share_4q_avg": 0,
            "equity": null,
            "current_ratio": null,
            "debt_ratio": null,
            "inventory_turnover_ratio": null,
            "account_receivable_turnover_ratio": null,
            "reinvestment_rate": null,
            "research_to_sale_ratio": null,
            "price_fair": 0,
            "eps_avg_yearly": 0,
            "eps_latest_yearly": 0,
            "eps_growth_yearly": 0
        },
        "20052": {
            "year_quarter": 20052,
            "year": 2005,
            "quarter": 2,
            "eps": null,
            "eps_growth_year": null,
            "eps_4q": null,
            "eps_4q_growth_year": null,
            "roe": null,
            "roe_4q": 0,
            "gross_profit": null,
            "gross_margin": null,
            "gross_margin_4q_avg": 0,
            "net_income": null,
            "net_income_4q": null,
            "revenue": null,
            "revenue_4q": null,
            "common_shares": null,
            "book_valuer_per_share": null,
            "book_valuer_per_share_4q_avg": 0,
            "equity": null,
            "current_ratio": null,
            "debt_ratio": null,
            "inventory_turnover_ratio": null,
            "account_receivable_turnover_ratio": null,
            "reinvestment_rate": null,
            "research_to_sale_ratio": null,
            "price_fair": 0,
            "eps_avg_yearly": 0,
            "eps_latest_yearly": 0,
            "eps_growth_yearly": 0
        },
        "20053": {
            "year_quarter": 20053,
            "year": 2005,
            "quarter": 3,
            "eps": null,
            "eps_growth_year": null,
            "eps_4q": null,
            "eps_4q_growth_year": null,
            "roe": null,
            "roe_4q": 0,
            "gross_profit": null,
            "gross_margin": null,
            "gross_margin_4q_avg": 0,
            "net_income": null,
            "net_income_4q": null,
            "revenue": null,
            "revenue_4q": null,
            "common_shares": null,
            "book_valuer_per_share": null,
            "book_valuer_per_share_4q_avg": 0,
            "equity": null,
            "current_ratio": null,
            "debt_ratio": null,
            "inventory_turnover_ratio": null,
            "account_receivable_turnover_ratio": null,
            "reinvestment_rate": null,
            "research_to_sale_ratio": null,
            "price_fair": 0,
            "eps_avg_yearly": 0,
            "eps_latest_yearly": 0,
            "eps_growth_yearly": 0
        },
        "20054": {
            "year_quarter": 20054,
            "year": 2005,
            "quarter": 4,
            "eps": null,
            "eps_growth_year": null,
            "eps_4q": null,
            "eps_4q_growth_year": null,
            "roe": null,
            "roe_4q": 0,
            "gross_profit": null,
            "gross_margin": null,
            "gross_margin_4q_avg": 0,
            "net_income": null,
            "net_income_4q": null,
            "revenue": null,
            "revenue_4q": null,
            "common_shares": 100000,
            "book_valuer_per_share": 24.45,
            "book_valuer_per_share_4q_avg": 6.11,
            "equity": 244464,
            "current_ratio": 129.76,
            "debt_ratio": 59.65,
            "inventory_turnover_ratio": null,
            "account_receivable_turnover_ratio": null,
            "reinvestment_rate": null,
            "research_to_sale_ratio": null,
            "price_fair": 0,
            "eps_avg_yearly": 0,
            "eps_latest_yearly": 0,
            "eps_growth_yearly": 0
        },
        "20061": {
            "year_quarter": 20061,
            "year": 2006,
            "quarter": 1,
            "eps": null,
            "eps_growth_year": null,
            "eps_4q": null,
            "eps_4q_growth_year": null,
            "roe": null,
            "roe_4q": 0,
            "gross_profit": null,
            "gross_margin": null,
            "gross_margin_4q_avg": 0,
            "net_income": null,
            "net_income_4q": null,
            "revenue": null,
            "revenue_4q": null,
            "common_shares": null,
            "book_valuer_per_share": null,
            "book_valuer_per_share_4q_avg": 6.11,
            "equity": null,
            "current_ratio": null,
            "debt_ratio": null,
            "inventory_turnover_ratio": null,
            "account_receivable_turnover_ratio": null,
            "reinvestment_rate": null,
            "research_to_sale_ratio": null,
            "price_fair": 0,
            "eps_avg_yearly": 0,
            "eps_latest_yearly": 0,
            "eps_growth_yearly": 0
        },
        "20062": {
            "year_quarter": 20062,
            "year": 2006,
            "quarter": 2,
            "eps": null,
            "eps_growth_year": null,
            "eps_4q": null,
            "eps_4q_growth_year": null,
            "roe": null,
            "roe_4q": 0,
            "gross_profit": null,
            "gross_margin": null,
            "gross_margin_4q_avg": 0,
            "net_income": null,
            "net_income_4q": null,
            "revenue": null,
            "revenue_4q": null,
            "common_shares": null,
            "book_valuer_per_share": null,
            "book_valuer_per_share_4q_avg": 6.11,
            "equity": null,
            "current_ratio": null,
            "debt_ratio": null,
            "inventory_turnover_ratio": null,
            "account_receivable_turnover_ratio": null,
            "reinvestment_rate": null,
            "research_to_sale_ratio": null,
            "price_fair": 0,
            "eps_avg_yearly": 0,
            "eps_latest_yearly": 0,
            "eps_growth_yearly": 0
        },
        "20063": {
            "year_quarter": 20063,
            "year": 2006,
            "quarter": 3,
            "eps": null,
            "eps_growth_year": null,
            "eps_4q": null,
            "eps_4q_growth_year": null,
            "roe": null,
            "roe_4q": 0,
            "gross_profit": null,
            "gross_margin": null,
            "gross_margin_4q_avg": 0,
            "net_income": null,
            "net_income_4q": null,
            "revenue": null,
            "revenue_4q": null,
            "common_shares": null,
            "book_valuer_per_share": null,
            "book_valuer_per_share_4q_avg": 6.11,
            "equity": null,
            "current_ratio": null,
            "debt_ratio": null,
            "inventory_turnover_ratio": null,
            "account_receivable_turnover_ratio": null,
            "reinvestment_rate": null,
            "research_to_sale_ratio": null,
            "price_fair": 0,
            "eps_avg_yearly": 0,
            "eps_latest_yearly": 0,
            "eps_growth_yearly": 0
        },
        "20064": {
            "year_quarter": 20064,
            "year": 2006,
            "quarter": 4,
            "eps": null,
            "eps_growth_year": null,
            "eps_4q": null,
            "eps_4q_growth_year": null,
            "roe": null,
            "roe_4q": 0,
            "gross_profit": null,
            "gross_margin": null,
            "gross_margin_4q_avg": 0,
            "net_income": null,
            "net_income_4q": null,
            "revenue": null,
            "revenue_4q": null,
            "common_shares": 150000,
            "book_valuer_per_share": 27.93,
            "book_valuer_per_share_4q_avg": 6.98,
            "equity": 418884,
            "current_ratio": 177.59,
            "debt_ratio": 56.12,
            "inventory_turnover_ratio": null,
            "account_receivable_turnover_ratio": null,
            "reinvestment_rate": null,
            "research_to_sale_ratio": null,
            "price_fair": 0,
            "eps_avg_yearly": 0,
            "eps_latest_yearly": 0,
            "eps_growth_yearly": 0
        },
        "20071": {
            "year_quarter": 20071,
            "year": 2007,
            "quarter": 1,
            "eps": null,
            "eps_growth_year": null,
            "eps_4q": null,
            "eps_4q_growth_year": null,
            "roe": null,
            "roe_4q": 0,
            "gross_profit": null,
            "gross_margin": null,
            "gross_margin_4q_avg": 0,
            "net_income": null,
            "net_income_4q": null,
            "revenue": null,
            "revenue_4q": null,
            "common_shares": null,
            "book_valuer_per_share": null,
            "book_valuer_per_share_4q_avg": 6.98,
            "equity": null,
            "current_ratio": null,
            "debt_ratio": null,
            "inventory_turnover_ratio": null,
            "account_receivable_turnover_ratio": null,
            "reinvestment_rate": null,
            "research_to_sale_ratio": null,
            "price_fair": 0,
            "eps_avg_yearly": 0,
            "eps_latest_yearly": 0,
            "eps_growth_yearly": 0
        },
        "20072": {
            "year_quarter": 20072,
            "year": 2007,
            "quarter": 2,
            "eps": null,
            "eps_growth_year": null,
            "eps_4q": null,
            "eps_4q_growth_year": null,
            "roe": null,
            "roe_4q": 0,
            "gross_profit": null,
            "gross_margin": null,
            "gross_margin_4q_avg": 0,
            "net_income": null,
            "net_income_4q": null,
            "revenue": null,
            "revenue_4q": null,
            "common_shares": null,
            "book_valuer_per_share": null,
            "book_valuer_per_share_4q_avg": 6.98,
            "equity": null,
            "current_ratio": null,
            "debt_ratio": null,
            "inventory_turnover_ratio": null,
            "account_receivable_turnover_ratio": null,
            "reinvestment_rate": null,
            "research_to_sale_ratio": null,
            "price_fair": 0,
            "eps_avg_yearly": 0,
            "eps_latest_yearly": 0,
            "eps_growth_yearly": 0
        },
        "20073": {
            "year_quarter": 20073,
            "year": 2007,
            "quarter": 3,
            "eps": null,
            "eps_growth_year": null,
            "eps_4q": null,
            "eps_4q_growth_year": null,
            "roe": null,
            "roe_4q": 0,
            "gross_profit": null,
            "gross_margin": null,
            "gross_margin_4q_avg": 0,
            "net_income": null,
            "net_income_4q": null,
            "revenue": null,
            "revenue_4q": null,
            "common_shares": null,
            "book_valuer_per_share": null,
            "book_valuer_per_share_4q_avg": 6.98,
            "equity": null,
            "current_ratio": null,
            "debt_ratio": null,
            "inventory_turnover_ratio": null,
            "account_receivable_turnover_ratio": null,
            "reinvestment_rate": null,
            "research_to_sale_ratio": null,
            "price_fair": 0,
            "eps_avg_yearly": 0,
            "eps_latest_yearly": 0,
            "eps_growth_yearly": 0
        },
        "20074": {
            "year_quarter": 20074,
            "year": 2007,
            "quarter": 4,
            "eps": null,
            "eps_growth_year": null,
            "eps_4q": null,
            "eps_4q_growth_year": null,
            "roe": null,
            "roe_4q": 0,
            "gross_profit": null,
            "gross_margin": null,
            "gross_margin_4q_avg": 0,
            "net_income": null,
            "net_income_4q": null,
            "revenue": null,
            "revenue_4q": null,
            "common_shares": 265914,
            "book_valuer_per_share": 25.38,
            "book_valuer_per_share_4q_avg": 6.35,
            "equity": 674909,
            "current_ratio": 214.36,
            "debt_ratio": 45.33,
            "inventory_turnover_ratio": null,
            "account_receivable_turnover_ratio": null,
            "reinvestment_rate": null,
            "research_to_sale_ratio": null,
            "price_fair": 0,
            "eps_avg_yearly": 0,
            "eps_latest_yearly": 0,
            "eps_growth_yearly": 0
        },
        "20081": {
            "year_quarter": 20081,
            "year": 2008,
            "quarter": 1,
            "eps": null,
            "eps_growth_year": null,
            "eps_4q": null,
            "eps_4q_growth_year": null,
            "roe": null,
            "roe_4q": 0,
            "gross_profit": null,
            "gross_margin": null,
            "gross_margin_4q_avg": 0,
            "net_income": null,
            "net_income_4q": null,
            "revenue": null,
            "revenue_4q": null,
            "common_shares": null,
            "book_valuer_per_share": null,
            "book_valuer_per_share_4q_avg": 6.35,
            "equity": null,
            "current_ratio": null,
            "debt_ratio": null,
            "inventory_turnover_ratio": null,
            "account_receivable_turnover_ratio": null,
            "reinvestment_rate": null,
            "research_to_sale_ratio": null,
            "price_fair": 0,
            "eps_avg_yearly": 0,
            "eps_latest_yearly": 0,
            "eps_growth_yearly": 0
        },
        "20082": {
            "year_quarter": 20082,
            "year": 2008,
            "quarter": 2,
            "eps": null,
            "eps_growth_year": null,
            "eps_4q": null,
            "eps_4q_growth_year": null,
            "roe": null,
            "roe_4q": 0,
            "gross_profit": null,
            "gross_margin": null,
            "gross_margin_4q_avg": 0,
            "net_income": null,
            "net_income_4q": null,
            "revenue": null,
            "revenue_4q": null,
            "common_shares": null,
            "book_valuer_per_share": null,
            "book_valuer_per_share_4q_avg": 6.35,
            "equity": null,
            "current_ratio": null,
            "debt_ratio": null,
            "inventory_turnover_ratio": null,
            "account_receivable_turnover_ratio": null,
            "reinvestment_rate": null,
            "research_to_sale_ratio": null,
            "price_fair": 0,
            "eps_avg_yearly": 0,
            "eps_latest_yearly": 0,
            "eps_growth_yearly": 0
        },
        "20083": {
            "year_quarter": 20083,
            "year": 2008,
            "quarter": 3,
            "eps": null,
            "eps_growth_year": null,
            "eps_4q": null,
            "eps_4q_growth_year": null,
            "roe": null,
            "roe_4q": 0,
            "gross_profit": null,
            "gross_margin": null,
            "gross_margin_4q_avg": 0,
            "net_income": null,
            "net_income_4q": null,
            "revenue": null,
            "revenue_4q": null,
            "common_shares": null,
            "book_valuer_per_share": null,
            "book_valuer_per_share_4q_avg": 6.35,
            "equity": null,
            "current_ratio": null,
            "debt_ratio": null,
            "inventory_turnover_ratio": null,
            "account_receivable_turnover_ratio": null,
            "reinvestment_rate": null,
            "research_to_sale_ratio": null,
            "price_fair": 0,
            "eps_avg_yearly": 0,
            "eps_latest_yearly": 0,
            "eps_growth_yearly": 0
        },
        "20084": {
            "year_quarter": 20084,
            "year": 2008,
            "quarter": 4,
            "eps": null,
            "eps_growth_year": null,
            "eps_4q": null,
            "eps_4q_growth_year": null,
            "roe": null,
            "roe_4q": 0,
            "gross_profit": null,
            "gross_margin": null,
            "gross_margin_4q_avg": 0,
            "net_income": null,
            "net_income_4q": null,
            "revenue": null,
            "revenue_4q": null,
            "common_shares": 265914,
            "book_valuer_per_share": 28.53,
            "book_valuer_per_share_4q_avg": 7.13,
            "equity": 758693,
            "current_ratio": 315.27,
            "debt_ratio": 34.24,
            "inventory_turnover_ratio": null,
            "account_receivable_turnover_ratio": null,
            "reinvestment_rate": null,
            "research_to_sale_ratio": null,
            "price_fair": 0,
            "eps_avg_yearly": 0,
            "eps_latest_yearly": 0,
            "eps_growth_yearly": 0
        },
        "20091": {
            "year_quarter": 20091,
            "year": 2009,
            "quarter": 1,
            "eps": null,
            "eps_growth_year": null,
            "eps_4q": null,
            "eps_4q_growth_year": null,
            "roe": null,
            "roe_4q": 0,
            "gross_profit": null,
            "gross_margin": null,
            "gross_margin_4q_avg": 0,
            "net_income": null,
            "net_income_4q": null,
            "revenue": null,
            "revenue_4q": null,
            "common_shares": null,
            "book_valuer_per_share": null,
            "book_valuer_per_share_4q_avg": 7.13,
            "equity": null,
            "current_ratio": null,
            "debt_ratio": null,
            "inventory_turnover_ratio": null,
            "account_receivable_turnover_ratio": null,
            "reinvestment_rate": null,
            "research_to_sale_ratio": null,
            "price_fair": 0,
            "eps_avg_yearly": 0,
            "eps_latest_yearly": 0,
            "eps_growth_yearly": 0
        },
        "20092": {
            "year_quarter": 20092,
            "year": 2009,
            "quarter": 2,
            "eps": null,
            "eps_growth_year": null,
            "eps_4q": null,
            "eps_4q_growth_year": null,
            "roe": null,
            "roe_4q": 0,
            "gross_profit": null,
            "gross_margin": null,
            "gross_margin_4q_avg": 0,
            "net_income": null,
            "net_income_4q": null,
            "revenue": null,
            "revenue_4q": null,
            "common_shares": null,
            "book_valuer_per_share": null,
            "book_valuer_per_share_4q_avg": 7.13,
            "equity": null,
            "current_ratio": null,
            "debt_ratio": null,
            "inventory_turnover_ratio": null,
            "account_receivable_turnover_ratio": null,
            "reinvestment_rate": null,
            "research_to_sale_ratio": null,
            "price_fair": 0,
            "eps_avg_yearly": 0,
            "eps_latest_yearly": 0,
            "eps_growth_yearly": 0
        },
        "20093": {
            "year_quarter": 20093,
            "year": 2009,
            "quarter": 3,
            "eps": null,
            "eps_growth_year": null,
            "eps_4q": null,
            "eps_4q_growth_year": null,
            "roe": null,
            "roe_4q": 0,
            "gross_profit": null,
            "gross_margin": null,
            "gross_margin_4q_avg": 0,
            "net_income": null,
            "net_income_4q": null,
            "revenue": null,
            "revenue_4q": null,
            "common_shares": null,
            "book_valuer_per_share": null,
            "book_valuer_per_share_4q_avg": 7.13,
            "equity": null,
            "current_ratio": null,
            "debt_ratio": null,
            "inventory_turnover_ratio": null,
            "account_receivable_turnover_ratio": null,
            "reinvestment_rate": null,
            "research_to_sale_ratio": null,
            "price_fair": 0,
            "eps_avg_yearly": 0,
            "eps_latest_yearly": 0,
            "eps_growth_yearly": 0
        },
        "20094": {
            "year_quarter": 20094,
            "year": 2009,
            "quarter": 4,
            "eps": null,
            "eps_growth_year": null,
            "eps_4q": null,
            "eps_4q_growth_year": null,
            "roe": null,
            "roe_4q": 0,
            "gross_profit": null,
            "gross_margin": null,
            "gross_margin_4q_avg": 0,
            "net_income": null,
            "net_income_4q": null,
            "revenue": null,
            "revenue_4q": null,
            "common_shares": 305801,
            "book_valuer_per_share": 25.62,
            "book_valuer_per_share_4q_avg": 6.41,
            "equity": 783474,
            "current_ratio": 427.3,
            "debt_ratio": 26.15,
            "inventory_turnover_ratio": null,
            "account_receivable_turnover_ratio": null,
            "reinvestment_rate": null,
            "research_to_sale_ratio": null,
            "price_fair": 0,
            "eps_avg_yearly": 0,
            "eps_latest_yearly": 0,
            "eps_growth_yearly": 0
        },
        "20101": {
            "year_quarter": 20101,
            "year": 2010,
            "quarter": 1,
            "eps": null,
            "eps_growth_year": null,
            "eps_4q": null,
            "eps_4q_growth_year": null,
            "roe": null,
            "roe_4q": 0,
            "gross_profit": 93692,
            "gross_margin": null,
            "gross_margin_4q_avg": 0,
            "net_income": 58862,
            "net_income_4q": null,
            "revenue": 223077,
            "revenue_4q": null,
            "common_shares": 305801,
            "book_valuer_per_share": 27.55,
            "book_valuer_per_share_4q_avg": 13.29,
            "equity": 842336,
            "current_ratio": 361.19,
            "debt_ratio": 29.51,
            "inventory_turnover_ratio": null,
            "account_receivable_turnover_ratio": null,
            "reinvestment_rate": null,
            "research_to_sale_ratio": null,
            "price_fair": 0,
            "eps_avg_yearly": 0,
            "eps_latest_yearly": 0,
            "eps_growth_yearly": 0
        },
        "20102": {
            "year_quarter": 20102,
            "year": 2010,
            "quarter": 2,
            "eps": null,
            "eps_growth_year": null,
            "eps_4q": null,
            "eps_4q_growth_year": null,
            "roe": null,
            "roe_4q": 0,
            "gross_profit": 166220,
            "gross_margin": null,
            "gross_margin_4q_avg": 0,
            "net_income": 103991,
            "net_income_4q": null,
            "revenue": 391685,
            "revenue_4q": null,
            "common_shares": 305801,
            "book_valuer_per_share": 29.04,
            "book_valuer_per_share_4q_avg": 20.55,
            "equity": 888190,
            "current_ratio": 237.83,
            "debt_ratio": 42.59,
            "inventory_turnover_ratio": null,
            "account_receivable_turnover_ratio": null,
            "reinvestment_rate": null,
            "research_to_sale_ratio": null,
            "price_fair": 0,
            "eps_avg_yearly": 0,
            "eps_latest_yearly": 0,
            "eps_growth_yearly": 0
        },
        "20103": {
            "year_quarter": 20103,
            "year": 2010,
            "quarter": 3,
            "eps": null,
            "eps_growth_year": null,
            "eps_4q": null,
            "eps_4q_growth_year": null,
            "roe": null,
            "roe_4q": 0,
            "gross_profit": 135403,
            "gross_margin": null,
            "gross_margin_4q_avg": 0,
            "net_income": 87118,
            "net_income_4q": null,
            "revenue": 324793,
            "revenue_4q": null,
            "common_shares": 321952,
            "book_valuer_per_share": 30.29,
            "book_valuer_per_share_4q_avg": 28.13,
            "equity": 975307,
            "current_ratio": 224.61,
            "debt_ratio": 41.17,
            "inventory_turnover_ratio": null,
            "account_receivable_turnover_ratio": null,
            "reinvestment_rate": null,
            "research_to_sale_ratio": null,
            "price_fair": 0,
            "eps_avg_yearly": 0,
            "eps_latest_yearly": 0,
            "eps_growth_yearly": 0
        },
        "20104": {
            "year_quarter": 20104,
            "year": 2010,
            "quarter": 4,
            "eps": null,
            "eps_growth_year": null,
            "eps_4q": null,
            "eps_4q_growth_year": null,
            "roe": null,
            "roe_4q": 0,
            "gross_profit": 493953,
            "gross_margin": null,
            "gross_margin_4q_avg": 0,
            "net_income": 265862,
            "net_income_4q": null,
            "revenue": 1149430,
            "revenue_4q": null,
            "common_shares": 336952,
            "book_valuer_per_share": 32.41,
            "book_valuer_per_share_4q_avg": 29.82,
            "equity": 1091992,
            "current_ratio": 271.85,
            "debt_ratio": 32.79,
            "inventory_turnover_ratio": null,
            "account_receivable_turnover_ratio": null,
            "reinvestment_rate": null,
            "research_to_sale_ratio": null,
            "price_fair": 0,
            "eps_avg_yearly": 0,
            "eps_latest_yearly": 0,
            "eps_growth_yearly": 0
        },
        "20111": {
            "year_quarter": 20111,
            "year": 2011,
            "quarter": 1,
            "eps": 1.44,
            "eps_growth_year": null,
            "eps_4q": 1.44,
            "eps_4q_growth_year": null,
            "roe": 4.33,
            "roe_4q": 4.33,
            "gross_profit": 84342,
            "gross_margin": 35.38,
            "gross_margin_4q_avg": 8.85,
            "net_income": 48388,
            "net_income_4q": null,
            "revenue": 238394,
            "revenue_4q": null,
            "common_shares": 336952,
            "book_valuer_per_share": 33.89,
            "book_valuer_per_share_4q_avg": 31.41,
            "equity": 1141943,
            "current_ratio": 311.95,
            "debt_ratio": 28.97,
            "inventory_turnover_ratio": 0.64,
            "account_receivable_turnover_ratio": 0.47,
            "reinvestment_rate": null,
            "research_to_sale_ratio": 2.09,
            "price_fair": 0,
            "eps_avg_yearly": 0,
            "eps_latest_yearly": 0,
            "eps_growth_yearly": 0
        },
        "20112": {
            "year_quarter": 20112,
            "year": 2011,
            "quarter": 2,
            "eps": 2.21,
            "eps_growth_year": null,
            "eps_4q": 3.65,
            "eps_4q_growth_year": null,
            "roe": 6.62,
            "roe_4q": 10.95,
            "gross_profit": 151300,
            "gross_margin": 39.64,
            "gross_margin_4q_avg": 18.76,
            "net_income": 74587,
            "net_income_4q": null,
            "revenue": 381722,
            "revenue_4q": null,
            "common_shares": 336952,
            "book_valuer_per_share": 33.03,
            "book_valuer_per_share_4q_avg": 32.41,
            "equity": 1112832,
            "current_ratio": 253.36,
            "debt_ratio": 35.11,
            "inventory_turnover_ratio": 1.1,
            "account_receivable_turnover_ratio": 0.68,
            "reinvestment_rate": null,
            "research_to_sale_ratio": 1.49,
            "price_fair": 309.4,
            "eps_avg_yearly": 8.84,
            "eps_latest_yearly": 8.84,
            "eps_growth_yearly": 213.89
        },
        "20113": {
            "year_quarter": 20113,
            "year": 2011,
            "quarter": 3,
            "eps": 3.54,
            "eps_growth_year": null,
            "eps_4q": 6.88,
            "eps_4q_growth_year": null,
            "roe": 10.31,
            "roe_4q": 21.259999999999998,
            "gross_profit": 169037,
            "gross_margin": 42.11,
            "gross_margin_4q_avg": 29.28,
            "net_income": 130421,
            "net_income_4q": null,
            "revenue": 401448,
            "revenue_4q": null,
            "common_shares": 368452,
            "book_valuer_per_share": 38.49,
            "book_valuer_per_share_4q_avg": 34.46,
            "equity": 1418156,
            "current_ratio": 289.34,
            "debt_ratio": 30.77,
            "inventory_turnover_ratio": 1.01,
            "account_receivable_turnover_ratio": 0.62,
            "reinvestment_rate": null,
            "research_to_sale_ratio": 1.15,
            "price_fair": 402.5,
            "eps_avg_yearly": 11.5,
            "eps_latest_yearly": 14.16,
            "eps_growth_yearly": 227.31
        },
        "20114": {
            "year_quarter": 20114,
            "year": 2011,
            "quarter": 4,
            "eps": 1.61,
            "eps_growth_year": null,
            "eps_4q": 8.48,
            "eps_4q_growth_year": null,
            "roe": 4.09,
            "roe_4q": 25.35,
            "gross_profit": 115575,
            "gross_margin": 42.48,
            "gross_margin_4q_avg": 39.9,
            "net_income": 59162,
            "net_income_4q": null,
            "revenue": 272098,
            "revenue_4q": null,
            "common_shares": 368452,
            "book_valuer_per_share": 40.07,
            "book_valuer_per_share_4q_avg": 36.37,
            "equity": 1476353,
            "current_ratio": 319.34,
            "debt_ratio": 27.45,
            "inventory_turnover_ratio": 0.61,
            "account_receivable_turnover_ratio": 0.4,
            "reinvestment_rate": null,
            "research_to_sale_ratio": 1.47,
            "price_fair": 343.47,
            "eps_avg_yearly": 9.81,
            "eps_latest_yearly": 6.44,
            "eps_growth_yearly": 78.84
        },
        "20121": {
            "year_quarter": 20121,
            "year": 2012,
            "quarter": 1,
            "eps": 0.98,
            "eps_growth_year": -31.94,
            "eps_4q": 8.15,
            "eps_4q_growth_year": 467.67,
            "roe": 2.43,
            "roe_4q": 23.45,
            "gross_profit": 90795,
            "gross_margin": 40.15,
            "gross_margin_4q_avg": 41.1,
            "net_income": 36195,
            "net_income_4q": null,
            "revenue": 226159,
            "revenue_4q": null,
            "common_shares": 368452,
            "book_valuer_per_share": 40.94,
            "book_valuer_per_share_4q_avg": 38.13,
            "equity": 1508332,
            "current_ratio": 334.92,
            "debt_ratio": 25.14,
            "inventory_turnover_ratio": 0.53,
            "account_receivable_turnover_ratio": 0.36,
            "reinvestment_rate": null,
            "research_to_sale_ratio": 2.41,
            "price_fair": 250.23,
            "eps_avg_yearly": 8.34,
            "eps_latest_yearly": 3.92,
            "eps_growth_yearly": 20
        },
        "20122": {
            "year_quarter": 20122,
            "year": 2012,
            "quarter": 2,
            "eps": 2.23,
            "eps_growth_year": 0.74,
            "eps_4q": 8.07,
            "eps_4q_growth_year": 121,
            "roe": 5.87,
            "roe_4q": 22.700000000000003,
            "gross_profit": 147263,
            "gross_margin": 41.27,
            "gross_margin_4q_avg": 41.5,
            "net_income": 86268,
            "net_income_4q": null,
            "revenue": 356809,
            "revenue_4q": null,
            "common_shares": 368452,
            "book_valuer_per_share": 38.82,
            "book_valuer_per_share_4q_avg": 39.58,
            "equity": 1430509,
            "current_ratio": 217.98,
            "debt_ratio": 36.83,
            "inventory_turnover_ratio": 0.76,
            "account_receivable_turnover_ratio": 0.58,
            "reinvestment_rate": null,
            "research_to_sale_ratio": 2.56,
            "price_fair": 295.96,
            "eps_avg_yearly": 8.46,
            "eps_latest_yearly": 8.92,
            "eps_growth_yearly": 118.04
        },
        "20123": {
            "year_quarter": 20123,
            "year": 2012,
            "quarter": 3,
            "eps": 2.43,
            "eps_growth_year": -31.35,
            "eps_4q": 7.12,
            "eps_4q_growth_year": 3.6,
            "roe": 6.37,
            "roe_4q": 18.759999999999998,
            "gross_profit": 177310,
            "gross_margin": 40.31,
            "gross_margin_4q_avg": 41.05,
            "net_income": 94013,
            "net_income_4q": null,
            "revenue": 439826,
            "revenue_4q": null,
            "common_shares": 386875,
            "book_valuer_per_share": 39.33,
            "book_valuer_per_share_4q_avg": 39.79,
            "equity": 1521407,
            "current_ratio": 274.36,
            "debt_ratio": 33.89,
            "inventory_turnover_ratio": 0.98,
            "account_receivable_turnover_ratio": 0.64,
            "reinvestment_rate": null,
            "research_to_sale_ratio": 3.77,
            "price_fair": 303.33,
            "eps_avg_yearly": 8.67,
            "eps_latest_yearly": 9.72,
            "eps_growth_yearly": 104.35
        },
        "20124": {
            "year_quarter": 20124,
            "year": 2012,
            "quarter": 4,
            "eps": 1.01,
            "eps_growth_year": -37.01,
            "eps_4q": 6.61,
            "eps_4q_growth_year": -22.12,
            "roe": 2.54,
            "roe_4q": 17.21,
            "gross_profit": 95084,
            "gross_margin": 40.62,
            "gross_margin_4q_avg": 40.59,
            "net_income": 39128,
            "net_income_4q": null,
            "revenue": 234068,
            "revenue_4q": null,
            "common_shares": 386875,
            "book_valuer_per_share": 40.31,
            "book_valuer_per_share_4q_avg": 39.85,
            "equity": 1559354,
            "current_ratio": 341.37,
            "debt_ratio": 30,
            "inventory_turnover_ratio": 0.58,
            "account_receivable_turnover_ratio": 0.35,
            "reinvestment_rate": null,
            "research_to_sale_ratio": 3.12,
            "price_fair": 280.2,
            "eps_avg_yearly": 8.01,
            "eps_latest_yearly": 4.04,
            "eps_growth_yearly": 56.05
        },
        "20131": {
            "year_quarter": 20131,
            "year": 2013,
            "quarter": 1,
            "eps": 1.78,
            "eps_growth_year": 81.63,
            "eps_4q": 7.46,
            "eps_4q_growth_year": -8.54,
            "roe": 4.33,
            "roe_4q": 19.11,
            "gross_profit": 100686,
            "gross_margin": 36.05,
            "gross_margin_4q_avg": 39.56,
            "net_income": 69033,
            "net_income_4q": null,
            "revenue": 279293,
            "revenue_4q": null,
            "common_shares": 386875,
            "book_valuer_per_share": 42.14,
            "book_valuer_per_share_4q_avg": 40.15,
            "equity": 1630286,
            "current_ratio": 377.73,
            "debt_ratio": 27.97,
            "inventory_turnover_ratio": 0.71,
            "account_receivable_turnover_ratio": 0.46,
            "reinvestment_rate": null,
            "research_to_sale_ratio": 2.15,
            "price_fair": 276.33,
            "eps_avg_yearly": 7.9,
            "eps_latest_yearly": 7.12,
            "eps_growth_yearly": 87.16
        },
        "20132": {
            "year_quarter": 20132,
            "year": 2013,
            "quarter": 2,
            "eps": 2.26,
            "eps_growth_year": 1.35,
            "eps_4q": 7.48,
            "eps_4q_growth_year": -7.23,
            "roe": 5.43,
            "roe_4q": 18.67,
            "gross_profit": 167498,
            "gross_margin": 41.53,
            "gross_margin_4q_avg": 39.63,
            "net_income": 87315,
            "net_income_4q": null,
            "revenue": 403302,
            "revenue_4q": null,
            "common_shares": 386875,
            "book_valuer_per_share": 40.94,
            "book_valuer_per_share_4q_avg": 40.68,
            "equity": 1583740,
            "current_ratio": 251.71,
            "debt_ratio": 35.33,
            "inventory_turnover_ratio": 0.87,
            "account_receivable_turnover_ratio": 0.63,
            "reinvestment_rate": null,
            "research_to_sale_ratio": 2.45,
            "price_fair": 280.78,
            "eps_avg_yearly": 8.02,
            "eps_latest_yearly": 9.04,
            "eps_growth_yearly": 89.46
        },
        "20133": {
            "year_quarter": 20133,
            "year": 2013,
            "quarter": 3,
            "eps": 1.75,
            "eps_growth_year": -27.99,
            "eps_4q": 6.8,
            "eps_4q_growth_year": -4.57,
            "roe": 4.18,
            "roe_4q": 16.48,
            "gross_profit": 127425,
            "gross_margin": 42.16,
            "gross_margin_4q_avg": 40.09,
            "net_income": 67561,
            "net_income_4q": null,
            "revenue": 302228,
            "revenue_4q": null,
            "common_shares": 386875,
            "book_valuer_per_share": 42.63,
            "book_valuer_per_share_4q_avg": 41.51,
            "equity": 1649055,
            "current_ratio": 242.5,
            "debt_ratio": 28.24,
            "inventory_turnover_ratio": 0.65,
            "account_receivable_turnover_ratio": 0.45,
            "reinvestment_rate": null,
            "research_to_sale_ratio": 3.1,
            "price_fair": 277.2,
            "eps_avg_yearly": 7.92,
            "eps_latest_yearly": 7,
            "eps_growth_yearly": 71.49
        },
        "20134": {
            "year_quarter": 20134,
            "year": 2013,
            "quarter": 4,
            "eps": 0.43,
            "eps_growth_year": -57.1,
            "eps_4q": 6.22,
            "eps_4q_growth_year": -5.83,
            "roe": 1.01,
            "roe_4q": 14.95,
            "gross_profit": 64133,
            "gross_margin": 38.63,
            "gross_margin_4q_avg": 39.59,
            "net_income": 16786,
            "net_income_4q": null,
            "revenue": 166027,
            "revenue_4q": null,
            "common_shares": 386875,
            "book_valuer_per_share": 43.14,
            "book_valuer_per_share_4q_avg": 42.21,
            "equity": 1669044,
            "current_ratio": 383.33,
            "debt_ratio": 21.44,
            "inventory_turnover_ratio": 0.38,
            "account_receivable_turnover_ratio": 0.3,
            "reinvestment_rate": 40.59,
            "research_to_sale_ratio": 5.55,
            "price_fair": 257.47,
            "eps_avg_yearly": 7.36,
            "eps_latest_yearly": 1.72,
            "eps_growth_yearly": 37.56
        },
        "20141": {
            "year_quarter": 20141,
            "year": 2014,
            "quarter": 1,
            "eps": 2.39,
            "eps_growth_year": 34.27,
            "eps_4q": 6.83,
            "eps_4q_growth_year": -8.38,
            "roe": 5.39,
            "roe_4q": 16.009999999999998,
            "gross_profit": 141456,
            "gross_margin": 42.14,
            "gross_margin_4q_avg": 41.12,
            "net_income": 92611,
            "net_income_4q": null,
            "revenue": 335668,
            "revenue_4q": null,
            "common_shares": 386875,
            "book_valuer_per_share": 45.6,
            "book_valuer_per_share_4q_avg": 43.08,
            "equity": 1764265,
            "current_ratio": 296.66,
            "debt_ratio": 27.19,
            "inventory_turnover_ratio": 0.58,
            "account_receivable_turnover_ratio": 0.64,
            "reinvestment_rate": 39.71,
            "research_to_sale_ratio": 2.09,
            "price_fair": 263.9,
            "eps_avg_yearly": 7.54,
            "eps_latest_yearly": 9.56,
            "eps_growth_yearly": 186.37
        },
        "20142": {
            "year_quarter": 20142,
            "year": 2014,
            "quarter": 2,
            "eps": 2.56,
            "eps_growth_year": 13.27,
            "eps_4q": 7.13,
            "eps_4q_growth_year": -4.65,
            "roe": 5.68,
            "roe_4q": 16.259999999999998,
            "gross_profit": 192138,
            "gross_margin": 41.99,
            "gross_margin_4q_avg": 41.23,
            "net_income": 99057,
            "net_income_4q": null,
            "revenue": 457585,
            "revenue_4q": null,
            "common_shares": 386875,
            "book_valuer_per_share": 44.57,
            "book_valuer_per_share_4q_avg": 43.99,
            "equity": 1724297,
            "current_ratio": 237.02,
            "debt_ratio": 33.34,
            "inventory_turnover_ratio": 0.73,
            "account_receivable_turnover_ratio": 0.71,
            "reinvestment_rate": 39.53,
            "research_to_sale_ratio": 2.26,
            "price_fair": 271.17,
            "eps_avg_yearly": 7.75,
            "eps_latest_yearly": 10.24,
            "eps_growth_yearly": 174.22
        },
        "20143": {
            "year_quarter": 20143,
            "year": 2014,
            "quarter": 3,
            "eps": 2.78,
            "eps_growth_year": 58.86,
            "eps_4q": 8.16,
            "eps_4q_growth_year": 20.05,
            "roe": 6.03,
            "roe_4q": 18.110000000000003,
            "gross_profit": 129842,
            "gross_margin": 42.91,
            "gross_margin_4q_avg": 41.42,
            "net_income": 107323,
            "net_income_4q": null,
            "revenue": 302616,
            "revenue_4q": null,
            "common_shares": 386875,
            "book_valuer_per_share": 47.45,
            "book_valuer_per_share_4q_avg": 45.19,
            "equity": 1835632,
            "current_ratio": 324.23,
            "debt_ratio": 25.07,
            "inventory_turnover_ratio": 0.53,
            "account_receivable_turnover_ratio": 0.42,
            "reinvestment_rate": 39.05,
            "research_to_sale_ratio": 2.7,
            "price_fair": 279.6,
            "eps_avg_yearly": 7.99,
            "eps_latest_yearly": 11.12,
            "eps_growth_yearly": 164.23
        },
        "20144": {
            "year_quarter": 20144,
            "year": 2014,
            "quarter": 4,
            "eps": -0.15,
            "eps_growth_year": -134.64,
            "eps_4q": 7.58,
            "eps_4q_growth_year": 21.8,
            "roe": -0.32,
            "roe_4q": 16.78,
            "gross_profit": 94103,
            "gross_margin": 41.53,
            "gross_margin_4q_avg": 42.14,
            "net_income": -5815,
            "net_income_4q": null,
            "revenue": 226592,
            "revenue_4q": null,
            "common_shares": 386875,
            "book_valuer_per_share": 47.48,
            "book_valuer_per_share_4q_avg": 46.28,
            "equity": 1836865,
            "current_ratio": 348.05,
            "debt_ratio": 22.78,
            "inventory_turnover_ratio": 0.41,
            "account_receivable_turnover_ratio": 0.34,
            "reinvestment_rate": 9.55,
            "research_to_sale_ratio": 5,
            "price_fair": 279.6,
            "eps_avg_yearly": 7.99,
            "eps_latest_yearly": 11.12,
            "eps_growth_yearly": 164.23
        },
        "20151": {
            "year_quarter": 20151,
            "year": 2015,
            "quarter": 1,
            "eps": 1.73,
            "eps_growth_year": -27.62,
            "eps_4q": 6.92,
            "eps_4q_growth_year": 1.25,
            "roe": 3.57,
            "roe_4q": 14.96,
            "gross_profit": 138637,
            "gross_margin": 39.6,
            "gross_margin_4q_avg": 41.51,
            "net_income": 67013,
            "net_income_4q": null,
            "revenue": 350078,
            "revenue_4q": null,
            "common_shares": 386875,
            "book_valuer_per_share": 49.44,
            "book_valuer_per_share_4q_avg": 47.24,
            "equity": 1912658,
            "current_ratio": 356.95,
            "debt_ratio": 31.01,
            "inventory_turnover_ratio": 0.63,
            "account_receivable_turnover_ratio": 0.52,
            "reinvestment_rate": 6.99,
            "research_to_sale_ratio": 3.35,
            "price_fair": 279.6,
            "eps_avg_yearly": 7.99,
            "eps_latest_yearly": 11.12,
            "eps_growth_yearly": 164.23
        },
        "20152": {
            "year_quarter": 20152,
            "year": 2015,
            "quarter": 2,
            "eps": 1.32,
            "eps_growth_year": -48.44,
            "eps_4q": 5.67,
            "eps_4q_growth_year": -20.46,
            "roe": 2.76,
            "roe_4q": 12.04,
            "gross_profit": 142797,
            "gross_margin": 41.53,
            "gross_margin_4q_avg": 41.39,
            "net_income": 51024,
            "net_income_4q": null,
            "revenue": 343828,
            "revenue_4q": null,
            "common_shares": 386875,
            "book_valuer_per_share": 46.18,
            "book_valuer_per_share_4q_avg": 47.64,
            "equity": 1786733,
            "current_ratio": 280.29,
            "debt_ratio": 35.84,
            "inventory_turnover_ratio": 0.54,
            "account_receivable_turnover_ratio": 0.47,
            "reinvestment_rate": 6.27,
            "research_to_sale_ratio": 5.76,
            "price_fair": 270.7,
            "eps_avg_yearly": 7.73,
            "eps_latest_yearly": 5.28,
            "eps_growth_yearly": 142.18
        },
        "20153": {
            "year_quarter": 20153,
            "year": 2015,
            "quarter": 3,
            "eps": 2.11,
            "eps_growth_year": -24.1,
            "eps_4q": 5.01,
            "eps_4q_growth_year": -38.56,
            "roe": 4.46,
            "roe_4q": 10.469999999999999,
            "gross_profit": 103064,
            "gross_margin": 40.94,
            "gross_margin_4q_avg": 40.9,
            "net_income": 81787,
            "net_income_4q": null,
            "revenue": 251730,
            "revenue_4q": null,
            "common_shares": 386875,
            "book_valuer_per_share": 48.6,
            "book_valuer_per_share_4q_avg": 47.93,
            "equity": 1880023,
            "current_ratio": 455.27,
            "debt_ratio": 26.76,
            "inventory_turnover_ratio": 0.39,
            "account_receivable_turnover_ratio": 0.33,
            "reinvestment_rate": 15.83,
            "research_to_sale_ratio": 7.32,
            "price_fair": 256.4,
            "eps_avg_yearly": 7.33,
            "eps_latest_yearly": 8.44,
            "eps_growth_yearly": 142.09
        },
        "20154": {
            "year_quarter": 20154,
            "year": 2015,
            "quarter": 4,
            "eps": 0.27,
            "eps_growth_year": null,
            "eps_4q": 5.43,
            "eps_4q_growth_year": -28.33,
            "roe": 0.55,
            "roe_4q": 11.34,
            "gross_profit": 61317,
            "gross_margin": 43.4,
            "gross_margin_4q_avg": 41.37,
            "net_income": 10293,
            "net_income_4q": null,
            "revenue": 141274,
            "revenue_4q": null,
            "common_shares": 386875,
            "book_valuer_per_share": 48.76,
            "book_valuer_per_share_4q_avg": 48.25,
            "equity": 1886277,
            "current_ratio": 537.67,
            "debt_ratio": 24.52,
            "inventory_turnover_ratio": 0.22,
            "account_receivable_turnover_ratio": 0.21,
            "reinvestment_rate": 11.54,
            "research_to_sale_ratio": 12.82,
            "price_fair": 243,
            "eps_avg_yearly": 6.94,
            "eps_latest_yearly": 1.08,
            "eps_growth_yearly": 132.75
        },
        "20161": {
            "year_quarter": 20161,
            "year": 2016,
            "quarter": 1,
            "eps": 0.36,
            "eps_growth_year": -79.19,
            "eps_4q": 4.06,
            "eps_4q_growth_year": -41.25,
            "roe": 0.74,
            "roe_4q": 8.51,
            "gross_profit": 79407,
            "gross_margin": 38.98,
            "gross_margin_4q_avg": 41.21,
            "net_income": 14092,
            "net_income_4q": null,
            "revenue": 203701,
            "revenue_4q": null,
            "common_shares": 386875,
            "book_valuer_per_share": 49.04,
            "book_valuer_per_share_4q_avg": 48.15,
            "equity": 1897221,
            "current_ratio": 498.42,
            "debt_ratio": 24.99,
            "inventory_turnover_ratio": 0.36,
            "account_receivable_turnover_ratio": 0.35,
            "reinvestment_rate": 6.72,
            "research_to_sale_ratio": 7.39,
            "price_fair": 236.8,
            "eps_avg_yearly": 6.77,
            "eps_latest_yearly": 1.44,
            "eps_growth_yearly": 153.45
        },
        "20162": {
            "year_quarter": 20162,
            "year": 2016,
            "quarter": 2,
            "eps": 0.49,
            "eps_growth_year": -62.88,
            "eps_4q": 3.08,
            "eps_4q_growth_year": -45.65,
            "roe": 1.03,
            "roe_4q": 6.78,
            "gross_profit": 74084,
            "gross_margin": 36.72,
            "gross_margin_4q_avg": 40.01,
            "net_income": 19116,
            "net_income_4q": null,
            "revenue": 201755,
            "revenue_4q": null,
            "common_shares": 386875,
            "book_valuer_per_share": 46.78,
            "book_valuer_per_share_4q_avg": 48.3,
            "equity": 1809971,
            "current_ratio": 408.57,
            "debt_ratio": 27.92,
            "inventory_turnover_ratio": 0.4,
            "account_receivable_turnover_ratio": 0.37,
            "reinvestment_rate": 0.53,
            "research_to_sale_ratio": 7.47,
            "price_fair": 219.4,
            "eps_avg_yearly": 6.27,
            "eps_latest_yearly": 1.96,
            "eps_growth_yearly": 127.33
        },
        "20163": {
            "year_quarter": 20163,
            "year": 2016,
            "quarter": 3,
            "eps": 0.49,
            "eps_growth_year": -76.78,
            "eps_4q": 1.56,
            "eps_4q_growth_year": -68.94,
            "roe": 1.09,
            "roe_4q": 3.41,
            "gross_profit": 85327,
            "gross_margin": 46.26,
            "gross_margin_4q_avg": 41.34,
            "net_income": 19776,
            "net_income_4q": null,
            "revenue": 184456,
            "revenue_4q": null,
            "common_shares": 406218,
            "book_valuer_per_share": 44.87,
            "book_valuer_per_share_4q_avg": 47.36,
            "equity": 1822816,
            "current_ratio": 513.56,
            "debt_ratio": 24.62,
            "inventory_turnover_ratio": 0.3,
            "account_receivable_turnover_ratio": 0.36,
            "reinvestment_rate": -3.38,
            "research_to_sale_ratio": 8.22,
            "price_fair": 200,
            "eps_avg_yearly": 5.71,
            "eps_latest_yearly": 1.96,
            "eps_growth_yearly": 124.77
        },
        "20164": {
            "year_quarter": 20164,
            "year": 2016,
            "quarter": 4,
            "eps": -0.59,
            "eps_growth_year": -320.05,
            "eps_4q": 0.72,
            "eps_4q_growth_year": -86.76,
            "roe": -1.31,
            "roe_4q": 1.55,
            "gross_profit": 74266,
            "gross_margin": 43.43,
            "gross_margin_4q_avg": 41.35,
            "net_income": -23782,
            "net_income_4q": null,
            "revenue": 170992,
            "revenue_4q": null,
            "common_shares": 406218,
            "book_valuer_per_share": 44.35,
            "book_valuer_per_share_4q_avg": 46.26,
            "equity": 1801408,
            "current_ratio": 487.03,
            "debt_ratio": 25.48,
            "inventory_turnover_ratio": 0.27,
            "account_receivable_turnover_ratio": 0.35,
            "reinvestment_rate": -19.08,
            "research_to_sale_ratio": 10.64,
            "price_fair": 204.51,
            "eps_avg_yearly": 5.84,
            "eps_latest_yearly": 1.96,
            "eps_growth_yearly": 152.34
        },
        "20171": {
            "year_quarter": 20171,
            "year": 2017,
            "quarter": 1,
            "eps": 0.58,
            "eps_growth_year": 61.11,
            "eps_4q": 0.95,
            "eps_4q_growth_year": -76.65,
            "roe": 1.3,
            "roe_4q": 2.1100000000000003,
            "gross_profit": 105276,
            "gross_margin": 37.59,
            "gross_margin_4q_avg": 41,
            "net_income": 23428,
            "net_income_4q": null,
            "revenue": 280067,
            "revenue_4q": null,
            "common_shares": 406218,
            "book_valuer_per_share": 44.6,
            "book_valuer_per_share_4q_avg": 45.15,
            "equity": 1811764,
            "current_ratio": 256.14,
            "debt_ratio": 29.15,
            "inventory_turnover_ratio": 0.41,
            "account_receivable_turnover_ratio": 0.57,
            "reinvestment_rate": -7.01,
            "research_to_sale_ratio": 5.46,
            "price_fair": 200.78,
            "eps_avg_yearly": 5.74,
            "eps_latest_yearly": 1.96,
            "eps_growth_yearly": 139.63
        },
        "20172": {
            "year_quarter": 20172,
            "year": 2017,
            "quarter": 2,
            "eps": 1.22,
            "eps_growth_year": 148.98,
            "eps_4q": 1.69,
            "eps_4q_growth_year": -45.1,
            "roe": 2.73,
            "roe_4q": 3.8100000000000005,
            "gross_profit": 108799,
            "gross_margin": 33.21,
            "gross_margin_4q_avg": 40.12,
            "net_income": 49362,
            "net_income_4q": null,
            "revenue": 327611,
            "revenue_4q": null,
            "common_shares": 406218,
            "book_valuer_per_share": 44.36,
            "book_valuer_per_share_4q_avg": 44.55,
            "equity": 1802008,
            "current_ratio": 242.78,
            "debt_ratio": 30.67,
            "inventory_turnover_ratio": 0.53,
            "account_receivable_turnover_ratio": 0.62,
            "reinvestment_rate": -26.84,
            "research_to_sale_ratio": 5.28,
            "price_fair": 188.65,
            "eps_avg_yearly": 5.39,
            "eps_latest_yearly": 4.88,
            "eps_growth_yearly": 167.42
        },
        "20173": {
            "year_quarter": 20173,
            "year": 2017,
            "quarter": 3,
            "eps": 0.63,
            "eps_growth_year": 28.57,
            "eps_4q": 1.84,
            "eps_4q_growth_year": 18.21,
            "roe": 1.42,
            "roe_4q": 4.140000000000001,
            "gross_profit": 100157,
            "gross_margin": 30.15,
            "gross_margin_4q_avg": 36.1,
            "net_income": 25793,
            "net_income_4q": null,
            "revenue": 332205,
            "revenue_4q": null,
            "common_shares": 406218,
            "book_valuer_per_share": 45,
            "book_valuer_per_share_4q_avg": 44.58,
            "equity": 1828054,
            "current_ratio": 190.13,
            "debt_ratio": 46.47,
            "inventory_turnover_ratio": 0.45,
            "account_receivable_turnover_ratio": 0.62,
            "reinvestment_rate": -4.02,
            "research_to_sale_ratio": 5.06,
            "price_fair": 175.58,
            "eps_avg_yearly": 5.02,
            "eps_latest_yearly": 2.52,
            "eps_growth_yearly": 158.82
        },
        "20174": {
            "year_quarter": 20174,
            "year": 2017,
            "quarter": 4,
            "eps": 4.25,
            "eps_growth_year": null,
            "eps_4q": 6.37,
            "eps_4q_growth_year": 785.93,
            "roe": 9.41,
            "roe_4q": 14.860000000000001,
            "gross_profit": 118304,
            "gross_margin": 27.51,
            "gross_margin_4q_avg": 32.12,
            "net_income": 198340,
            "net_income_4q": null,
            "revenue": 430102,
            "revenue_4q": null,
            "common_shares": 466218,
            "book_valuer_per_share": 51.21,
            "book_valuer_per_share_4q_avg": 46.29,
            "equity": 2387453,
            "current_ratio": 256.04,
            "debt_ratio": 38.42,
            "inventory_turnover_ratio": 0.47,
            "account_receivable_turnover_ratio": 0.78,
            "reinvestment_rate": -2.45,
            "research_to_sale_ratio": 5,
            "price_fair": 220.15,
            "eps_avg_yearly": 6.29,
            "eps_latest_yearly": 17,
            "eps_growth_yearly": 375.5
        },
        "20181": {
            "year_quarter": 20181,
            "year": 2018,
            "quarter": 1,
            "eps": 0.34,
            "eps_growth_year": -41.38,
            "eps_4q": 6.14,
            "eps_4q_growth_year": 547.48,
            "roe": 0.67,
            "roe_4q": 14.23,
            "gross_profit": 118570,
            "gross_margin": 27.75,
            "gross_margin_4q_avg": 29.66,
            "net_income": 16121,
            "net_income_4q": null,
            "revenue": 427347,
            "revenue_4q": null,
            "common_shares": 471481,
            "book_valuer_per_share": 51.73,
            "book_valuer_per_share_4q_avg": 48.08,
            "equity": 2438984,
            "current_ratio": 276.42,
            "debt_ratio": 35.81,
            "inventory_turnover_ratio": 0.44,
            "account_receivable_turnover_ratio": 0.72,
            "reinvestment_rate": -4.43,
            "research_to_sale_ratio": 3.6,
            "price_fair": 196.23,
            "eps_avg_yearly": 5.61,
            "eps_latest_yearly": 1.36,
            "eps_growth_yearly": 192.89
        },
        "20182": {
            "year_quarter": 20182,
            "year": 2018,
            "quarter": 2,
            "eps": 1.57,
            "eps_growth_year": 28.69,
            "eps_4q": 6.66,
            "eps_4q_growth_year": 293.51,
            "roe": 3.1,
            "roe_4q": 14.6,
            "gross_profit": 139651,
            "gross_margin": 28.07,
            "gross_margin_4q_avg": 28.37,
            "net_income": 73907,
            "net_income_4q": null,
            "revenue": 497475,
            "revenue_4q": null,
            "common_shares": 471481,
            "book_valuer_per_share": 49.35,
            "book_valuer_per_share_4q_avg": 49.32,
            "equity": 2326650,
            "current_ratio": 243.11,
            "debt_ratio": 38.79,
            "inventory_turnover_ratio": 0.47,
            "account_receivable_turnover_ratio": 0.74,
            "reinvestment_rate": -5.07,
            "research_to_sale_ratio": 4.09,
            "price_fair": 184.68,
            "eps_avg_yearly": 5.28,
            "eps_latest_yearly": 6.28,
            "eps_growth_yearly": 311.11
        },
        "20183": {
            "year_quarter": 20183,
            "year": 2018,
            "quarter": 3,
            "eps": 1.39,
            "eps_growth_year": 120.63,
            "eps_4q": 7.51,
            "eps_4q_growth_year": 307.89,
            "roe": 2.79,
            "roe_4q": 15.97,
            "gross_profit": 148566,
            "gross_margin": 34.81,
            "gross_margin_4q_avg": 29.54,
            "net_income": 65754,
            "net_income_4q": null,
            "revenue": 426769,
            "revenue_4q": null,
            "common_shares": 471481,
            "book_valuer_per_share": 50.71,
            "book_valuer_per_share_4q_avg": 50.75,
            "equity": 2390937,
            "current_ratio": 285.56,
            "debt_ratio": 33.9,
            "inventory_turnover_ratio": 0.35,
            "account_receivable_turnover_ratio": 0.62,
            "reinvestment_rate": -7.12,
            "research_to_sale_ratio": 3.41,
            "price_fair": 168.47,
            "eps_avg_yearly": 4.81,
            "eps_latest_yearly": 5.56,
            "eps_growth_yearly": 304.43
        },
        "20184": {
            "year_quarter": 20184,
            "year": 2018,
            "quarter": 4,
            "eps": 0.87,
            "eps_growth_year": -79.65,
            "eps_4q": 4.17,
            "eps_4q_growth_year": -34.53,
            "roe": 1.7,
            "roe_4q": 8.26,
            "gross_profit": 125540,
            "gross_margin": 31.02,
            "gross_margin_4q_avg": 30.41,
            "net_income": 40818,
            "net_income_4q": null,
            "revenue": 404695,
            "revenue_4q": null,
            "common_shares": 471481,
            "book_valuer_per_share": 51.36,
            "book_valuer_per_share_4q_avg": 50.79,
            "equity": 2421583,
            "current_ratio": 279.61,
            "debt_ratio": 33.25,
            "inventory_turnover_ratio": 0.35,
            "account_receivable_turnover_ratio": 0.64,
            "reinvestment_rate": 3.05,
            "research_to_sale_ratio": 4.73,
            "price_fair": 164.88,
            "eps_avg_yearly": 4.71,
            "eps_latest_yearly": 3.48,
            "eps_growth_yearly": 269.5
        },
        "20191": {
            "year_quarter": 20191,
            "year": 2019,
            "quarter": 1,
            "eps": 0.19,
            "eps_growth_year": -44.12,
            "eps_4q": 4.04,
            "eps_4q_growth_year": -34.23,
            "roe": 0.37,
            "roe_4q": 7.959999999999999,
            "gross_profit": 83641,
            "gross_margin": 28.75,
            "gross_margin_4q_avg": 30.66,
            "net_income": 9095,
            "net_income_4q": null,
            "revenue": 290885,
            "revenue_4q": null,
            "common_shares": 471481,
            "book_valuer_per_share": 51.83,
            "book_valuer_per_share_4q_avg": 50.81,
            "equity": 2432037,
            "current_ratio": 260.94,
            "debt_ratio": 35.45,
            "inventory_turnover_ratio": 0.24,
            "account_receivable_turnover_ratio": 0.52,
            "reinvestment_rate": 2.76,
            "research_to_sale_ratio": 5.54,
            "price_fair": 155,
            "eps_avg_yearly": 4.43,
            "eps_latest_yearly": 0.76,
            "eps_growth_yearly": 227.92
        },
        "20192": {
            "year_quarter": 20192,
            "year": 2019,
            "quarter": 2,
            "eps": 1.03,
            "eps_growth_year": -34.39,
            "eps_4q": 3.49,
            "eps_4q_growth_year": -47.63,
            "roe": 2.01,
            "roe_4q": 6.87,
            "gross_profit": 146443,
            "gross_margin": 33.15,
            "gross_margin_4q_avg": 31.93,
            "net_income": 48089,
            "net_income_4q": null,
            "revenue": 441718,
            "revenue_4q": null,
            "common_shares": 471481,
            "book_valuer_per_share": 50.3,
            "book_valuer_per_share_4q_avg": 51.05,
            "equity": 2360488,
            "current_ratio": 259.33,
            "debt_ratio": 36.79,
            "inventory_turnover_ratio": 0.3,
            "account_receivable_turnover_ratio": 0.8,
            "reinvestment_rate": 2.08,
            "research_to_sale_ratio": 3.82,
            "price_fair": 152.1,
            "eps_avg_yearly": 4.35,
            "eps_latest_yearly": 4.12,
            "eps_growth_yearly": 361
        },
        "20193": {
            "year_quarter": 20193,
            "year": 2019,
            "quarter": 3,
            "eps": 0.09,
            "eps_growth_year": -93.53,
            "eps_4q": 2.17,
            "eps_4q_growth_year": -71.06,
            "roe": 0.17,
            "roe_4q": 4.25,
            "gross_profit": 92186,
            "gross_margin": 18.67,
            "gross_margin_4q_avg": 27.9,
            "net_income": 4003,
            "net_income_4q": null,
            "revenue": 493777,
            "revenue_4q": null,
            "common_shares": 471481,
            "book_valuer_per_share": 50.35,
            "book_valuer_per_share_4q_avg": 50.96,
            "equity": 2362705,
            "current_ratio": 247.34,
            "debt_ratio": 37.36,
            "inventory_turnover_ratio": 0.39,
            "account_receivable_turnover_ratio": 0.83,
            "reinvestment_rate": 1.57,
            "research_to_sale_ratio": 3.32,
            "price_fair": 131.9,
            "eps_avg_yearly": 3.77,
            "eps_latest_yearly": 0.36,
            "eps_growth_yearly": 317.83
        },
        "20194": {
            "year_quarter": 20194,
            "year": 2019,
            "quarter": 4,
            "eps": 0.75,
            "eps_growth_year": -12.96,
            "eps_4q": 2.06,
            "eps_4q_growth_year": -50.66,
            "roe": 1.49,
            "roe_4q": 4.04,
            "gross_profit": 125780,
            "gross_margin": 25,
            "gross_margin_4q_avg": 26.39,
            "net_income": 35359,
            "net_income_4q": null,
            "revenue": 503148,
            "revenue_4q": null,
            "common_shares": 471481,
            "book_valuer_per_share": 51.03,
            "book_valuer_per_share_4q_avg": 50.88,
            "equity": 2394621,
            "current_ratio": 247.2,
            "debt_ratio": 35.95,
            "inventory_turnover_ratio": 0.36,
            "account_receivable_turnover_ratio": 0.92,
            "reinvestment_rate": 0.96,
            "research_to_sale_ratio": 3.04,
            "price_fair": 136.7,
            "eps_avg_yearly": 3.91,
            "eps_latest_yearly": 3,
            "eps_growth_yearly": 552.27
        },
        "20201": {
            "year_quarter": 20201,
            "year": 2020,
            "quarter": 1,
            "eps": 0.11,
            "eps_growth_year": -42.11,
            "eps_4q": 1.97,
            "eps_4q_growth_year": -51.2,
            "roe": 0.21,
            "roe_4q": 3.88,
            "gross_profit": 82691,
            "gross_margin": 25.16,
            "gross_margin_4q_avg": 25.5,
            "net_income": 5057,
            "net_income_4q": null,
            "revenue": 328724,
            "revenue_4q": null,
            "common_shares": 471481,
            "book_valuer_per_share": 51.1,
            "book_valuer_per_share_4q_avg": 50.7,
            "equity": 2398035,
            "current_ratio": 232.4,
            "debt_ratio": 37.3,
            "inventory_turnover_ratio": 0.22,
            "account_receivable_turnover_ratio": 0.64,
            "reinvestment_rate": -4.23,
            "research_to_sale_ratio": 5.93,
            "price_fair": 134.2,
            "eps_avg_yearly": 3.83,
            "eps_latest_yearly": 0.44,
            "eps_growth_yearly": 518.36
        },
        "20202": {
            "year_quarter": 20202,
            "year": 2020,
            "quarter": 2,
            "eps": 0.35,
            "eps_growth_year": -66.02,
            "eps_4q": 1.3,
            "eps_4q_growth_year": -62.82,
            "roe": 0.69,
            "roe_4q": 2.5599999999999996,
            "gross_profit": 110982,
            "gross_margin": 21.47,
            "gross_margin_4q_avg": 22.58,
            "net_income": 16463,
            "net_income_4q": null,
            "revenue": 516875,
            "revenue_4q": null,
            "common_shares": 471481,
            "book_valuer_per_share": 50.19,
            "book_valuer_per_share_4q_avg": 50.67,
            "equity": 2355065,
            "current_ratio": 221.65,
            "debt_ratio": 37.37,
            "inventory_turnover_ratio": 0.37,
            "account_receivable_turnover_ratio": 0.9,
            "reinvestment_rate": -4.79,
            "research_to_sale_ratio": 3.15,
            "price_fair": 132.8,
            "eps_avg_yearly": 3.79,
            "eps_latest_yearly": 1.4,
            "eps_growth_yearly": 570.38
        },
        "20203": {
            "year_quarter": 20203,
            "year": 2020,
            "quarter": 3,
            "eps": 0.1,
            "eps_growth_year": 11.11,
            "eps_4q": 1.31,
            "eps_4q_growth_year": -39.51,
            "roe": 0.2,
            "roe_4q": 2.59,
            "gross_profit": 95795,
            "gross_margin": 25.4,
            "gross_margin_4q_avg": 24.26,
            "net_income": 4823,
            "net_income_4q": null,
            "revenue": 377190,
            "revenue_4q": null,
            "common_shares": 471481,
            "book_valuer_per_share": 50.21,
            "book_valuer_per_share_4q_avg": 50.63,
            "equity": 2356047,
            "current_ratio": 221.94,
            "debt_ratio": 39.15,
            "inventory_turnover_ratio": 0.28,
            "account_receivable_turnover_ratio": 0.58,
            "reinvestment_rate": 23.04,
            "research_to_sale_ratio": 4.04,
            "price_fair": 128.9,
            "eps_avg_yearly": 3.68,
            "eps_latest_yearly": 0.4,
            "eps_growth_yearly": 549.97
        },
        "20204": {
            "year_quarter": 20204,
            "year": 2020,
            "quarter": 4,
            "eps": -0.38,
            "eps_growth_year": -149.99,
            "eps_4q": 0.18,
            "eps_4q_growth_year": -91.02,
            "roe": -0.75,
            "roe_4q": 0.34999999999999987,
            "gross_profit": 79938,
            "gross_margin": 17.03,
            "gross_margin_4q_avg": 22.27,
            "net_income": -17675,
            "net_income_4q": null,
            "revenue": 469360,
            "revenue_4q": null,
            "common_shares": 471481,
            "book_valuer_per_share": 49.92,
            "book_valuer_per_share_4q_avg": 50.36,
            "equity": 2342625,
            "current_ratio": 203.07,
            "debt_ratio": 41.05,
            "inventory_turnover_ratio": 0.39,
            "account_receivable_turnover_ratio": 0.73,
            "reinvestment_rate": 35.52,
            "research_to_sale_ratio": 3.08,
            "price_fair": 128.9,
            "eps_avg_yearly": 3.68,
            "eps_latest_yearly": 0.4,
            "eps_growth_yearly": 549.97
        },
        "20211": {
            "year_quarter": 20211,
            "year": 2021,
            "quarter": 1,
            "eps": 0.42,
            "eps_growth_year": 281.82,
            "eps_4q": 0.5,
            "eps_4q_growth_year": -74.66,
            "roe": 0.84,
            "roe_4q": 0.98,
            "gross_profit": 108535,
            "gross_margin": 22.97,
            "gross_margin_4q_avg": 21.72,
            "net_income": 19834,
            "net_income_4q": null,
            "revenue": 472602,
            "revenue_4q": null,
            "common_shares": 471481,
            "book_valuer_per_share": 50.38,
            "book_valuer_per_share_4q_avg": 50.18,
            "equity": 2364077,
            "current_ratio": 197.59,
            "debt_ratio": 41.48,
            "inventory_turnover_ratio": 0.36,
            "account_receivable_turnover_ratio": 0.71,
            "reinvestment_rate": 35.68,
            "research_to_sale_ratio": 3.98,
            "price_fair": 128.9,
            "eps_avg_yearly": 3.68,
            "eps_latest_yearly": 0.4,
            "eps_growth_yearly": 549.97
        },
        "20212": {
            "year_quarter": 20212,
            "year": 2021,
            "quarter": 2,
            "eps": 0.73,
            "eps_growth_year": 108.57,
            "eps_4q": 0.88,
            "eps_4q_growth_year": -32.48,
            "roe": 1.44,
            "roe_4q": 1.7299999999999998,
            "gross_profit": 149923,
            "gross_margin": 25.77,
            "gross_margin_4q_avg": 22.79,
            "net_income": 34123,
            "net_income_4q": null,
            "revenue": 581855,
            "revenue_4q": null,
            "common_shares": 471481,
            "book_valuer_per_share": 50.63,
            "book_valuer_per_share_4q_avg": 50.29,
            "equity": 2377776,
            "current_ratio": 182.1,
            "debt_ratio": 44.46,
            "inventory_turnover_ratio": 0.42,
            "account_receivable_turnover_ratio": 0.81,
            "reinvestment_rate": 33.18,
            "research_to_sale_ratio": 2.72,
            "price_fair": 124,
            "eps_avg_yearly": 3.54,
            "eps_latest_yearly": 2.92,
            "eps_growth_yearly": 539.54
        },
        "20213": {
            "year_quarter": 20213,
            "year": 2021,
            "quarter": 3,
            "eps": 1.57,
            "eps_growth_year": 1470,
            "eps_4q": 2.34,
            "eps_4q_growth_year": 77.87,
            "roe": 3.02,
            "roe_4q": 4.55,
            "gross_profit": 178366,
            "gross_margin": 25.62,
            "gross_margin_4q_avg": 22.85,
            "net_income": 73043,
            "net_income_4q": null,
            "revenue": 696282,
            "revenue_4q": null,
            "common_shares": 471481,
            "book_valuer_per_share": 52.3,
            "book_valuer_per_share_4q_avg": 50.81,
            "equity": 2458926,
            "current_ratio": 174.93,
            "debt_ratio": 45.46,
            "inventory_turnover_ratio": 0.48,
            "account_receivable_turnover_ratio": 0.84,
            "reinvestment_rate": 5.62,
            "research_to_sale_ratio": 2.54,
            "price_fair": 133.4,
            "eps_avg_yearly": 3.81,
            "eps_latest_yearly": 6.28,
            "eps_growth_yearly": 586.23
        },
        "20214": {
            "year_quarter": 20214,
            "year": 2021,
            "quarter": 4,
            "eps": 1.22,
            "eps_growth_year": null,
            "eps_4q": 3.93,
            "eps_4q_growth_year": 2028.31,
            "roe": 2.26,
            "roe_4q": 7.559999999999999,
            "gross_profit": 169611,
            "gross_margin": 25.46,
            "gross_margin_4q_avg": 24.96,
            "net_income": 56309,
            "net_income_4q": null,
            "revenue": 666297,
            "revenue_4q": null,
            "common_shares": 471481,
            "book_valuer_per_share": 53.65,
            "book_valuer_per_share_4q_avg": 51.74,
            "equity": 2521409,
            "current_ratio": 190.01,
            "debt_ratio": 44.03,
            "inventory_turnover_ratio": 0.44,
            "account_receivable_turnover_ratio": 0.71,
            "reinvestment_rate": 0.3,
            "research_to_sale_ratio": 3.04,
            "price_fair": 103.1,
            "eps_avg_yearly": 2.95,
            "eps_latest_yearly": 4.88,
            "eps_growth_yearly": 415.69
        },
        "20221": {
            "year_quarter": 20221,
            "year": 2022,
            "quarter": 1,
            "eps": 1.49,
            "eps_growth_year": 254.76,
            "eps_4q": 5,
            "eps_4q_growth_year": 900.77,
            "roe": 2.74,
            "roe_4q": 9.459999999999999,
            "gross_profit": 125613,
            "gross_margin": 25.13,
            "gross_margin_4q_avg": 25.5,
            "net_income": 68865,
            "net_income_4q": null,
            "revenue": 499951,
            "revenue_4q": null,
            "common_shares": 469261,
            "book_valuer_per_share": 53.32,
            "book_valuer_per_share_4q_avg": 52.48,
            "equity": 2504576,
            "current_ratio": 180.05,
            "debt_ratio": 47.53,
            "inventory_turnover_ratio": 0.32,
            "account_receivable_turnover_ratio": 0.55,
            "reinvestment_rate": 6.76,
            "research_to_sale_ratio": 4.32,
            "price_fair": 114.6,
            "eps_avg_yearly": 3.27,
            "eps_latest_yearly": 5.96,
            "eps_growth_yearly": 448.3
        },
        "20222": {
            "year_quarter": 20222,
            "year": 2022,
            "quarter": 2,
            "eps": 1.51,
            "eps_growth_year": 106.85,
            "eps_4q": 5.78,
            "eps_4q_growth_year": 559.94,
            "roe": 2.75,
            "roe_4q": 10.77,
            "gross_profit": 126939,
            "gross_margin": 24.13,
            "gross_margin_4q_avg": 25.09,
            "net_income": 69905,
            "net_income_4q": null,
            "revenue": 526068,
            "revenue_4q": null,
            "common_shares": 469261,
            "book_valuer_per_share": 54.75,
            "book_valuer_per_share_4q_avg": 53.51,
            "equity": 2571183,
            "current_ratio": 162.31,
            "debt_ratio": 50.77,
            "inventory_turnover_ratio": 0.32,
            "account_receivable_turnover_ratio": 0.65,
            "reinvestment_rate": 11.81,
            "research_to_sale_ratio": 4.04,
            "price_fair": 114,
            "eps_avg_yearly": 3.26,
            "eps_latest_yearly": 6.04,
            "eps_growth_yearly": 345.32
        },
        "20223": {
            "year_quarter": 20223,
            "year": 2022,
            "quarter": 3,
            "eps": 1.98,
            "eps_growth_year": 26.11,
            "eps_4q": 6.2,
            "eps_4q_growth_year": 165.1,
            "roe": 3.54,
            "roe_4q": 11.290000000000001,
            "gross_profit": 103894,
            "gross_margin": 26.46,
            "gross_margin_4q_avg": 25.3,
            "net_income": 92754,
            "net_income_4q": null,
            "revenue": 392620,
            "revenue_4q": null,
            "common_shares": 469261,
            "book_valuer_per_share": 56.81,
            "book_valuer_per_share_4q_avg": 54.63,
            "equity": 2670349,
            "current_ratio": 176.18,
            "debt_ratio": 48.39,
            "inventory_turnover_ratio": 0.21,
            "account_receivable_turnover_ratio": 0.57,
            "reinvestment_rate": 24.99,
            "research_to_sale_ratio": 6.29,
            "price_fair": 119.9,
            "eps_avg_yearly": 3.43,
            "eps_latest_yearly": 7.92,
            "eps_growth_yearly": 357.49
        },
        "20224": {
            "year_quarter": 20224,
            "year": 2022,
            "quarter": 4,
            "eps": -0.13,
            "eps_growth_year": -110.99,
            "eps_4q": 4.83,
            "eps_4q_growth_year": 22.79,
            "roe": -0.26,
            "roe_4q": 8.77,
            "gross_profit": 124998,
            "gross_margin": 33.15,
            "gross_margin_4q_avg": 27.22,
            "net_income": -6872,
            "net_income_4q": null,
            "revenue": 377084,
            "revenue_4q": null,
            "common_shares": 471471,
            "book_valuer_per_share": 56.5,
            "book_valuer_per_share_4q_avg": 55.35,
            "equity": 2667890,
            "current_ratio": 178.9,
            "debt_ratio": 47.75,
            "inventory_turnover_ratio": 0.16,
            "account_receivable_turnover_ratio": 0.66,
            "reinvestment_rate": 34.24,
            "research_to_sale_ratio": 4.76,
            "price_fair": 119.75,
            "eps_avg_yearly": 3.42,
            "eps_latest_yearly": 7.92,
            "eps_growth_yearly": 396.5
        },
        "20231": {
            "year_quarter": 20231,
            "year": 2023,
            "quarter": 1,
            "eps": 0.27,
            "eps_growth_year": -81.88,
            "eps_4q": 3.59,
            "eps_4q_growth_year": -28.19,
            "roe": 0.45,
            "roe_4q": 6.48,
            "gross_profit": 100478,
            "gross_margin": 31.54,
            "gross_margin_4q_avg": 28.82,
            "net_income": 11831,
            "net_income_4q": null,
            "revenue": 318555,
            "revenue_4q": null,
            "common_shares": 474226,
            "book_valuer_per_share": 54.78,
            "book_valuer_per_share_4q_avg": 55.71,
            "equity": 2600874,
            "current_ratio": 174.52,
            "debt_ratio": 47.96,
            "inventory_turnover_ratio": 0.12,
            "account_receivable_turnover_ratio": 0.71,
            "reinvestment_rate": 39.1,
            "research_to_sale_ratio": 6.38,
            "price_fair": 127.52,
            "eps_avg_yearly": 3.64,
            "eps_latest_yearly": 7.92,
            "eps_growth_yearly": 455.59
        },
        "20232": {
            "year_quarter": 20232,
            "year": 2023,
            "quarter": 2,
            "eps": 0.71,
            "eps_growth_year": -52.98,
            "eps_4q": 2.81,
            "eps_4q_growth_year": -51.46,
            "roe": 1.25,
            "roe_4q": 4.98,
            "gross_profit": 115672,
            "gross_margin": 23.48,
            "gross_margin_4q_avg": 28.66,
            "net_income": 32640,
            "net_income_4q": null,
            "revenue": 492607,
            "revenue_4q": null,
            "common_shares": 474226,
            "book_valuer_per_share": 55.51,
            "book_valuer_per_share_4q_avg": 55.9,
            "equity": 2634570,
            "current_ratio": 188.08,
            "debt_ratio": 43.94,
            "inventory_turnover_ratio": 0.22,
            "account_receivable_turnover_ratio": 1.3,
            "reinvestment_rate": 48.91,
            "research_to_sale_ratio": 4.52,
            "price_fair": 123.78,
            "eps_avg_yearly": 3.54,
            "eps_latest_yearly": 2.84,
            "eps_growth_yearly": 362.55
        },
        "20233": {
            "year_quarter": 20233,
            "year": 2023,
            "quarter": 3,
            "eps": 0.53,
            "eps_growth_year": -73.23,
            "eps_4q": 1.37,
            "eps_4q_growth_year": -77.88,
            "roe": 0.98,
            "roe_4q": 2.42,
            "gross_profit": 79694,
            "gross_margin": 23.51,
            "gross_margin_4q_avg": 27.92,
            "net_income": 25895,
            "net_income_4q": null,
            "revenue": 338969,
            "revenue_4q": null,
            "common_shares": 475481,
            "book_valuer_per_share": 56,
            "book_valuer_per_share_4q_avg": 55.7,
            "equity": 2665475,
            "current_ratio": 210.16,
            "debt_ratio": 40.97,
            "inventory_turnover_ratio": 0.16,
            "account_receivable_turnover_ratio": 0.89,
            "reinvestment_rate": 50.72,
            "research_to_sale_ratio": 4.82,
            "price_fair": 128.92,
            "eps_avg_yearly": 3.68,
            "eps_latest_yearly": 2.12,
            "eps_growth_yearly": 384.52
        }
    },
    "months": {
        "2010-10": {
            "month": "2010-10",
            "price": "81.93",
            "revenue": 92691
        },
        "2010-11": {
            "month": "2010-11",
            "price": "80.91",
            "revenue": 43775
        },
        "2010-12": {
            "month": "2010-12",
            "price": "85.96",
            "revenue": 48593
        },
        "2011-01": {
            "month": "2011-01",
            "price": "84.97",
            "revenue": 42315
        },
        "2011-02": {
            "month": "2011-02",
            "price": "85.19",
            "revenue": 80751
        },
        "2011-03": {
            "month": "2011-03",
            "price": "85.22",
            "revenue": 114700
        },
        "2011-04": {
            "month": "2011-04",
            "price": "83.35",
            "revenue": 111226
        },
        "2011-05": {
            "month": "2011-05",
            "price": "80.91",
            "revenue": 88811
        },
        "2011-06": {
            "month": "2011-06",
            "price": "80.91",
            "revenue": 182559
        },
        "2011-07": {
            "month": "2011-07",
            "price": "78.84",
            "revenue": 94991
        },
        "2011-08": {
            "month": "2011-08",
            "price": "71.45",
            "revenue": 150069
        },
        "2011-09": {
            "month": "2011-09",
            "price": "64.40",
            "revenue": 156831
        },
        "2011-10": {
            "month": "2011-10",
            "price": "60.60",
            "revenue": 126351
        },
        "2011-11": {
            "month": "2011-11",
            "price": "75.95",
            "revenue": 77313
        },
        "2011-12": {
            "month": "2011-12",
            "price": "61.96",
            "revenue": 67264
        },
        "2012-01": {
            "month": "2012-01",
            "price": "60.74",
            "revenue": 69821
        },
        "2012-02": {
            "month": "2012-02",
            "price": "78.55",
            "revenue": 73571
        },
        "2012-03": {
            "month": "2012-03",
            "price": "81.02",
            "revenue": 82767
        },
        "2012-04": {
            "month": "2012-04",
            "price": "71.92",
            "revenue": 92341
        },
        "2012-05": {
            "month": "2012-05",
            "price": "64.03",
            "revenue": 105454
        },
        "2012-06": {
            "month": "2012-06",
            "price": "64.97",
            "revenue": 159006
        },
        "2012-07": {
            "month": "2012-07",
            "price": "64.06",
            "revenue": 124814
        },
        "2012-08": {
            "month": "2012-08",
            "price": "63.29",
            "revenue": 159140
        },
        "2012-09": {
            "month": "2012-09",
            "price": "66.84",
            "revenue": 155812
        },
        "2012-10": {
            "month": "2012-10",
            "price": "64.52",
            "revenue": 103281
        },
        "2012-11": {
            "month": "2012-11",
            "price": "59.82",
            "revenue": 66661
        },
        "2012-12": {
            "month": "2012-12",
            "price": "60.19",
            "revenue": 64952
        },
        "2013-01": {
            "month": "2013-01",
            "price": "61.22",
            "revenue": 86968
        },
        "2013-02": {
            "month": "2013-02",
            "price": "63.65",
            "revenue": 91299
        },
        "2013-03": {
            "month": "2013-03",
            "price": "68.19",
            "revenue": 101026
        },
        "2013-04": {
            "month": "2013-04",
            "price": "67.16",
            "revenue": 104195
        },
        "2013-05": {
            "month": "2013-05",
            "price": "68.68",
            "revenue": 121027
        },
        "2013-06": {
            "month": "2013-06",
            "price": "69.52",
            "revenue": 178080
        },
        "2013-07": {
            "month": "2013-07",
            "price": "72.76",
            "revenue": 137517
        },
        "2013-08": {
            "month": "2013-08",
            "price": "75.78",
            "revenue": 94435
        },
        "2013-09": {
            "month": "2013-09",
            "price": "70.40",
            "revenue": 70276
        },
        "2013-10": {
            "month": "2013-10",
            "price": "66.29",
            "revenue": 54360
        },
        "2013-11": {
            "month": "2013-11",
            "price": "65.61",
            "revenue": 47474
        },
        "2013-12": {
            "month": "2013-12",
            "price": "66.78",
            "revenue": 64193
        },
        "2014-01": {
            "month": "2014-01",
            "price": "68.84",
            "revenue": 67943
        },
        "2014-02": {
            "month": "2014-02",
            "price": "68.74",
            "revenue": 86603
        },
        "2014-03": {
            "month": "2014-03",
            "price": "70.03",
            "revenue": 181122
        },
        "2014-04": {
            "month": "2014-04",
            "price": "79.52",
            "revenue": 172750
        },
        "2014-05": {
            "month": "2014-05",
            "price": "92.00",
            "revenue": 140451
        },
        "2014-06": {
            "month": "2014-06",
            "price": "88.58",
            "revenue": 144385
        },
        "2014-07": {
            "month": "2014-07",
            "price": "83.97",
            "revenue": 76175
        },
        "2014-08": {
            "month": "2014-08",
            "price": "77.13",
            "revenue": 104233
        },
        "2014-09": {
            "month": "2014-09",
            "price": "77.93",
            "revenue": 122207
        },
        "2014-10": {
            "month": "2014-10",
            "price": "77.70",
            "revenue": 74202
        },
        "2014-11": {
            "month": "2014-11",
            "price": "80.10",
            "revenue": 79801
        },
        "2014-12": {
            "month": "2014-12",
            "price": "82.75",
            "revenue": 72589
        },
        "2015-01": {
            "month": "2015-01",
            "price": "83.58",
            "revenue": 73845
        },
        "2015-02": {
            "month": "2015-02",
            "price": "83.42",
            "revenue": 102813
        },
        "2015-03": {
            "month": "2015-03",
            "price": "84.87",
            "revenue": 173420
        },
        "2015-04": {
            "month": "2015-04",
            "price": "81.54",
            "revenue": 129188
        },
        "2015-05": {
            "month": "2015-05",
            "price": "72.60",
            "revenue": 110379
        },
        "2015-06": {
            "month": "2015-06",
            "price": "67.46",
            "revenue": 104261
        },
        "2015-07": {
            "month": "2015-07",
            "price": "61.41",
            "revenue": 80045
        },
        "2015-08": {
            "month": "2015-08",
            "price": "53.32",
            "revenue": 94081
        },
        "2015-09": {
            "month": "2015-09",
            "price": "52.83",
            "revenue": 77604
        },
        "2015-10": {
            "month": "2015-10",
            "price": "54.68",
            "revenue": 39936
        },
        "2015-11": {
            "month": "2015-11",
            "price": "58.77",
            "revenue": 44989
        },
        "2015-12": {
            "month": "2015-12",
            "price": "59.86",
            "revenue": 56349
        },
        "2016-01": {
            "month": "2016-01",
            "price": "55.90",
            "revenue": 56420
        },
        "2016-02": {
            "month": "2016-02",
            "price": "56.05",
            "revenue": 54938
        },
        "2016-03": {
            "month": "2016-03",
            "price": "57.47",
            "revenue": 92343
        },
        "2016-04": {
            "month": "2016-04",
            "price": "54.69",
            "revenue": 77402
        },
        "2016-05": {
            "month": "2016-05",
            "price": "50.70",
            "revenue": 71679
        },
        "2016-06": {
            "month": "2016-06",
            "price": "48.18",
            "revenue": 52674
        },
        "2016-07": {
            "month": "2016-07",
            "price": "48.23",
            "revenue": 46229
        },
        "2016-08": {
            "month": "2016-08",
            "price": "47.22",
            "revenue": 84503
        },
        "2016-09": {
            "month": "2016-09",
            "price": "43.21",
            "revenue": 53724
        },
        "2016-10": {
            "month": "2016-10",
            "price": "40.34",
            "revenue": 44492
        },
        "2016-11": {
            "month": "2016-11",
            "price": "35.76",
            "revenue": 62194
        },
        "2016-12": {
            "month": "2016-12",
            "price": "38.82",
            "revenue": 64543
        },
        "2017-01": {
            "month": "2017-01",
            "price": "40.27",
            "revenue": 86397
        },
        "2017-02": {
            "month": "2017-02",
            "price": "45.22",
            "revenue": 81060
        },
        "2017-03": {
            "month": "2017-03",
            "price": "48.81",
            "revenue": 112610
        },
        "2017-04": {
            "month": "2017-04",
            "price": "51.72",
            "revenue": 96085
        },
        "2017-05": {
            "month": "2017-05",
            "price": "49.06",
            "revenue": 100827
        },
        "2017-06": {
            "month": "2017-06",
            "price": "49.95",
            "revenue": 130699
        },
        "2017-07": {
            "month": "2017-07",
            "price": "60.59",
            "revenue": 87827
        },
        "2017-08": {
            "month": "2017-08",
            "price": "65.51",
            "revenue": 110527
        },
        "2017-09": {
            "month": "2017-09",
            "price": "68.17",
            "revenue": 133851
        },
        "2017-10": {
            "month": "2017-10",
            "price": "67.42",
            "revenue": 130791
        },
        "2017-11": {
            "month": "2017-11",
            "price": "68.82",
            "revenue": 125994
        },
        "2017-12": {
            "month": "2017-12",
            "price": "64.45",
            "revenue": 173352
        },
        "2018-01": {
            "month": "2018-01",
            "price": "64.25",
            "revenue": 194520
        },
        "2018-02": {
            "month": "2018-02",
            "price": "63.05",
            "revenue": 88525
        },
        "2018-03": {
            "month": "2018-03",
            "price": "63.87",
            "revenue": 144302
        },
        "2018-04": {
            "month": "2018-04",
            "price": "66.56",
            "revenue": 163547
        },
        "2018-05": {
            "month": "2018-05",
            "price": "62.35",
            "revenue": 192505
        },
        "2018-06": {
            "month": "2018-06",
            "price": "62.76",
            "revenue": 141423
        },
        "2018-07": {
            "month": "2018-07",
            "price": "53.01",
            "revenue": 155780
        },
        "2018-08": {
            "month": "2018-08",
            "price": "51.01",
            "revenue": 143619
        },
        "2018-09": {
            "month": "2018-09",
            "price": "50.20",
            "revenue": 127370
        },
        "2018-10": {
            "month": "2018-10",
            "price": "47.23",
            "revenue": 154227
        },
        "2018-11": {
            "month": "2018-11",
            "price": "47.22",
            "revenue": 81569
        },
        "2018-12": {
            "month": "2018-12",
            "price": "46.75",
            "revenue": 168899
        },
        "2019-01": {
            "month": "2019-01",
            "price": "45.52",
            "revenue": 107952
        },
        "2019-02": {
            "month": "2019-02",
            "price": "47.23",
            "revenue": 99077
        },
        "2019-03": {
            "month": "2019-03",
            "price": "47.30",
            "revenue": 83856
        },
        "2019-04": {
            "month": "2019-04",
            "price": "45.65",
            "revenue": 157288
        },
        "2019-05": {
            "month": "2019-05",
            "price": "41.78",
            "revenue": 170884
        },
        "2019-06": {
            "month": "2019-06",
            "price": "40.39",
            "revenue": 113546
        },
        "2019-07": {
            "month": "2019-07",
            "price": "39.92",
            "revenue": 161703
        },
        "2019-08": {
            "month": "2019-08",
            "price": "38.10",
            "revenue": 160034
        },
        "2019-09": {
            "month": "2019-09",
            "price": "40.23",
            "revenue": 172040
        },
        "2019-10": {
            "month": "2019-10",
            "price": "43.33",
            "revenue": 174425
        },
        "2019-11": {
            "month": "2019-11",
            "price": "40.49",
            "revenue": 162924
        },
        "2019-12": {
            "month": "2019-12",
            "price": "39.09",
            "revenue": 165799
        },
        "2020-01": {
            "month": "2020-01",
            "price": "38.85",
            "revenue": 116603
        },
        "2020-02": {
            "month": "2020-02",
            "price": "36.41",
            "revenue": 78965
        },
        "2020-03": {
            "month": "2020-03",
            "price": "29.16",
            "revenue": 133156
        },
        "2020-04": {
            "month": "2020-04",
            "price": "30.19",
            "revenue": 219039
        },
        "2020-05": {
            "month": "2020-05",
            "price": "33.92",
            "revenue": 155376
        },
        "2020-06": {
            "month": "2020-06",
            "price": "35.93",
            "revenue": 142460
        },
        "2020-07": {
            "month": "2020-07",
            "price": "35.13",
            "revenue": 106101
        },
        "2020-08": {
            "month": "2020-08",
            "price": "33.15",
            "revenue": 174962
        },
        "2020-09": {
            "month": "2020-09",
            "price": "32.38",
            "revenue": 96127
        },
        "2020-10": {
            "month": "2020-10",
            "price": "30.96",
            "revenue": 140888
        },
        "2020-11": {
            "month": "2020-11",
            "price": "29.99",
            "revenue": 186355
        },
        "2020-12": {
            "month": "2020-12",
            "price": "31.65",
            "revenue": 142117
        },
        "2021-01": {
            "month": "2021-01",
            "price": "31.16",
            "revenue": 152460
        },
        "2021-02": {
            "month": "2021-02",
            "price": "30.60",
            "revenue": 132872
        },
        "2021-03": {
            "month": "2021-03",
            "price": "31.67",
            "revenue": 187084
        },
        "2021-04": {
            "month": "2021-04",
            "price": "33.38",
            "revenue": 179037
        },
        "2021-05": {
            "month": "2021-05",
            "price": "29.94",
            "revenue": 170708
        },
        "2021-06": {
            "month": "2021-06",
            "price": "29.46",
            "revenue": 232296
        },
        "2021-07": {
            "month": "2021-07",
            "price": "34.30",
            "revenue": 229174
        },
        "2021-08": {
            "month": "2021-08",
            "price": "36.46",
            "revenue": 243710
        },
        "2021-09": {
            "month": "2021-09",
            "price": "40.08",
            "revenue": 223398
        },
        "2021-10": {
            "month": "2021-10",
            "price": "37.80",
            "revenue": 253639
        },
        "2021-11": {
            "month": "2021-11",
            "price": "46.06",
            "revenue": 214620
        },
        "2021-12": {
            "month": "2021-12",
            "price": "45.49",
            "revenue": 198038
        },
        "2022-01": {
            "month": "2022-01",
            "price": "45.88",
            "revenue": 176745
        },
        "2022-02": {
            "month": "2022-02",
            "price": "43.09",
            "revenue": 158941
        },
        "2022-03": {
            "month": "2022-03",
            "price": "41.14",
            "revenue": 164265
        },
        "2022-04": {
            "month": "2022-04",
            "price": "38.56",
            "revenue": 192211
        },
        "2022-05": {
            "month": "2022-05",
            "price": "38.64",
            "revenue": 162270
        },
        "2022-06": {
            "month": "2022-06",
            "price": "39.86",
            "revenue": 171587
        },
        "2022-07": {
            "month": "2022-07",
            "price": "34.80",
            "revenue": 134610
        },
        "2022-08": {
            "month": "2022-08",
            "price": "37.42",
            "revenue": 119938
        },
        "2022-09": {
            "month": "2022-09",
            "price": "38.21",
            "revenue": 138072
        },
        "2022-10": {
            "month": "2022-10",
            "price": "36.92",
            "revenue": 120022
        },
        "2022-11": {
            "month": "2022-11",
            "price": "37.52",
            "revenue": 137035
        },
        "2022-12": {
            "month": "2022-12",
            "price": "38.11",
            "revenue": 120027
        },
        "2023-01": {
            "month": "2023-01",
            "price": "38.07",
            "revenue": 110169
        },
        "2023-02": {
            "month": "2023-02",
            "price": "38.74",
            "revenue": 122082
        },
        "2023-03": {
            "month": "2023-03",
            "price": "40.42",
            "revenue": 86304
        },
        "2023-04": {
            "month": "2023-04",
            "price": "39.32",
            "revenue": 160468
        },
        "2023-05": {
            "month": "2023-05",
            "price": "38.84",
            "revenue": 163152
        },
        "2023-06": {
            "month": "2023-06",
            "price": "40.01",
            "revenue": 168987
        },
        "2023-07": {
            "month": "2023-07",
            "price": "41.34",
            "revenue": 84113
        },
        "2023-08": {
            "month": "2023-08",
            "price": "39.49",
            "revenue": 104912
        },
        "2023-09": {
            "month": "2023-09",
            "price": "38.89",
            "revenue": 149944
        },
        "2023-10": {
            "month": "2023-10",
            "price": "38.84",
            "revenue": 128317
        },
        "2023-11": {
            "month": "2023-11",
            "price": "38.04",
            "revenue": 65872
        }
    }
}
