{
    "summary": {
        "stock_name": "直得",
        "stock_id": "1597",
        "category": "電機機械",
        "main_business": "微型及標準型線性滑軌之研究開發製造及銷售<br>線性馬達之研究開發製造及銷售<br>機器手臂及軟體PLC之研究開發製造及銷售",
        "website_url": "http://www.chieftek.com/",
        "ceo": "許明哲",
        "pe_ratio": 21,
        "report_year_from": 2009,
        "report_year_to": 2023,
        "age": 14,
        "eps_negative_percentage": 0,
        "eps_growth_avg": {
            "last_all": 16.61,
            "last_2y": 24.37,
            "last_4y": 14.54,
            "last_8y": 24.99,
            "last_12y": null,
            "last_16y": null,
            "last_20y": null,
            "at_2006_last_3y": null,
            "at_2007_last_3y": null,
            "at_2008_last_3y": null,
            "at_2009_last_3y": null,
            "at_2010_last_3y": null,
            "at_2011_last_3y": null,
            "at_2012_last_3y": null,
            "at_2013_last_3y": null,
            "at_2014_last_3y": null,
            "at_2015_last_3y": -2.08,
            "at_2016_last_3y": 5.3,
            "at_2017_last_3y": 38.05,
            "at_2018_last_3y": 71.27,
            "at_2019_last_3y": 29.47,
            "at_2020_last_3y": 28.3,
            "at_2021_last_3y": 16.35,
            "at_2022_last_3y": 1.47,
            "at_2023_last_3y": 1.47,
            "at_2006_last_all": null,
            "at_2007_last_all": null,
            "at_2008_last_all": null,
            "at_2009_last_all": null,
            "at_2010_last_all": null,
            "at_2011_last_all": null,
            "at_2012_last_all": null,
            "at_2013_last_all": -21.12,
            "at_2014_last_all": -36.1,
            "at_2015_last_all": -2.08,
            "at_2016_last_all": 1.99,
            "at_2017_last_all": 18.33,
            "at_2018_last_all": 25.25,
            "at_2019_last_all": 13.7,
            "at_2020_last_all": 13.68,
            "at_2021_last_all": 17.53,
            "at_2022_last_all": 16.61,
            "at_2023_last_all": 16.61
        },
        "latest_eps": 3.03,
        "latest_price": 62.7,
        "latest_roe": 11.31,
        "latest_gross_margin": 46.6,
        "latest_equity": 2330725,
        "latest_revenue": 285978,
        "latest_gross_profit": 133271,
        "latest_net_income": 44031,
        "latest_debt_ratio": 43.06,
        "latest_current_ratio": 195.48,
        "latest_account_receivable_turnover_ratio": 1.08,
        "latest_inventory_turnover_ratio": 0.23,
        "latest_reinvestment_rate": 75.28,
        "latest_research_to_sale_ratio": 6.11
    },
    "eps_dividends": {
        "2001": {
            "cash": 0,
            "stock": 0,
            "eps": 0
        },
        "2002": {
            "cash": 0,
            "stock": 0,
            "eps": 0
        },
        "2003": {
            "cash": 0,
            "stock": 0,
            "eps": 0
        },
        "2004": {
            "cash": 0,
            "stock": 0,
            "eps": 0
        },
        "2005": {
            "cash": 0,
            "stock": 0,
            "eps": 0
        },
        "2006": {
            "cash": 0,
            "stock": 0,
            "eps": 0
        },
        "2007": {
            "cash": 0,
            "stock": 0,
            "eps": 0
        },
        "2008": {
            "cash": 0,
            "stock": 0,
            "eps": 0
        },
        "2009": {
            "cash": 0,
            "stock": 0,
            "eps": 0
        },
        "2010": {
            "cash": 0,
            "stock": 0,
            "eps": 0
        },
        "2011": {
            "cash": 0.5,
            "stock": 0.8,
            "eps": 1.78
        },
        "2012": {
            "cash": 1,
            "stock": 1,
            "eps": 1.58
        },
        "2013": {
            "cash": 0.3,
            "stock": 0.5,
            "eps": 1.09
        },
        "2014": {
            "cash": 0.2,
            "stock": 0.5,
            "eps": 0.37
        },
        "2015": {
            "cash": 0.5,
            "stock": 0,
            "eps": 1.26
        },
        "2016": {
            "cash": 0.5,
            "stock": 0.5,
            "eps": 1.49
        },
        "2017": {
            "cash": 1,
            "stock": 0,
            "eps": 4.04
        },
        "2018": {
            "cash": 1,
            "stock": 2.5,
            "eps": 6.74
        },
        "2019": {
            "cash": 1,
            "stock": 1,
            "eps": 2.21
        },
        "2020": {
            "cash": 1,
            "stock": 0,
            "eps": 2.51
        },
        "2021": {
            "cash": 1.5,
            "stock": 0,
            "eps": 3.82
        },
        "2022": {
            "cash": 1.5,
            "stock": 1,
            "eps": 4.1
        },
        "2023": {
            "cash": 2,
            "stock": 0,
            "eps": 0.93
        }
    },
    "dividends": {
        "2011-04-27": {
            "cash": 0.5,
            "stock": 0.8
        },
        "2012-04-23": {
            "cash": 1,
            "stock": 1
        },
        "2013-06-27": {
            "cash": 0.3,
            "stock": 0.5
        },
        "2014-10-03": {
            "cash": 0.2,
            "stock": 0.5
        },
        "2015-08-07": {
            "cash": 0.5,
            "stock": 0
        },
        "2016-10-06": {
            "cash": 0.5,
            "stock": 0.5
        },
        "2017-08-18": {
            "cash": 1,
            "stock": 0
        },
        "2018-09-03": {
            "cash": 1,
            "stock": 2.5
        },
        "2019-10-16": {
            "cash": 1,
            "stock": 1
        },
        "2020-09-18": {
            "cash": 1,
            "stock": 0
        },
        "2021-06-30": {
            "cash": 1.5,
            "stock": 0
        },
        "2022-07-05": {
            "cash": 1.5,
            "stock": 1
        },
        "2023-09-13": {
            "cash": 2,
            "stock": 0
        }
    },
    "prices": {
        "200101": "無",
        "200102": "無",
        "200103": "無",
        "200104": "無",
        "200105": "無",
        "200106": "無",
        "200107": "無",
        "200108": "無",
        "200109": "無",
        "200110": "無",
        "200111": "無",
        "200112": "無",
        "200201": "無",
        "200202": "無",
        "200203": "無",
        "200204": "無",
        "200205": "無",
        "200206": "無",
        "200207": "無",
        "200208": "無",
        "200209": "無",
        "200210": "無",
        "200211": "無",
        "200212": "無",
        "200301": "無",
        "200302": "無",
        "200303": "無",
        "200304": "無",
        "200305": "無",
        "200306": "無",
        "200307": "無",
        "200308": "無",
        "200309": "無",
        "200310": "無",
        "200311": "無",
        "200312": "無",
        "200401": "無",
        "200402": "無",
        "200403": "無",
        "200404": "無",
        "200405": "無",
        "200406": "無",
        "200407": "無",
        "200408": "無",
        "200409": "無",
        "200410": "無",
        "200411": "無",
        "200412": "無",
        "200501": "無",
        "200502": "無",
        "200503": "無",
        "200504": "無",
        "200505": "無",
        "200506": "無",
        "200507": "無",
        "200508": "無",
        "200509": "無",
        "200510": "無",
        "200511": "無",
        "200512": "無",
        "200601": "無",
        "200602": "無",
        "200603": "無",
        "200604": "無",
        "200605": "無",
        "200606": "無",
        "200607": "無",
        "200608": "無",
        "200609": "無",
        "200610": "無",
        "200611": "無",
        "200612": "無",
        "200701": "無",
        "200702": "無",
        "200703": "無",
        "200704": "無",
        "200705": "無",
        "200706": "無",
        "200707": "無",
        "200708": "無",
        "200709": "無",
        "200710": "無",
        "200711": "無",
        "200712": "無",
        "200801": "無",
        "200802": "無",
        "200803": "無",
        "200804": "無",
        "200805": "無",
        "200806": "無",
        "200807": "無",
        "200808": "無",
        "200809": "無",
        "200810": "無",
        "200811": "無",
        "200812": "無",
        "200901": "無",
        "200902": "無",
        "200903": "無",
        "200904": "無",
        "200905": "無",
        "200906": "無",
        "200907": "無",
        "200908": "無",
        "200909": "無",
        "200910": "無",
        "200911": "無",
        "200912": "無",
        "201001": "無",
        "201002": "無",
        "201003": "無",
        "201004": "無",
        "201005": "無",
        "201006": "無",
        "201007": "無",
        "201008": "無",
        "201009": "無",
        "201010": "無",
        "201011": "無",
        "201012": "無",
        "201101": "無",
        "201102": "無",
        "201103": "64.38",
        "201104": "78.32",
        "201105": "102.96",
        "201106": "102.57",
        "201107": "101.42",
        "201108": "117.14",
        "201109": "106.64",
        "201110": "92.07",
        "201111": "79.85",
        "201112": "71.89",
        "201201": "67.93",
        "201202": "82.89",
        "201203": "82.95",
        "201204": "85.74",
        "201205": "81.86",
        "201206": "82.03",
        "201207": "81.68",
        "201208": "76.50",
        "201209": "62.32",
        "201210": "53.28",
        "201211": "49.43",
        "201212": "47.00",
        "201301": "54.53",
        "201302": "79.94",
        "201303": "73.06",
        "201304": "61.04",
        "201305": "59.33",
        "201306": "69.42",
        "201307": "60.67",
        "201308": "56.19",
        "201309": "52.15",
        "201310": "49.83",
        "201311": "46.17",
        "201312": "47.23",
        "201401": "52.26",
        "201402": "57.44",
        "201403": "57.84",
        "201404": "50.79",
        "201405": "46.86",
        "201406": "47.56",
        "201407": "47.46",
        "201408": "41.95",
        "201409": "40.95",
        "201410": "33.67",
        "201411": "34.90",
        "201412": "41.15",
        "201501": "40.30",
        "201502": "37.40",
        "201503": "37.58",
        "201504": "34.98",
        "201505": "35.26",
        "201506": "32.39",
        "201507": "27.08",
        "201508": "24.51",
        "201509": "26.01",
        "201510": "27.58",
        "201511": "27.59",
        "201512": "27.17",
        "201601": "25.34",
        "201602": "25.08",
        "201603": "28.88",
        "201604": "29.95",
        "201605": "27.75",
        "201606": "27.76",
        "201607": "30.94",
        "201608": "30.26",
        "201609": "35.12",
        "201610": "33.14",
        "201611": "29.98",
        "201612": "32.38",
        "201701": "31.77",
        "201702": "32.82",
        "201703": "35.94",
        "201704": "34.38",
        "201705": "40.60",
        "201706": "56.56",
        "201707": "56.72",
        "201708": "64.38",
        "201709": "83.40",
        "201710": "90.22",
        "201711": "99.48",
        "201712": "88.38",
        "201801": "106.46",
        "201802": "132.23",
        "201803": "147.76",
        "201804": "186.94",
        "201805": "174.73",
        "201806": "163.75",
        "201807": "144.93",
        "201808": "126.76",
        "201809": "110.18",
        "201810": "83.65",
        "201811": "77.35",
        "201812": "82.46",
        "201901": "83.30",
        "201902": "92.57",
        "201903": "90.09",
        "201904": "103.19",
        "201905": "94.89",
        "201906": "84.74",
        "201907": "92.84",
        "201908": "88.32",
        "201909": "85.71",
        "201910": "87.14",
        "201911": "88.13",
        "201912": "91.30",
        "202001": "92.73",
        "202002": "94.65",
        "202003": "71.69",
        "202004": "76.20",
        "202005": "90.74",
        "202006": "92.76",
        "202007": "89.83",
        "202008": "79.20",
        "202009": "78.92",
        "202010": "76.86",
        "202011": "76.85",
        "202012": "86.56",
        "202101": "98.74",
        "202102": "107.51",
        "202103": "119.50",
        "202104": "128.84",
        "202105": "100.03",
        "202106": "109.64",
        "202107": "111.80",
        "202108": "100.51",
        "202109": "90.61",
        "202110": "84.78",
        "202111": "88.22",
        "202112": "86.25",
        "202201": "84.34",
        "202202": "81.94",
        "202203": "85.50",
        "202204": "78.83",
        "202205": "77.49",
        "202206": "79.27",
        "202207": "73.74",
        "202208": "74.90",
        "202209": "71.41",
        "202210": "70.82",
        "202211": "76.26",
        "202212": "72.82",
        "202301": "70.53",
        "202302": "75.23",
        "202303": "78.34",
        "202304": "78.01",
        "202305": "74.90",
        "202306": "74.15",
        "202307": "69.90",
        "202308": "66.08",
        "202309": "64.69",
        "202310": "63.86"
    },
    "quarters": {
        "20011": {
            "year_quarter": 20011,
            "year": 2001,
            "quarter": 1,
            "eps": null,
            "eps_growth_year": null,
            "eps_4q": null,
            "eps_4q_growth_year": null,
            "roe": null,
            "roe_4q": 0,
            "gross_profit": null,
            "gross_margin": null,
            "gross_margin_4q_avg": 0,
            "net_income": null,
            "net_income_4q": null,
            "revenue": null,
            "revenue_4q": null,
            "common_shares": null,
            "book_valuer_per_share": null,
            "book_valuer_per_share_4q_avg": 0,
            "equity": null,
            "current_ratio": null,
            "debt_ratio": null,
            "inventory_turnover_ratio": null,
            "account_receivable_turnover_ratio": null,
            "reinvestment_rate": null,
            "research_to_sale_ratio": null,
            "price_fair": 0,
            "eps_avg_yearly": 0,
            "eps_latest_yearly": 0,
            "eps_growth_yearly": 0
        },
        "20012": {
            "year_quarter": 20012,
            "year": 2001,
            "quarter": 2,
            "eps": null,
            "eps_growth_year": null,
            "eps_4q": null,
            "eps_4q_growth_year": null,
            "roe": null,
            "roe_4q": 0,
            "gross_profit": null,
            "gross_margin": null,
            "gross_margin_4q_avg": 0,
            "net_income": null,
            "net_income_4q": null,
            "revenue": null,
            "revenue_4q": null,
            "common_shares": null,
            "book_valuer_per_share": null,
            "book_valuer_per_share_4q_avg": 0,
            "equity": null,
            "current_ratio": null,
            "debt_ratio": null,
            "inventory_turnover_ratio": null,
            "account_receivable_turnover_ratio": null,
            "reinvestment_rate": null,
            "research_to_sale_ratio": null,
            "price_fair": 0,
            "eps_avg_yearly": 0,
            "eps_latest_yearly": 0,
            "eps_growth_yearly": 0
        },
        "20013": {
            "year_quarter": 20013,
            "year": 2001,
            "quarter": 3,
            "eps": null,
            "eps_growth_year": null,
            "eps_4q": null,
            "eps_4q_growth_year": null,
            "roe": null,
            "roe_4q": 0,
            "gross_profit": null,
            "gross_margin": null,
            "gross_margin_4q_avg": 0,
            "net_income": null,
            "net_income_4q": null,
            "revenue": null,
            "revenue_4q": null,
            "common_shares": null,
            "book_valuer_per_share": null,
            "book_valuer_per_share_4q_avg": 0,
            "equity": null,
            "current_ratio": null,
            "debt_ratio": null,
            "inventory_turnover_ratio": null,
            "account_receivable_turnover_ratio": null,
            "reinvestment_rate": null,
            "research_to_sale_ratio": null,
            "price_fair": 0,
            "eps_avg_yearly": 0,
            "eps_latest_yearly": 0,
            "eps_growth_yearly": 0
        },
        "20014": {
            "year_quarter": 20014,
            "year": 2001,
            "quarter": 4,
            "eps": null,
            "eps_growth_year": null,
            "eps_4q": null,
            "eps_4q_growth_year": null,
            "roe": null,
            "roe_4q": 0,
            "gross_profit": null,
            "gross_margin": null,
            "gross_margin_4q_avg": 0,
            "net_income": null,
            "net_income_4q": null,
            "revenue": null,
            "revenue_4q": null,
            "common_shares": null,
            "book_valuer_per_share": null,
            "book_valuer_per_share_4q_avg": 0,
            "equity": null,
            "current_ratio": null,
            "debt_ratio": null,
            "inventory_turnover_ratio": null,
            "account_receivable_turnover_ratio": null,
            "reinvestment_rate": null,
            "research_to_sale_ratio": null,
            "price_fair": 0,
            "eps_avg_yearly": 0,
            "eps_latest_yearly": 0,
            "eps_growth_yearly": 0
        },
        "20021": {
            "year_quarter": 20021,
            "year": 2002,
            "quarter": 1,
            "eps": null,
            "eps_growth_year": null,
            "eps_4q": null,
            "eps_4q_growth_year": null,
            "roe": null,
            "roe_4q": 0,
            "gross_profit": null,
            "gross_margin": null,
            "gross_margin_4q_avg": 0,
            "net_income": null,
            "net_income_4q": null,
            "revenue": null,
            "revenue_4q": null,
            "common_shares": null,
            "book_valuer_per_share": null,
            "book_valuer_per_share_4q_avg": 0,
            "equity": null,
            "current_ratio": null,
            "debt_ratio": null,
            "inventory_turnover_ratio": null,
            "account_receivable_turnover_ratio": null,
            "reinvestment_rate": null,
            "research_to_sale_ratio": null,
            "price_fair": 0,
            "eps_avg_yearly": 0,
            "eps_latest_yearly": 0,
            "eps_growth_yearly": 0
        },
        "20022": {
            "year_quarter": 20022,
            "year": 2002,
            "quarter": 2,
            "eps": null,
            "eps_growth_year": null,
            "eps_4q": null,
            "eps_4q_growth_year": null,
            "roe": null,
            "roe_4q": 0,
            "gross_profit": null,
            "gross_margin": null,
            "gross_margin_4q_avg": 0,
            "net_income": null,
            "net_income_4q": null,
            "revenue": null,
            "revenue_4q": null,
            "common_shares": null,
            "book_valuer_per_share": null,
            "book_valuer_per_share_4q_avg": 0,
            "equity": null,
            "current_ratio": null,
            "debt_ratio": null,
            "inventory_turnover_ratio": null,
            "account_receivable_turnover_ratio": null,
            "reinvestment_rate": null,
            "research_to_sale_ratio": null,
            "price_fair": 0,
            "eps_avg_yearly": 0,
            "eps_latest_yearly": 0,
            "eps_growth_yearly": 0
        },
        "20023": {
            "year_quarter": 20023,
            "year": 2002,
            "quarter": 3,
            "eps": null,
            "eps_growth_year": null,
            "eps_4q": null,
            "eps_4q_growth_year": null,
            "roe": null,
            "roe_4q": 0,
            "gross_profit": null,
            "gross_margin": null,
            "gross_margin_4q_avg": 0,
            "net_income": null,
            "net_income_4q": null,
            "revenue": null,
            "revenue_4q": null,
            "common_shares": null,
            "book_valuer_per_share": null,
            "book_valuer_per_share_4q_avg": 0,
            "equity": null,
            "current_ratio": null,
            "debt_ratio": null,
            "inventory_turnover_ratio": null,
            "account_receivable_turnover_ratio": null,
            "reinvestment_rate": null,
            "research_to_sale_ratio": null,
            "price_fair": 0,
            "eps_avg_yearly": 0,
            "eps_latest_yearly": 0,
            "eps_growth_yearly": 0
        },
        "20024": {
            "year_quarter": 20024,
            "year": 2002,
            "quarter": 4,
            "eps": null,
            "eps_growth_year": null,
            "eps_4q": null,
            "eps_4q_growth_year": null,
            "roe": null,
            "roe_4q": 0,
            "gross_profit": null,
            "gross_margin": null,
            "gross_margin_4q_avg": 0,
            "net_income": null,
            "net_income_4q": null,
            "revenue": null,
            "revenue_4q": null,
            "common_shares": null,
            "book_valuer_per_share": null,
            "book_valuer_per_share_4q_avg": 0,
            "equity": null,
            "current_ratio": null,
            "debt_ratio": null,
            "inventory_turnover_ratio": null,
            "account_receivable_turnover_ratio": null,
            "reinvestment_rate": null,
            "research_to_sale_ratio": null,
            "price_fair": 0,
            "eps_avg_yearly": 0,
            "eps_latest_yearly": 0,
            "eps_growth_yearly": 0
        },
        "20031": {
            "year_quarter": 20031,
            "year": 2003,
            "quarter": 1,
            "eps": null,
            "eps_growth_year": null,
            "eps_4q": null,
            "eps_4q_growth_year": null,
            "roe": null,
            "roe_4q": 0,
            "gross_profit": null,
            "gross_margin": null,
            "gross_margin_4q_avg": 0,
            "net_income": null,
            "net_income_4q": null,
            "revenue": null,
            "revenue_4q": null,
            "common_shares": null,
            "book_valuer_per_share": null,
            "book_valuer_per_share_4q_avg": 0,
            "equity": null,
            "current_ratio": null,
            "debt_ratio": null,
            "inventory_turnover_ratio": null,
            "account_receivable_turnover_ratio": null,
            "reinvestment_rate": null,
            "research_to_sale_ratio": null,
            "price_fair": 0,
            "eps_avg_yearly": 0,
            "eps_latest_yearly": 0,
            "eps_growth_yearly": 0
        },
        "20032": {
            "year_quarter": 20032,
            "year": 2003,
            "quarter": 2,
            "eps": null,
            "eps_growth_year": null,
            "eps_4q": null,
            "eps_4q_growth_year": null,
            "roe": null,
            "roe_4q": 0,
            "gross_profit": null,
            "gross_margin": null,
            "gross_margin_4q_avg": 0,
            "net_income": null,
            "net_income_4q": null,
            "revenue": null,
            "revenue_4q": null,
            "common_shares": null,
            "book_valuer_per_share": null,
            "book_valuer_per_share_4q_avg": 0,
            "equity": null,
            "current_ratio": null,
            "debt_ratio": null,
            "inventory_turnover_ratio": null,
            "account_receivable_turnover_ratio": null,
            "reinvestment_rate": null,
            "research_to_sale_ratio": null,
            "price_fair": 0,
            "eps_avg_yearly": 0,
            "eps_latest_yearly": 0,
            "eps_growth_yearly": 0
        },
        "20033": {
            "year_quarter": 20033,
            "year": 2003,
            "quarter": 3,
            "eps": null,
            "eps_growth_year": null,
            "eps_4q": null,
            "eps_4q_growth_year": null,
            "roe": null,
            "roe_4q": 0,
            "gross_profit": null,
            "gross_margin": null,
            "gross_margin_4q_avg": 0,
            "net_income": null,
            "net_income_4q": null,
            "revenue": null,
            "revenue_4q": null,
            "common_shares": null,
            "book_valuer_per_share": null,
            "book_valuer_per_share_4q_avg": 0,
            "equity": null,
            "current_ratio": null,
            "debt_ratio": null,
            "inventory_turnover_ratio": null,
            "account_receivable_turnover_ratio": null,
            "reinvestment_rate": null,
            "research_to_sale_ratio": null,
            "price_fair": 0,
            "eps_avg_yearly": 0,
            "eps_latest_yearly": 0,
            "eps_growth_yearly": 0
        },
        "20034": {
            "year_quarter": 20034,
            "year": 2003,
            "quarter": 4,
            "eps": null,
            "eps_growth_year": null,
            "eps_4q": null,
            "eps_4q_growth_year": null,
            "roe": null,
            "roe_4q": 0,
            "gross_profit": null,
            "gross_margin": null,
            "gross_margin_4q_avg": 0,
            "net_income": null,
            "net_income_4q": null,
            "revenue": null,
            "revenue_4q": null,
            "common_shares": null,
            "book_valuer_per_share": null,
            "book_valuer_per_share_4q_avg": 0,
            "equity": null,
            "current_ratio": null,
            "debt_ratio": null,
            "inventory_turnover_ratio": null,
            "account_receivable_turnover_ratio": null,
            "reinvestment_rate": null,
            "research_to_sale_ratio": null,
            "price_fair": 0,
            "eps_avg_yearly": 0,
            "eps_latest_yearly": 0,
            "eps_growth_yearly": 0
        },
        "20041": {
            "year_quarter": 20041,
            "year": 2004,
            "quarter": 1,
            "eps": null,
            "eps_growth_year": null,
            "eps_4q": null,
            "eps_4q_growth_year": null,
            "roe": null,
            "roe_4q": 0,
            "gross_profit": null,
            "gross_margin": null,
            "gross_margin_4q_avg": 0,
            "net_income": null,
            "net_income_4q": null,
            "revenue": null,
            "revenue_4q": null,
            "common_shares": null,
            "book_valuer_per_share": null,
            "book_valuer_per_share_4q_avg": 0,
            "equity": null,
            "current_ratio": null,
            "debt_ratio": null,
            "inventory_turnover_ratio": null,
            "account_receivable_turnover_ratio": null,
            "reinvestment_rate": null,
            "research_to_sale_ratio": null,
            "price_fair": 0,
            "eps_avg_yearly": 0,
            "eps_latest_yearly": 0,
            "eps_growth_yearly": 0
        },
        "20042": {
            "year_quarter": 20042,
            "year": 2004,
            "quarter": 2,
            "eps": null,
            "eps_growth_year": null,
            "eps_4q": null,
            "eps_4q_growth_year": null,
            "roe": null,
            "roe_4q": 0,
            "gross_profit": null,
            "gross_margin": null,
            "gross_margin_4q_avg": 0,
            "net_income": null,
            "net_income_4q": null,
            "revenue": null,
            "revenue_4q": null,
            "common_shares": null,
            "book_valuer_per_share": null,
            "book_valuer_per_share_4q_avg": 0,
            "equity": null,
            "current_ratio": null,
            "debt_ratio": null,
            "inventory_turnover_ratio": null,
            "account_receivable_turnover_ratio": null,
            "reinvestment_rate": null,
            "research_to_sale_ratio": null,
            "price_fair": 0,
            "eps_avg_yearly": 0,
            "eps_latest_yearly": 0,
            "eps_growth_yearly": 0
        },
        "20043": {
            "year_quarter": 20043,
            "year": 2004,
            "quarter": 3,
            "eps": null,
            "eps_growth_year": null,
            "eps_4q": null,
            "eps_4q_growth_year": null,
            "roe": null,
            "roe_4q": 0,
            "gross_profit": null,
            "gross_margin": null,
            "gross_margin_4q_avg": 0,
            "net_income": null,
            "net_income_4q": null,
            "revenue": null,
            "revenue_4q": null,
            "common_shares": null,
            "book_valuer_per_share": null,
            "book_valuer_per_share_4q_avg": 0,
            "equity": null,
            "current_ratio": null,
            "debt_ratio": null,
            "inventory_turnover_ratio": null,
            "account_receivable_turnover_ratio": null,
            "reinvestment_rate": null,
            "research_to_sale_ratio": null,
            "price_fair": 0,
            "eps_avg_yearly": 0,
            "eps_latest_yearly": 0,
            "eps_growth_yearly": 0
        },
        "20044": {
            "year_quarter": 20044,
            "year": 2004,
            "quarter": 4,
            "eps": null,
            "eps_growth_year": null,
            "eps_4q": null,
            "eps_4q_growth_year": null,
            "roe": null,
            "roe_4q": 0,
            "gross_profit": null,
            "gross_margin": null,
            "gross_margin_4q_avg": 0,
            "net_income": null,
            "net_income_4q": null,
            "revenue": null,
            "revenue_4q": null,
            "common_shares": null,
            "book_valuer_per_share": null,
            "book_valuer_per_share_4q_avg": 0,
            "equity": null,
            "current_ratio": null,
            "debt_ratio": null,
            "inventory_turnover_ratio": null,
            "account_receivable_turnover_ratio": null,
            "reinvestment_rate": null,
            "research_to_sale_ratio": null,
            "price_fair": 0,
            "eps_avg_yearly": 0,
            "eps_latest_yearly": 0,
            "eps_growth_yearly": 0
        },
        "20051": {
            "year_quarter": 20051,
            "year": 2005,
            "quarter": 1,
            "eps": null,
            "eps_growth_year": null,
            "eps_4q": null,
            "eps_4q_growth_year": null,
            "roe": null,
            "roe_4q": 0,
            "gross_profit": null,
            "gross_margin": null,
            "gross_margin_4q_avg": 0,
            "net_income": null,
            "net_income_4q": null,
            "revenue": null,
            "revenue_4q": null,
            "common_shares": null,
            "book_valuer_per_share": null,
            "book_valuer_per_share_4q_avg": 0,
            "equity": null,
            "current_ratio": null,
            "debt_ratio": null,
            "inventory_turnover_ratio": null,
            "account_receivable_turnover_ratio": null,
            "reinvestment_rate": null,
            "research_to_sale_ratio": null,
            "price_fair": 0,
            "eps_avg_yearly": 0,
            "eps_latest_yearly": 0,
            "eps_growth_yearly": 0
        },
        "20052": {
            "year_quarter": 20052,
            "year": 2005,
            "quarter": 2,
            "eps": null,
            "eps_growth_year": null,
            "eps_4q": null,
            "eps_4q_growth_year": null,
            "roe": null,
            "roe_4q": 0,
            "gross_profit": null,
            "gross_margin": null,
            "gross_margin_4q_avg": 0,
            "net_income": null,
            "net_income_4q": null,
            "revenue": null,
            "revenue_4q": null,
            "common_shares": null,
            "book_valuer_per_share": null,
            "book_valuer_per_share_4q_avg": 0,
            "equity": null,
            "current_ratio": null,
            "debt_ratio": null,
            "inventory_turnover_ratio": null,
            "account_receivable_turnover_ratio": null,
            "reinvestment_rate": null,
            "research_to_sale_ratio": null,
            "price_fair": 0,
            "eps_avg_yearly": 0,
            "eps_latest_yearly": 0,
            "eps_growth_yearly": 0
        },
        "20053": {
            "year_quarter": 20053,
            "year": 2005,
            "quarter": 3,
            "eps": null,
            "eps_growth_year": null,
            "eps_4q": null,
            "eps_4q_growth_year": null,
            "roe": null,
            "roe_4q": 0,
            "gross_profit": null,
            "gross_margin": null,
            "gross_margin_4q_avg": 0,
            "net_income": null,
            "net_income_4q": null,
            "revenue": null,
            "revenue_4q": null,
            "common_shares": null,
            "book_valuer_per_share": null,
            "book_valuer_per_share_4q_avg": 0,
            "equity": null,
            "current_ratio": null,
            "debt_ratio": null,
            "inventory_turnover_ratio": null,
            "account_receivable_turnover_ratio": null,
            "reinvestment_rate": null,
            "research_to_sale_ratio": null,
            "price_fair": 0,
            "eps_avg_yearly": 0,
            "eps_latest_yearly": 0,
            "eps_growth_yearly": 0
        },
        "20054": {
            "year_quarter": 20054,
            "year": 2005,
            "quarter": 4,
            "eps": null,
            "eps_growth_year": null,
            "eps_4q": null,
            "eps_4q_growth_year": null,
            "roe": null,
            "roe_4q": 0,
            "gross_profit": null,
            "gross_margin": null,
            "gross_margin_4q_avg": 0,
            "net_income": null,
            "net_income_4q": null,
            "revenue": null,
            "revenue_4q": null,
            "common_shares": 360000,
            "book_valuer_per_share": 13.61,
            "book_valuer_per_share_4q_avg": 3.4,
            "equity": 489790,
            "current_ratio": 325.86,
            "debt_ratio": 33.56,
            "inventory_turnover_ratio": null,
            "account_receivable_turnover_ratio": null,
            "reinvestment_rate": null,
            "research_to_sale_ratio": null,
            "price_fair": 0,
            "eps_avg_yearly": 0,
            "eps_latest_yearly": 0,
            "eps_growth_yearly": 0
        },
        "20061": {
            "year_quarter": 20061,
            "year": 2006,
            "quarter": 1,
            "eps": null,
            "eps_growth_year": null,
            "eps_4q": null,
            "eps_4q_growth_year": null,
            "roe": null,
            "roe_4q": 0,
            "gross_profit": null,
            "gross_margin": null,
            "gross_margin_4q_avg": 0,
            "net_income": null,
            "net_income_4q": null,
            "revenue": null,
            "revenue_4q": null,
            "common_shares": null,
            "book_valuer_per_share": null,
            "book_valuer_per_share_4q_avg": 3.4,
            "equity": null,
            "current_ratio": null,
            "debt_ratio": null,
            "inventory_turnover_ratio": null,
            "account_receivable_turnover_ratio": null,
            "reinvestment_rate": null,
            "research_to_sale_ratio": null,
            "price_fair": 0,
            "eps_avg_yearly": 0,
            "eps_latest_yearly": 0,
            "eps_growth_yearly": 0
        },
        "20062": {
            "year_quarter": 20062,
            "year": 2006,
            "quarter": 2,
            "eps": null,
            "eps_growth_year": null,
            "eps_4q": null,
            "eps_4q_growth_year": null,
            "roe": null,
            "roe_4q": 0,
            "gross_profit": null,
            "gross_margin": null,
            "gross_margin_4q_avg": 0,
            "net_income": null,
            "net_income_4q": null,
            "revenue": null,
            "revenue_4q": null,
            "common_shares": null,
            "book_valuer_per_share": null,
            "book_valuer_per_share_4q_avg": 3.4,
            "equity": null,
            "current_ratio": null,
            "debt_ratio": null,
            "inventory_turnover_ratio": null,
            "account_receivable_turnover_ratio": null,
            "reinvestment_rate": null,
            "research_to_sale_ratio": null,
            "price_fair": 0,
            "eps_avg_yearly": 0,
            "eps_latest_yearly": 0,
            "eps_growth_yearly": 0
        },
        "20063": {
            "year_quarter": 20063,
            "year": 2006,
            "quarter": 3,
            "eps": null,
            "eps_growth_year": null,
            "eps_4q": null,
            "eps_4q_growth_year": null,
            "roe": null,
            "roe_4q": 0,
            "gross_profit": null,
            "gross_margin": null,
            "gross_margin_4q_avg": 0,
            "net_income": null,
            "net_income_4q": null,
            "revenue": null,
            "revenue_4q": null,
            "common_shares": null,
            "book_valuer_per_share": null,
            "book_valuer_per_share_4q_avg": 3.4,
            "equity": null,
            "current_ratio": null,
            "debt_ratio": null,
            "inventory_turnover_ratio": null,
            "account_receivable_turnover_ratio": null,
            "reinvestment_rate": null,
            "research_to_sale_ratio": null,
            "price_fair": 0,
            "eps_avg_yearly": 0,
            "eps_latest_yearly": 0,
            "eps_growth_yearly": 0
        },
        "20064": {
            "year_quarter": 20064,
            "year": 2006,
            "quarter": 4,
            "eps": null,
            "eps_growth_year": null,
            "eps_4q": null,
            "eps_4q_growth_year": null,
            "roe": null,
            "roe_4q": 0,
            "gross_profit": null,
            "gross_margin": null,
            "gross_margin_4q_avg": 0,
            "net_income": null,
            "net_income_4q": null,
            "revenue": null,
            "revenue_4q": null,
            "common_shares": 360000,
            "book_valuer_per_share": 13.76,
            "book_valuer_per_share_4q_avg": 3.44,
            "equity": 495442,
            "current_ratio": 346.66,
            "debt_ratio": 35.3,
            "inventory_turnover_ratio": null,
            "account_receivable_turnover_ratio": null,
            "reinvestment_rate": null,
            "research_to_sale_ratio": null,
            "price_fair": 0,
            "eps_avg_yearly": 0,
            "eps_latest_yearly": 0,
            "eps_growth_yearly": 0
        },
        "20071": {
            "year_quarter": 20071,
            "year": 2007,
            "quarter": 1,
            "eps": null,
            "eps_growth_year": null,
            "eps_4q": null,
            "eps_4q_growth_year": null,
            "roe": null,
            "roe_4q": 0,
            "gross_profit": null,
            "gross_margin": null,
            "gross_margin_4q_avg": 0,
            "net_income": null,
            "net_income_4q": null,
            "revenue": null,
            "revenue_4q": null,
            "common_shares": null,
            "book_valuer_per_share": null,
            "book_valuer_per_share_4q_avg": 3.44,
            "equity": null,
            "current_ratio": null,
            "debt_ratio": null,
            "inventory_turnover_ratio": null,
            "account_receivable_turnover_ratio": null,
            "reinvestment_rate": null,
            "research_to_sale_ratio": null,
            "price_fair": 0,
            "eps_avg_yearly": 0,
            "eps_latest_yearly": 0,
            "eps_growth_yearly": 0
        },
        "20072": {
            "year_quarter": 20072,
            "year": 2007,
            "quarter": 2,
            "eps": null,
            "eps_growth_year": null,
            "eps_4q": null,
            "eps_4q_growth_year": null,
            "roe": null,
            "roe_4q": 0,
            "gross_profit": null,
            "gross_margin": null,
            "gross_margin_4q_avg": 0,
            "net_income": null,
            "net_income_4q": null,
            "revenue": null,
            "revenue_4q": null,
            "common_shares": null,
            "book_valuer_per_share": null,
            "book_valuer_per_share_4q_avg": 3.44,
            "equity": null,
            "current_ratio": null,
            "debt_ratio": null,
            "inventory_turnover_ratio": null,
            "account_receivable_turnover_ratio": null,
            "reinvestment_rate": null,
            "research_to_sale_ratio": null,
            "price_fair": 0,
            "eps_avg_yearly": 0,
            "eps_latest_yearly": 0,
            "eps_growth_yearly": 0
        },
        "20073": {
            "year_quarter": 20073,
            "year": 2007,
            "quarter": 3,
            "eps": null,
            "eps_growth_year": null,
            "eps_4q": null,
            "eps_4q_growth_year": null,
            "roe": null,
            "roe_4q": 0,
            "gross_profit": null,
            "gross_margin": null,
            "gross_margin_4q_avg": 0,
            "net_income": null,
            "net_income_4q": null,
            "revenue": null,
            "revenue_4q": null,
            "common_shares": null,
            "book_valuer_per_share": null,
            "book_valuer_per_share_4q_avg": 3.44,
            "equity": null,
            "current_ratio": null,
            "debt_ratio": null,
            "inventory_turnover_ratio": null,
            "account_receivable_turnover_ratio": null,
            "reinvestment_rate": null,
            "research_to_sale_ratio": null,
            "price_fair": 0,
            "eps_avg_yearly": 0,
            "eps_latest_yearly": 0,
            "eps_growth_yearly": 0
        },
        "20074": {
            "year_quarter": 20074,
            "year": 2007,
            "quarter": 4,
            "eps": null,
            "eps_growth_year": null,
            "eps_4q": null,
            "eps_4q_growth_year": null,
            "roe": null,
            "roe_4q": 0,
            "gross_profit": null,
            "gross_margin": null,
            "gross_margin_4q_avg": 0,
            "net_income": null,
            "net_income_4q": null,
            "revenue": null,
            "revenue_4q": null,
            "common_shares": 360000,
            "book_valuer_per_share": 13.96,
            "book_valuer_per_share_4q_avg": 3.49,
            "equity": 502543,
            "current_ratio": 245.51,
            "debt_ratio": 39.17,
            "inventory_turnover_ratio": null,
            "account_receivable_turnover_ratio": null,
            "reinvestment_rate": null,
            "research_to_sale_ratio": null,
            "price_fair": 0,
            "eps_avg_yearly": 0,
            "eps_latest_yearly": 0,
            "eps_growth_yearly": 0
        },
        "20081": {
            "year_quarter": 20081,
            "year": 2008,
            "quarter": 1,
            "eps": null,
            "eps_growth_year": null,
            "eps_4q": null,
            "eps_4q_growth_year": null,
            "roe": null,
            "roe_4q": 0,
            "gross_profit": null,
            "gross_margin": null,
            "gross_margin_4q_avg": 0,
            "net_income": null,
            "net_income_4q": null,
            "revenue": null,
            "revenue_4q": null,
            "common_shares": null,
            "book_valuer_per_share": null,
            "book_valuer_per_share_4q_avg": 3.49,
            "equity": null,
            "current_ratio": null,
            "debt_ratio": null,
            "inventory_turnover_ratio": null,
            "account_receivable_turnover_ratio": null,
            "reinvestment_rate": null,
            "research_to_sale_ratio": null,
            "price_fair": 0,
            "eps_avg_yearly": 0,
            "eps_latest_yearly": 0,
            "eps_growth_yearly": 0
        },
        "20082": {
            "year_quarter": 20082,
            "year": 2008,
            "quarter": 2,
            "eps": null,
            "eps_growth_year": null,
            "eps_4q": null,
            "eps_4q_growth_year": null,
            "roe": null,
            "roe_4q": 0,
            "gross_profit": null,
            "gross_margin": null,
            "gross_margin_4q_avg": 0,
            "net_income": null,
            "net_income_4q": null,
            "revenue": null,
            "revenue_4q": null,
            "common_shares": null,
            "book_valuer_per_share": null,
            "book_valuer_per_share_4q_avg": 3.49,
            "equity": null,
            "current_ratio": null,
            "debt_ratio": null,
            "inventory_turnover_ratio": null,
            "account_receivable_turnover_ratio": null,
            "reinvestment_rate": null,
            "research_to_sale_ratio": null,
            "price_fair": 0,
            "eps_avg_yearly": 0,
            "eps_latest_yearly": 0,
            "eps_growth_yearly": 0
        },
        "20083": {
            "year_quarter": 20083,
            "year": 2008,
            "quarter": 3,
            "eps": null,
            "eps_growth_year": null,
            "eps_4q": null,
            "eps_4q_growth_year": null,
            "roe": null,
            "roe_4q": 0,
            "gross_profit": null,
            "gross_margin": null,
            "gross_margin_4q_avg": 0,
            "net_income": null,
            "net_income_4q": null,
            "revenue": null,
            "revenue_4q": null,
            "common_shares": null,
            "book_valuer_per_share": null,
            "book_valuer_per_share_4q_avg": 3.49,
            "equity": null,
            "current_ratio": null,
            "debt_ratio": null,
            "inventory_turnover_ratio": null,
            "account_receivable_turnover_ratio": null,
            "reinvestment_rate": null,
            "research_to_sale_ratio": null,
            "price_fair": 0,
            "eps_avg_yearly": 0,
            "eps_latest_yearly": 0,
            "eps_growth_yearly": 0
        },
        "20084": {
            "year_quarter": 20084,
            "year": 2008,
            "quarter": 4,
            "eps": null,
            "eps_growth_year": null,
            "eps_4q": null,
            "eps_4q_growth_year": null,
            "roe": null,
            "roe_4q": 0,
            "gross_profit": null,
            "gross_margin": null,
            "gross_margin_4q_avg": 0,
            "net_income": null,
            "net_income_4q": null,
            "revenue": null,
            "revenue_4q": null,
            "common_shares": 360000,
            "book_valuer_per_share": 14.5,
            "book_valuer_per_share_4q_avg": 3.63,
            "equity": 521905,
            "current_ratio": 222.76,
            "debt_ratio": 38.86,
            "inventory_turnover_ratio": null,
            "account_receivable_turnover_ratio": null,
            "reinvestment_rate": null,
            "research_to_sale_ratio": null,
            "price_fair": 0,
            "eps_avg_yearly": 0,
            "eps_latest_yearly": 0,
            "eps_growth_yearly": 0
        },
        "20091": {
            "year_quarter": 20091,
            "year": 2009,
            "quarter": 1,
            "eps": null,
            "eps_growth_year": null,
            "eps_4q": null,
            "eps_4q_growth_year": null,
            "roe": null,
            "roe_4q": 0,
            "gross_profit": null,
            "gross_margin": null,
            "gross_margin_4q_avg": 0,
            "net_income": null,
            "net_income_4q": null,
            "revenue": null,
            "revenue_4q": null,
            "common_shares": null,
            "book_valuer_per_share": null,
            "book_valuer_per_share_4q_avg": 3.63,
            "equity": null,
            "current_ratio": null,
            "debt_ratio": null,
            "inventory_turnover_ratio": null,
            "account_receivable_turnover_ratio": null,
            "reinvestment_rate": null,
            "research_to_sale_ratio": null,
            "price_fair": 0,
            "eps_avg_yearly": 0,
            "eps_latest_yearly": 0,
            "eps_growth_yearly": 0
        },
        "20092": {
            "year_quarter": 20092,
            "year": 2009,
            "quarter": 2,
            "eps": null,
            "eps_growth_year": null,
            "eps_4q": null,
            "eps_4q_growth_year": null,
            "roe": null,
            "roe_4q": 0,
            "gross_profit": null,
            "gross_margin": null,
            "gross_margin_4q_avg": 0,
            "net_income": null,
            "net_income_4q": null,
            "revenue": null,
            "revenue_4q": null,
            "common_shares": 0,
            "book_valuer_per_share": null,
            "book_valuer_per_share_4q_avg": 3.63,
            "equity": 0,
            "current_ratio": null,
            "debt_ratio": null,
            "inventory_turnover_ratio": null,
            "account_receivable_turnover_ratio": null,
            "reinvestment_rate": null,
            "research_to_sale_ratio": null,
            "price_fair": 0,
            "eps_avg_yearly": 0,
            "eps_latest_yearly": 0,
            "eps_growth_yearly": 0
        },
        "20093": {
            "year_quarter": 20093,
            "year": 2009,
            "quarter": 3,
            "eps": null,
            "eps_growth_year": null,
            "eps_4q": null,
            "eps_4q_growth_year": null,
            "roe": null,
            "roe_4q": 0,
            "gross_profit": null,
            "gross_margin": null,
            "gross_margin_4q_avg": 0,
            "net_income": null,
            "net_income_4q": null,
            "revenue": null,
            "revenue_4q": null,
            "common_shares": null,
            "book_valuer_per_share": null,
            "book_valuer_per_share_4q_avg": 3.63,
            "equity": null,
            "current_ratio": null,
            "debt_ratio": null,
            "inventory_turnover_ratio": null,
            "account_receivable_turnover_ratio": null,
            "reinvestment_rate": null,
            "research_to_sale_ratio": null,
            "price_fair": 0,
            "eps_avg_yearly": 0,
            "eps_latest_yearly": 0,
            "eps_growth_yearly": 0
        },
        "20094": {
            "year_quarter": 20094,
            "year": 2009,
            "quarter": 4,
            "eps": null,
            "eps_growth_year": null,
            "eps_4q": null,
            "eps_4q_growth_year": null,
            "roe": null,
            "roe_4q": 0,
            "gross_profit": null,
            "gross_margin": null,
            "gross_margin_4q_avg": 0,
            "net_income": null,
            "net_income_4q": null,
            "revenue": null,
            "revenue_4q": null,
            "common_shares": 360560,
            "book_valuer_per_share": 14.89,
            "book_valuer_per_share_4q_avg": 3.72,
            "equity": 536932,
            "current_ratio": 401.98,
            "debt_ratio": 39.62,
            "inventory_turnover_ratio": null,
            "account_receivable_turnover_ratio": null,
            "reinvestment_rate": null,
            "research_to_sale_ratio": null,
            "price_fair": 0,
            "eps_avg_yearly": 0,
            "eps_latest_yearly": 0,
            "eps_growth_yearly": 0
        },
        "20101": {
            "year_quarter": 20101,
            "year": 2010,
            "quarter": 1,
            "eps": null,
            "eps_growth_year": null,
            "eps_4q": null,
            "eps_4q_growth_year": null,
            "roe": null,
            "roe_4q": 0,
            "gross_profit": null,
            "gross_margin": null,
            "gross_margin_4q_avg": 0,
            "net_income": null,
            "net_income_4q": null,
            "revenue": null,
            "revenue_4q": null,
            "common_shares": null,
            "book_valuer_per_share": null,
            "book_valuer_per_share_4q_avg": 3.72,
            "equity": null,
            "current_ratio": null,
            "debt_ratio": null,
            "inventory_turnover_ratio": null,
            "account_receivable_turnover_ratio": null,
            "reinvestment_rate": null,
            "research_to_sale_ratio": null,
            "price_fair": 0,
            "eps_avg_yearly": 0,
            "eps_latest_yearly": 0,
            "eps_growth_yearly": 0
        },
        "20102": {
            "year_quarter": 20102,
            "year": 2010,
            "quarter": 2,
            "eps": null,
            "eps_growth_year": null,
            "eps_4q": null,
            "eps_4q_growth_year": null,
            "roe": null,
            "roe_4q": 0,
            "gross_profit": null,
            "gross_margin": null,
            "gross_margin_4q_avg": 0,
            "net_income": null,
            "net_income_4q": null,
            "revenue": null,
            "revenue_4q": null,
            "common_shares": 360560,
            "book_valuer_per_share": 15.63,
            "book_valuer_per_share_4q_avg": 7.63,
            "equity": 563493,
            "current_ratio": 288.4,
            "debt_ratio": 43.46,
            "inventory_turnover_ratio": null,
            "account_receivable_turnover_ratio": null,
            "reinvestment_rate": null,
            "research_to_sale_ratio": null,
            "price_fair": 0,
            "eps_avg_yearly": 0,
            "eps_latest_yearly": 0,
            "eps_growth_yearly": 0
        },
        "20103": {
            "year_quarter": 20103,
            "year": 2010,
            "quarter": 3,
            "eps": null,
            "eps_growth_year": null,
            "eps_4q": null,
            "eps_4q_growth_year": null,
            "roe": null,
            "roe_4q": 0,
            "gross_profit": null,
            "gross_margin": null,
            "gross_margin_4q_avg": 0,
            "net_income": null,
            "net_income_4q": null,
            "revenue": null,
            "revenue_4q": null,
            "common_shares": null,
            "book_valuer_per_share": null,
            "book_valuer_per_share_4q_avg": 7.63,
            "equity": null,
            "current_ratio": null,
            "debt_ratio": null,
            "inventory_turnover_ratio": null,
            "account_receivable_turnover_ratio": null,
            "reinvestment_rate": null,
            "research_to_sale_ratio": null,
            "price_fair": 0,
            "eps_avg_yearly": 0,
            "eps_latest_yearly": 0,
            "eps_growth_yearly": 0
        },
        "20104": {
            "year_quarter": 20104,
            "year": 2010,
            "quarter": 4,
            "eps": null,
            "eps_growth_year": null,
            "eps_4q": null,
            "eps_4q_growth_year": null,
            "roe": null,
            "roe_4q": 0,
            "gross_profit": null,
            "gross_margin": null,
            "gross_margin_4q_avg": 0,
            "net_income": null,
            "net_income_4q": null,
            "revenue": null,
            "revenue_4q": null,
            "common_shares": 378588,
            "book_valuer_per_share": 16.43,
            "book_valuer_per_share_4q_avg": 8.02,
            "equity": 622181,
            "current_ratio": 278.49,
            "debt_ratio": 45.3,
            "inventory_turnover_ratio": null,
            "account_receivable_turnover_ratio": null,
            "reinvestment_rate": null,
            "research_to_sale_ratio": null,
            "price_fair": 0,
            "eps_avg_yearly": 0,
            "eps_latest_yearly": 0,
            "eps_growth_yearly": 0
        },
        "20111": {
            "year_quarter": 20111,
            "year": 2011,
            "quarter": 1,
            "eps": null,
            "eps_growth_year": null,
            "eps_4q": null,
            "eps_4q_growth_year": null,
            "roe": null,
            "roe_4q": 0,
            "gross_profit": 91196,
            "gross_margin": null,
            "gross_margin_4q_avg": 0,
            "net_income": 58451,
            "net_income_4q": null,
            "revenue": 246947,
            "revenue_4q": null,
            "common_shares": 378588,
            "book_valuer_per_share": 18,
            "book_valuer_per_share_4q_avg": 12.52,
            "equity": 681405,
            "current_ratio": 253.98,
            "debt_ratio": 45.77,
            "inventory_turnover_ratio": null,
            "account_receivable_turnover_ratio": null,
            "reinvestment_rate": null,
            "research_to_sale_ratio": null,
            "price_fair": 0,
            "eps_avg_yearly": 0,
            "eps_latest_yearly": 0,
            "eps_growth_yearly": 0
        },
        "20112": {
            "year_quarter": 20112,
            "year": 2011,
            "quarter": 2,
            "eps": 1.78,
            "eps_growth_year": null,
            "eps_4q": null,
            "eps_4q_growth_year": null,
            "roe": 10.26,
            "roe_4q": 10.26,
            "gross_profit": 141652,
            "gross_margin": 45.9,
            "gross_margin_4q_avg": 11.48,
            "net_income": 72664,
            "net_income_4q": null,
            "revenue": 308578,
            "revenue_4q": null,
            "common_shares": 378588,
            "book_valuer_per_share": 19.41,
            "book_valuer_per_share_4q_avg": 13.46,
            "equity": 734864,
            "current_ratio": 169.14,
            "debt_ratio": 50.27,
            "inventory_turnover_ratio": 0.77,
            "account_receivable_turnover_ratio": 1.54,
            "reinvestment_rate": null,
            "research_to_sale_ratio": null,
            "price_fair": 0,
            "eps_avg_yearly": 0,
            "eps_latest_yearly": 0,
            "eps_growth_yearly": 0
        },
        "20113": {
            "year_quarter": 20113,
            "year": 2011,
            "quarter": 3,
            "eps": null,
            "eps_growth_year": null,
            "eps_4q": null,
            "eps_4q_growth_year": null,
            "roe": null,
            "roe_4q": 10.26,
            "gross_profit": 115962,
            "gross_margin": null,
            "gross_margin_4q_avg": 11.48,
            "net_income": 69559,
            "net_income_4q": null,
            "revenue": 329641,
            "revenue_4q": null,
            "common_shares": 408875,
            "book_valuer_per_share": 19.82,
            "book_valuer_per_share_4q_avg": 18.42,
            "equity": 810420,
            "current_ratio": 202.09,
            "debt_ratio": 53.69,
            "inventory_turnover_ratio": null,
            "account_receivable_turnover_ratio": null,
            "reinvestment_rate": null,
            "research_to_sale_ratio": null,
            "price_fair": 0,
            "eps_avg_yearly": 0,
            "eps_latest_yearly": 0,
            "eps_growth_yearly": 0
        },
        "20114": {
            "year_quarter": 20114,
            "year": 2011,
            "quarter": 4,
            "eps": null,
            "eps_growth_year": null,
            "eps_4q": null,
            "eps_4q_growth_year": null,
            "roe": null,
            "roe_4q": 10.26,
            "gross_profit": 136799,
            "gross_margin": null,
            "gross_margin_4q_avg": 11.48,
            "net_income": 76623,
            "net_income_4q": null,
            "revenue": 270698,
            "revenue_4q": null,
            "common_shares": 433875,
            "book_valuer_per_share": 24.74,
            "book_valuer_per_share_4q_avg": 20.49,
            "equity": 1110195,
            "current_ratio": 243.03,
            "debt_ratio": 41.57,
            "inventory_turnover_ratio": null,
            "account_receivable_turnover_ratio": null,
            "reinvestment_rate": null,
            "research_to_sale_ratio": null,
            "price_fair": 0,
            "eps_avg_yearly": 0,
            "eps_latest_yearly": 0,
            "eps_growth_yearly": 0
        },
        "20121": {
            "year_quarter": 20121,
            "year": 2012,
            "quarter": 1,
            "eps": 0.87,
            "eps_growth_year": null,
            "eps_4q": 2.51,
            "eps_4q_growth_year": null,
            "roe": 3.33,
            "roe_4q": 13.59,
            "gross_profit": 79888,
            "gross_margin": 42.78,
            "gross_margin_4q_avg": 22.17,
            "net_income": 37607,
            "net_income_4q": null,
            "revenue": 186762,
            "revenue_4q": null,
            "common_shares": 440079,
            "book_valuer_per_share": 26.03,
            "book_valuer_per_share_4q_avg": 22.5,
            "equity": 1145411,
            "current_ratio": 205.61,
            "debt_ratio": 51.18,
            "inventory_turnover_ratio": 0.21,
            "account_receivable_turnover_ratio": 0.31,
            "reinvestment_rate": null,
            "research_to_sale_ratio": 4.1,
            "price_fair": 0,
            "eps_avg_yearly": 0,
            "eps_latest_yearly": 0,
            "eps_growth_yearly": 0
        },
        "20122": {
            "year_quarter": 20122,
            "year": 2012,
            "quarter": 2,
            "eps": 0.31,
            "eps_growth_year": -82.29,
            "eps_4q": 1.09,
            "eps_4q_growth_year": null,
            "roe": 1.35,
            "roe_4q": 4.68,
            "gross_profit": 96988,
            "gross_margin": 31.6,
            "gross_margin_4q_avg": 18.6,
            "net_income": 15232,
            "net_income_4q": null,
            "revenue": 306966,
            "revenue_4q": null,
            "common_shares": 440079,
            "book_valuer_per_share": 25.41,
            "book_valuer_per_share_4q_avg": 24,
            "equity": 1118121,
            "current_ratio": 172.8,
            "debt_ratio": 56.28,
            "inventory_turnover_ratio": 0.35,
            "account_receivable_turnover_ratio": 0.4,
            "reinvestment_rate": null,
            "research_to_sale_ratio": 3.95,
            "price_fair": 3.72,
            "eps_avg_yearly": 1.24,
            "eps_latest_yearly": 1.24,
            "eps_growth_yearly": -257.47
        },
        "20123": {
            "year_quarter": 20123,
            "year": 2012,
            "quarter": 3,
            "eps": 0.62,
            "eps_growth_year": null,
            "eps_4q": 1.71,
            "eps_4q_growth_year": null,
            "roe": 2.63,
            "roe_4q": 7.3100000000000005,
            "gross_profit": 91694,
            "gross_margin": 36.86,
            "gross_margin_4q_avg": 27.81,
            "net_income": 29795,
            "net_income_4q": null,
            "revenue": 248779,
            "revenue_4q": null,
            "common_shares": 440079,
            "book_valuer_per_share": 26.03,
            "book_valuer_per_share_4q_avg": 25.55,
            "equity": 1145610,
            "current_ratio": 172.18,
            "debt_ratio": 55.61,
            "inventory_turnover_ratio": 0.24,
            "account_receivable_turnover_ratio": 0.29,
            "reinvestment_rate": null,
            "research_to_sale_ratio": 3.14,
            "price_fair": 65.1,
            "eps_avg_yearly": 1.86,
            "eps_latest_yearly": 2.48,
            "eps_growth_yearly": 71.26
        },
        "20124": {
            "year_quarter": 20124,
            "year": 2012,
            "quarter": 4,
            "eps": -0.22,
            "eps_growth_year": null,
            "eps_4q": 1.32,
            "eps_4q_growth_year": null,
            "roe": -0.97,
            "roe_4q": 6.34,
            "gross_profit": 34907,
            "gross_margin": 19.65,
            "gross_margin_4q_avg": 32.72,
            "net_income": -12035,
            "net_income_4q": null,
            "revenue": 177674,
            "revenue_4q": null,
            "common_shares": 530417,
            "book_valuer_per_share": 24.87,
            "book_valuer_per_share_4q_avg": 25.59,
            "equity": 1325631,
            "current_ratio": 189.73,
            "debt_ratio": 51.34,
            "inventory_turnover_ratio": 0.21,
            "account_receivable_turnover_ratio": 0.22,
            "reinvestment_rate": null,
            "research_to_sale_ratio": 3.58,
            "price_fair": 65.1,
            "eps_avg_yearly": 1.86,
            "eps_latest_yearly": 2.48,
            "eps_growth_yearly": 71.26
        },
        "20131": {
            "year_quarter": 20131,
            "year": 2013,
            "quarter": 1,
            "eps": 0.18,
            "eps_growth_year": -79.31,
            "eps_4q": 0.8,
            "eps_4q_growth_year": -68.15,
            "roe": 0.72,
            "roe_4q": 3.73,
            "gross_profit": 46072,
            "gross_margin": 27.17,
            "gross_margin_4q_avg": 28.82,
            "net_income": 9539,
            "net_income_4q": null,
            "revenue": 169594,
            "revenue_4q": null,
            "common_shares": 532973,
            "book_valuer_per_share": 25.04,
            "book_valuer_per_share_4q_avg": 25.34,
            "equity": 1334555,
            "current_ratio": 201.62,
            "debt_ratio": 48.87,
            "inventory_turnover_ratio": 0.17,
            "account_receivable_turnover_ratio": 0.34,
            "reinvestment_rate": null,
            "research_to_sale_ratio": 3.13,
            "price_fair": 65.1,
            "eps_avg_yearly": 1.86,
            "eps_latest_yearly": 2.48,
            "eps_growth_yearly": 71.26
        },
        "20132": {
            "year_quarter": 20132,
            "year": 2013,
            "quarter": 2,
            "eps": 0.55,
            "eps_growth_year": 74.8,
            "eps_4q": 1.01,
            "eps_4q_growth_year": -7.06,
            "roe": 2.2,
            "roe_4q": 4.58,
            "gross_profit": 72871,
            "gross_margin": 26.21,
            "gross_margin_4q_avg": 27.47,
            "net_income": 29473,
            "net_income_4q": null,
            "revenue": 278068,
            "revenue_4q": null,
            "common_shares": 532973,
            "book_valuer_per_share": 25.31,
            "book_valuer_per_share_4q_avg": 25.31,
            "equity": 1349033,
            "current_ratio": 206.99,
            "debt_ratio": 49.01,
            "inventory_turnover_ratio": 0.28,
            "account_receivable_turnover_ratio": 0.94,
            "reinvestment_rate": null,
            "research_to_sale_ratio": 2.78,
            "price_fair": 69.07,
            "eps_avg_yearly": 1.97,
            "eps_latest_yearly": 2.2,
            "eps_growth_yearly": 321.58
        },
        "20133": {
            "year_quarter": 20133,
            "year": 2013,
            "quarter": 3,
            "eps": 0.38,
            "eps_growth_year": -38.26,
            "eps_4q": 0.86,
            "eps_4q_growth_year": -49.79,
            "roe": 1.54,
            "roe_4q": 3.49,
            "gross_profit": 80155,
            "gross_margin": 29.31,
            "gross_margin_4q_avg": 25.59,
            "net_income": 20991,
            "net_income_4q": null,
            "revenue": 273508,
            "revenue_4q": null,
            "common_shares": 559622,
            "book_valuer_per_share": 24.45,
            "book_valuer_per_share_4q_avg": 24.92,
            "equity": 1368504,
            "current_ratio": 204.66,
            "debt_ratio": 49.29,
            "inventory_turnover_ratio": 0.27,
            "account_receivable_turnover_ratio": 0.81,
            "reinvestment_rate": null,
            "research_to_sale_ratio": 2.13,
            "price_fair": 65.1,
            "eps_avg_yearly": 1.86,
            "eps_latest_yearly": 1.52,
            "eps_growth_yearly": 210.28
        },
        "20134": {
            "year_quarter": 20134,
            "year": 2013,
            "quarter": 4,
            "eps": -0.02,
            "eps_growth_year": null,
            "eps_4q": 1.04,
            "eps_4q_growth_year": -21.13,
            "roe": -0.1,
            "roe_4q": 4.36,
            "gross_profit": 45401,
            "gross_margin": 20.56,
            "gross_margin_4q_avg": 25.81,
            "net_income": -1315,
            "net_income_4q": null,
            "revenue": 220774,
            "revenue_4q": null,
            "common_shares": 559622,
            "book_valuer_per_share": 24.51,
            "book_valuer_per_share_4q_avg": 24.83,
            "equity": 1377454,
            "current_ratio": 207.71,
            "debt_ratio": 48.05,
            "inventory_turnover_ratio": 0.26,
            "account_receivable_turnover_ratio": 0.69,
            "reinvestment_rate": null,
            "research_to_sale_ratio": 3.3,
            "price_fair": 65.1,
            "eps_avg_yearly": 1.86,
            "eps_latest_yearly": 1.52,
            "eps_growth_yearly": 210.28
        },
        "20141": {
            "year_quarter": 20141,
            "year": 2014,
            "quarter": 1,
            "eps": -0.06,
            "eps_growth_year": -133.33,
            "eps_4q": 0.81,
            "eps_4q_growth_year": 1.67,
            "roe": -0.26,
            "roe_4q": 3.3800000000000003,
            "gross_profit": 37366,
            "gross_margin": 16.3,
            "gross_margin_4q_avg": 23.1,
            "net_income": -3545,
            "net_income_4q": null,
            "revenue": 229259,
            "revenue_4q": null,
            "common_shares": 562086,
            "book_valuer_per_share": 24.46,
            "book_valuer_per_share_4q_avg": 24.68,
            "equity": 1374976,
            "current_ratio": 212.2,
            "debt_ratio": 47.24,
            "inventory_turnover_ratio": 0.31,
            "account_receivable_turnover_ratio": 0.71,
            "reinvestment_rate": null,
            "research_to_sale_ratio": 3,
            "price_fair": 65.1,
            "eps_avg_yearly": 1.86,
            "eps_latest_yearly": 1.52,
            "eps_growth_yearly": 210.28
        },
        "20142": {
            "year_quarter": 20142,
            "year": 2014,
            "quarter": 2,
            "eps": 0.23,
            "eps_growth_year": -58.18,
            "eps_4q": 0.49,
            "eps_4q_growth_year": -51.93,
            "roe": 0.92,
            "roe_4q": 2.1,
            "gross_profit": 81100,
            "gross_margin": 29.3,
            "gross_margin_4q_avg": 23.87,
            "net_income": 12651,
            "net_income_4q": null,
            "revenue": 276824,
            "revenue_4q": null,
            "common_shares": 562086,
            "book_valuer_per_share": 24.39,
            "book_valuer_per_share_4q_avg": 24.45,
            "equity": 1370676,
            "current_ratio": 203.55,
            "debt_ratio": 47.4,
            "inventory_turnover_ratio": 0.34,
            "account_receivable_turnover_ratio": 0.81,
            "reinvestment_rate": null,
            "research_to_sale_ratio": 2.75,
            "price_fair": 65.1,
            "eps_avg_yearly": 1.86,
            "eps_latest_yearly": 1.52,
            "eps_growth_yearly": 210.28
        },
        "20143": {
            "year_quarter": 20143,
            "year": 2014,
            "quarter": 3,
            "eps": 0.15,
            "eps_growth_year": -60.53,
            "eps_4q": 0.28,
            "eps_4q_growth_year": -66.81,
            "roe": 0.65,
            "roe_4q": 1.21,
            "gross_profit": 72943,
            "gross_margin": 26.81,
            "gross_margin_4q_avg": 23.24,
            "net_income": 9001,
            "net_income_4q": null,
            "revenue": 272088,
            "revenue_4q": null,
            "common_shares": 590190,
            "book_valuer_per_share": 23.47,
            "book_valuer_per_share_4q_avg": 24.21,
            "equity": 1385015,
            "current_ratio": 212.63,
            "debt_ratio": 46.05,
            "inventory_turnover_ratio": 0.37,
            "account_receivable_turnover_ratio": 0.78,
            "reinvestment_rate": null,
            "research_to_sale_ratio": 3.34,
            "price_fair": 56.28,
            "eps_avg_yearly": 1.61,
            "eps_latest_yearly": 0.6,
            "eps_growth_yearly": 140.4
        },
        "20144": {
            "year_quarter": 20144,
            "year": 2014,
            "quarter": 4,
            "eps": 0.05,
            "eps_growth_year": null,
            "eps_4q": 0.37,
            "eps_4q_growth_year": -64.53,
            "roe": 0.2,
            "roe_4q": 1.51,
            "gross_profit": 49511,
            "gross_margin": 20.74,
            "gross_margin_4q_avg": 23.29,
            "net_income": 2636,
            "net_income_4q": null,
            "revenue": 238749,
            "revenue_4q": null,
            "common_shares": 592338,
            "book_valuer_per_share": 22.86,
            "book_valuer_per_share_4q_avg": 23.8,
            "equity": 1288339,
            "current_ratio": 204.57,
            "debt_ratio": 48.3,
            "inventory_turnover_ratio": 0.38,
            "account_receivable_turnover_ratio": 0.69,
            "reinvestment_rate": 58.09,
            "research_to_sale_ratio": 3.02,
            "price_fair": 48.07,
            "eps_avg_yearly": 1.37,
            "eps_latest_yearly": 0.2,
            "eps_growth_yearly": 72.55
        },
        "20151": {
            "year_quarter": 20151,
            "year": 2015,
            "quarter": 1,
            "eps": -0.33,
            "eps_growth_year": null,
            "eps_4q": 0.1,
            "eps_4q_growth_year": -87.85,
            "roe": -1.47,
            "roe_4q": 0.30000000000000004,
            "gross_profit": 62436,
            "gross_margin": 25.82,
            "gross_margin_4q_avg": 25.67,
            "net_income": -18746,
            "net_income_4q": null,
            "revenue": 241857,
            "revenue_4q": null,
            "common_shares": 592338,
            "book_valuer_per_share": 22.43,
            "book_valuer_per_share_4q_avg": 23.29,
            "equity": 1261137,
            "current_ratio": 203.03,
            "debt_ratio": 48.33,
            "inventory_turnover_ratio": 0.4,
            "account_receivable_turnover_ratio": 0.73,
            "reinvestment_rate": 70.84,
            "research_to_sale_ratio": 4.02,
            "price_fair": 48.07,
            "eps_avg_yearly": 1.37,
            "eps_latest_yearly": 0.2,
            "eps_growth_yearly": 72.55
        },
        "20152": {
            "year_quarter": 20152,
            "year": 2015,
            "quarter": 2,
            "eps": 0.44,
            "eps_growth_year": 91.3,
            "eps_4q": 0.31,
            "eps_4q_growth_year": -35.48,
            "roe": 1.97,
            "roe_4q": 1.35,
            "gross_profit": 85559,
            "gross_margin": 31,
            "gross_margin_4q_avg": 26.09,
            "net_income": 24802,
            "net_income_4q": null,
            "revenue": 275994,
            "revenue_4q": null,
            "common_shares": 592338,
            "book_valuer_per_share": 22.29,
            "book_valuer_per_share_4q_avg": 22.76,
            "equity": 1253648,
            "current_ratio": 212.13,
            "debt_ratio": 48.03,
            "inventory_turnover_ratio": 0.45,
            "account_receivable_turnover_ratio": 0.85,
            "reinvestment_rate": -3.22,
            "research_to_sale_ratio": 3.33,
            "price_fair": 48.07,
            "eps_avg_yearly": 1.37,
            "eps_latest_yearly": 0.2,
            "eps_growth_yearly": 72.55
        },
        "20153": {
            "year_quarter": 20153,
            "year": 2015,
            "quarter": 3,
            "eps": 0.78,
            "eps_growth_year": 420,
            "eps_4q": 0.94,
            "eps_4q_growth_year": 229.43,
            "roe": 3.43,
            "roe_4q": 4.130000000000001,
            "gross_profit": 74622,
            "gross_margin": 30.01,
            "gross_margin_4q_avg": 26.89,
            "net_income": 44016,
            "net_income_4q": null,
            "revenue": 248622,
            "revenue_4q": null,
            "common_shares": 592338,
            "book_valuer_per_share": 23.3,
            "book_valuer_per_share_4q_avg": 22.72,
            "equity": 1310351,
            "current_ratio": 228.75,
            "debt_ratio": 46.02,
            "inventory_turnover_ratio": 0.42,
            "account_receivable_turnover_ratio": 0.79,
            "reinvestment_rate": -11.52,
            "research_to_sale_ratio": 3.66,
            "price_fair": 56.8,
            "eps_avg_yearly": 1.62,
            "eps_latest_yearly": 3.12,
            "eps_growth_yearly": 106.34
        },
        "20154": {
            "year_quarter": 20154,
            "year": 2015,
            "quarter": 4,
            "eps": 0.37,
            "eps_growth_year": 687.35,
            "eps_4q": 1.26,
            "eps_4q_growth_year": 241.97,
            "roe": 1.58,
            "roe_4q": 5.51,
            "gross_profit": 83787,
            "gross_margin": 32.79,
            "gross_margin_4q_avg": 29.91,
            "net_income": 20710,
            "net_income_4q": null,
            "revenue": 255510,
            "revenue_4q": null,
            "common_shares": 592338,
            "book_valuer_per_share": 23.47,
            "book_valuer_per_share_4q_avg": 22.87,
            "equity": 1319531,
            "current_ratio": 267.74,
            "debt_ratio": 42.03,
            "inventory_turnover_ratio": 0.44,
            "account_receivable_turnover_ratio": 0.78,
            "reinvestment_rate": -118.85,
            "research_to_sale_ratio": 3.51,
            "price_fair": 56.18,
            "eps_avg_yearly": 1.61,
            "eps_latest_yearly": 1.48,
            "eps_growth_yearly": 66.77
        },
        "20161": {
            "year_quarter": 20161,
            "year": 2016,
            "quarter": 1,
            "eps": 0.35,
            "eps_growth_year": null,
            "eps_4q": 1.95,
            "eps_4q_growth_year": 1873.58,
            "roe": 1.49,
            "roe_4q": 8.47,
            "gross_profit": 73910,
            "gross_margin": 34,
            "gross_margin_4q_avg": 31.95,
            "net_income": 19848,
            "net_income_4q": null,
            "revenue": 217407,
            "revenue_4q": null,
            "common_shares": 592338,
            "book_valuer_per_share": 23.78,
            "book_valuer_per_share_4q_avg": 23.21,
            "equity": 1337170,
            "current_ratio": 270.91,
            "debt_ratio": 41.42,
            "inventory_turnover_ratio": 0.4,
            "account_receivable_turnover_ratio": 0.61,
            "reinvestment_rate": -322.06,
            "research_to_sale_ratio": 3.91,
            "price_fair": 55.38,
            "eps_avg_yearly": 1.58,
            "eps_latest_yearly": 1.4,
            "eps_growth_yearly": 56.95
        },
        "20162": {
            "year_quarter": 20162,
            "year": 2016,
            "quarter": 2,
            "eps": 0.59,
            "eps_growth_year": 34.09,
            "eps_4q": 1.99,
            "eps_4q_growth_year": 532.35,
            "roe": 2.44,
            "roe_4q": 8.94,
            "gross_profit": 98217,
            "gross_margin": 36.73,
            "gross_margin_4q_avg": 33.38,
            "net_income": 32662,
            "net_income_4q": null,
            "revenue": 267370,
            "revenue_4q": null,
            "common_shares": 592338,
            "book_valuer_per_share": 23.76,
            "book_valuer_per_share_4q_avg": 23.58,
            "equity": 1335948,
            "current_ratio": 245.69,
            "debt_ratio": 41.05,
            "inventory_turnover_ratio": 0.5,
            "account_receivable_turnover_ratio": 0.72,
            "reinvestment_rate": -326.97,
            "research_to_sale_ratio": 3.72,
            "price_fair": 59.73,
            "eps_avg_yearly": 1.71,
            "eps_latest_yearly": 2.36,
            "eps_growth_yearly": 116.03
        },
        "20163": {
            "year_quarter": 20163,
            "year": 2016,
            "quarter": 3,
            "eps": 0.18,
            "eps_growth_year": -76.92,
            "eps_4q": 1.43,
            "eps_4q_growth_year": 52.16,
            "roe": 0.79,
            "roe_4q": 6.3,
            "gross_profit": 88097,
            "gross_margin": 36.68,
            "gross_margin_4q_avg": 35.05,
            "net_income": 10606,
            "net_income_4q": null,
            "revenue": 240195,
            "revenue_4q": null,
            "common_shares": 620455,
            "book_valuer_per_share": 22.67,
            "book_valuer_per_share_4q_avg": 23.42,
            "equity": 1338094,
            "current_ratio": 257.11,
            "debt_ratio": 40.41,
            "inventory_turnover_ratio": 0.46,
            "account_receivable_turnover_ratio": 0.64,
            "reinvestment_rate": -63.54,
            "research_to_sale_ratio": 4.78,
            "price_fair": 52.89,
            "eps_avg_yearly": 1.51,
            "eps_latest_yearly": 0.72,
            "eps_growth_yearly": 40.7
        },
        "20164": {
            "year_quarter": 20164,
            "year": 2016,
            "quarter": 4,
            "eps": 0.37,
            "eps_growth_year": 1.55,
            "eps_4q": 1.45,
            "eps_4q_growth_year": 15.15,
            "roe": 1.66,
            "roe_4q": 6.380000000000001,
            "gross_profit": 94493,
            "gross_margin": 36.69,
            "gross_margin_4q_avg": 36.03,
            "net_income": 22418,
            "net_income_4q": null,
            "revenue": 257564,
            "revenue_4q": null,
            "common_shares": 620455,
            "book_valuer_per_share": 23,
            "book_valuer_per_share_4q_avg": 23.3,
            "equity": 1358416,
            "current_ratio": 272.56,
            "debt_ratio": 38.15,
            "inventory_turnover_ratio": 0.5,
            "account_receivable_turnover_ratio": 0.71,
            "reinvestment_rate": -94.79,
            "research_to_sale_ratio": 5.37,
            "price_fair": 52.78,
            "eps_avg_yearly": 1.51,
            "eps_latest_yearly": 1.48,
            "eps_growth_yearly": 78.85
        },
        "20171": {
            "year_quarter": 20171,
            "year": 2017,
            "quarter": 1,
            "eps": 0.21,
            "eps_growth_year": -40,
            "eps_4q": 1.32,
            "eps_4q_growth_year": -32.18,
            "roe": 0.89,
            "roe_4q": 5.779999999999999,
            "gross_profit": 94689,
            "gross_margin": 36.98,
            "gross_margin_4q_avg": 36.77,
            "net_income": 12102,
            "net_income_4q": null,
            "revenue": 256074,
            "revenue_4q": null,
            "common_shares": 620455,
            "book_valuer_per_share": 22.99,
            "book_valuer_per_share_4q_avg": 23.11,
            "equity": 1357577,
            "current_ratio": 256.03,
            "debt_ratio": 39.35,
            "inventory_turnover_ratio": 0.5,
            "account_receivable_turnover_ratio": 0.74,
            "reinvestment_rate": -31.43,
            "research_to_sale_ratio": 5,
            "price_fair": 50.65,
            "eps_avg_yearly": 1.45,
            "eps_latest_yearly": 0.84,
            "eps_growth_yearly": 55.96
        },
        "20172": {
            "year_quarter": 20172,
            "year": 2017,
            "quarter": 2,
            "eps": 1.03,
            "eps_growth_year": 74.58,
            "eps_4q": 1.79,
            "eps_4q_growth_year": -10.05,
            "roe": 4.46,
            "roe_4q": 7.8,
            "gross_profit": 150777,
            "gross_margin": 40.18,
            "gross_margin_4q_avg": 37.63,
            "net_income": 60590,
            "net_income_4q": null,
            "revenue": 375210,
            "revenue_4q": null,
            "common_shares": 620455,
            "book_valuer_per_share": 23.08,
            "book_valuer_per_share_4q_avg": 22.94,
            "equity": 1362529,
            "current_ratio": 217.98,
            "debt_ratio": 42.45,
            "inventory_turnover_ratio": 0.69,
            "account_receivable_turnover_ratio": 1.02,
            "reinvestment_rate": -30.28,
            "research_to_sale_ratio": 5.46,
            "price_fair": 56.76,
            "eps_avg_yearly": 1.62,
            "eps_latest_yearly": 4.12,
            "eps_growth_yearly": 123.2
        },
        "20173": {
            "year_quarter": 20173,
            "year": 2017,
            "quarter": 3,
            "eps": 1.37,
            "eps_growth_year": 661.11,
            "eps_4q": 2.97,
            "eps_4q_growth_year": 108.58,
            "roe": 5.74,
            "roe_4q": 12.75,
            "gross_profit": 174196,
            "gross_margin": 42.46,
            "gross_margin_4q_avg": 39.08,
            "net_income": 80636,
            "net_income_4q": null,
            "revenue": 410296,
            "revenue_4q": null,
            "common_shares": 620455,
            "book_valuer_per_share": 24.49,
            "book_valuer_per_share_4q_avg": 23.39,
            "equity": 1446049,
            "current_ratio": 211.54,
            "debt_ratio": 44.25,
            "inventory_turnover_ratio": 0.7,
            "account_receivable_turnover_ratio": 1.01,
            "reinvestment_rate": 31.13,
            "research_to_sale_ratio": 4.05,
            "price_fair": 69.36,
            "eps_avg_yearly": 1.98,
            "eps_latest_yearly": 5.48,
            "eps_growth_yearly": 146.45
        },
        "20174": {
            "year_quarter": 20174,
            "year": 2017,
            "quarter": 4,
            "eps": 1.43,
            "eps_growth_year": 283.15,
            "eps_4q": 4.03,
            "eps_4q_growth_year": 178.29,
            "roe": 5.68,
            "roe_4q": 16.77,
            "gross_profit": 203305,
            "gross_margin": 45.51,
            "gross_margin_4q_avg": 41.28,
            "net_income": 84544,
            "net_income_4q": null,
            "revenue": 446679,
            "revenue_4q": null,
            "common_shares": 620455,
            "book_valuer_per_share": 25.91,
            "book_valuer_per_share_4q_avg": 24.12,
            "equity": 1529736,
            "current_ratio": 222.93,
            "debt_ratio": 42.03,
            "inventory_turnover_ratio": 0.67,
            "account_receivable_turnover_ratio": 1.06,
            "reinvestment_rate": 29.93,
            "research_to_sale_ratio": 3.47,
            "price_fair": 80.27,
            "eps_avg_yearly": 2.29,
            "eps_latest_yearly": 5.72,
            "eps_growth_yearly": 135.7
        },
        "20181": {
            "year_quarter": 20181,
            "year": 2018,
            "quarter": 1,
            "eps": 1.69,
            "eps_growth_year": 704.76,
            "eps_4q": 5.52,
            "eps_4q_growth_year": 318.51,
            "roe": 6.28,
            "roe_4q": 22.160000000000004,
            "gross_profit": 241486,
            "gross_margin": 47.83,
            "gross_margin_4q_avg": 44,
            "net_income": 99362,
            "net_income_4q": null,
            "revenue": 504842,
            "revenue_4q": null,
            "common_shares": 590455,
            "book_valuer_per_share": 27.67,
            "book_valuer_per_share_4q_avg": 25.29,
            "equity": 1632819,
            "current_ratio": 220.91,
            "debt_ratio": 44.19,
            "inventory_turnover_ratio": 0.67,
            "account_receivable_turnover_ratio": 1.11,
            "reinvestment_rate": 28.64,
            "research_to_sale_ratio": 4.99,
            "price_fair": 92.29,
            "eps_avg_yearly": 2.64,
            "eps_latest_yearly": 6.76,
            "eps_growth_yearly": 130.86
        },
        "20182": {
            "year_quarter": 20182,
            "year": 2018,
            "quarter": 2,
            "eps": 2.06,
            "eps_growth_year": 100,
            "eps_4q": 5.65,
            "eps_4q_growth_year": 215.95,
            "roe": 9.01,
            "roe_4q": 26.71,
            "gross_profit": 285133,
            "gross_margin": 48.75,
            "gross_margin_4q_avg": 46.14,
            "net_income": 151305,
            "net_income_4q": null,
            "revenue": 584877,
            "revenue_4q": null,
            "common_shares": 590455,
            "book_valuer_per_share": 29.23,
            "book_valuer_per_share_4q_avg": 26.83,
            "equity": 1724667,
            "current_ratio": 199.32,
            "debt_ratio": 46.38,
            "inventory_turnover_ratio": 0.64,
            "account_receivable_turnover_ratio": 1.1,
            "reinvestment_rate": 32.93,
            "research_to_sale_ratio": 4.58,
            "price_fair": 106.3,
            "eps_avg_yearly": 3.04,
            "eps_latest_yearly": 8.24,
            "eps_growth_yearly": 127.77
        },
        "20183": {
            "year_quarter": 20183,
            "year": 2018,
            "quarter": 3,
            "eps": 1.7,
            "eps_growth_year": 24.09,
            "eps_4q": 6.26,
            "eps_4q_growth_year": 110.48,
            "roe": 7.04,
            "roe_4q": 28.01,
            "gross_profit": 265797,
            "gross_margin": 45.46,
            "gross_margin_4q_avg": 46.89,
            "net_income": 125389,
            "net_income_4q": null,
            "revenue": 584667,
            "revenue_4q": null,
            "common_shares": 738069,
            "book_valuer_per_share": 24.95,
            "book_valuer_per_share_4q_avg": 26.94,
            "equity": 1839512,
            "current_ratio": 223.14,
            "debt_ratio": 45.58,
            "inventory_turnover_ratio": 0.54,
            "account_receivable_turnover_ratio": 1,
            "reinvestment_rate": 29.94,
            "research_to_sale_ratio": 2.92,
            "price_fair": 121.8,
            "eps_avg_yearly": 3.48,
            "eps_latest_yearly": 6.8,
            "eps_growth_yearly": 132.71
        },
        "20184": {
            "year_quarter": 20184,
            "year": 2018,
            "quarter": 4,
            "eps": 1.29,
            "eps_growth_year": -9.98,
            "eps_4q": 6.4,
            "eps_4q_growth_year": 58.78,
            "roe": 5.04,
            "roe_4q": 27.37,
            "gross_profit": 195910,
            "gross_margin": 48.43,
            "gross_margin_4q_avg": 47.62,
            "net_income": 95196,
            "net_income_4q": null,
            "revenue": 404515,
            "revenue_4q": null,
            "common_shares": 738069,
            "book_valuer_per_share": 26.23,
            "book_valuer_per_share_4q_avg": 27.02,
            "equity": 1935855,
            "current_ratio": 258.08,
            "debt_ratio": 40.39,
            "inventory_turnover_ratio": 0.31,
            "account_receivable_turnover_ratio": 0.75,
            "reinvestment_rate": 30.61,
            "research_to_sale_ratio": 4.49,
            "price_fair": 134.2,
            "eps_avg_yearly": 3.83,
            "eps_latest_yearly": 5.16,
            "eps_growth_yearly": 144.87
        },
        "20191": {
            "year_quarter": 20191,
            "year": 2019,
            "quarter": 1,
            "eps": 0.61,
            "eps_growth_year": -63.91,
            "eps_4q": 5.66,
            "eps_4q_growth_year": 2.5,
            "roe": 2.29,
            "roe_4q": 23.380000000000003,
            "gross_profit": 146514,
            "gross_margin": 44.09,
            "gross_margin_4q_avg": 46.68,
            "net_income": 44930,
            "net_income_4q": null,
            "revenue": 332331,
            "revenue_4q": null,
            "common_shares": 738069,
            "book_valuer_per_share": 26.93,
            "book_valuer_per_share_4q_avg": 26.84,
            "equity": 1987642,
            "current_ratio": 263.99,
            "debt_ratio": 41.18,
            "inventory_turnover_ratio": 0.26,
            "account_receivable_turnover_ratio": 0.75,
            "reinvestment_rate": 37.01,
            "research_to_sale_ratio": 4.47,
            "price_fair": 130.95,
            "eps_avg_yearly": 3.74,
            "eps_latest_yearly": 2.44,
            "eps_growth_yearly": 121.15
        },
        "20192": {
            "year_quarter": 20192,
            "year": 2019,
            "quarter": 2,
            "eps": 0.54,
            "eps_growth_year": -73.79,
            "eps_4q": 3.81,
            "eps_4q_growth_year": -32.54,
            "roe": 2.23,
            "roe_4q": 16.599999999999998,
            "gross_profit": 151787,
            "gross_margin": 43.86,
            "gross_margin_4q_avg": 45.46,
            "net_income": 44075,
            "net_income_4q": null,
            "revenue": 346047,
            "revenue_4q": null,
            "common_shares": 738069,
            "book_valuer_per_share": 26.52,
            "book_valuer_per_share_4q_avg": 26.16,
            "equity": 1957686,
            "current_ratio": 225.42,
            "debt_ratio": 43.13,
            "inventory_turnover_ratio": 0.27,
            "account_receivable_turnover_ratio": 0.86,
            "reinvestment_rate": 44.02,
            "research_to_sale_ratio": 4.93,
            "price_fair": 127.49,
            "eps_avg_yearly": 3.64,
            "eps_latest_yearly": 2.16,
            "eps_growth_yearly": 110.71
        },
        "20193": {
            "year_quarter": 20193,
            "year": 2019,
            "quarter": 3,
            "eps": 0.52,
            "eps_growth_year": -69.41,
            "eps_4q": 2.79,
            "eps_4q_growth_year": -55.48,
            "roe": 2.13,
            "roe_4q": 11.69,
            "gross_profit": 145367,
            "gross_margin": 45.16,
            "gross_margin_4q_avg": 45.39,
            "net_income": 42085,
            "net_income_4q": null,
            "revenue": 321874,
            "revenue_4q": null,
            "common_shares": 811876,
            "book_valuer_per_share": 24.5,
            "book_valuer_per_share_4q_avg": 26.05,
            "equity": 1989433,
            "current_ratio": 263.42,
            "debt_ratio": 40.96,
            "inventory_turnover_ratio": 0.25,
            "account_receivable_turnover_ratio": 0.84,
            "reinvestment_rate": 47.5,
            "research_to_sale_ratio": 5.84,
            "price_fair": 125.21,
            "eps_avg_yearly": 3.58,
            "eps_latest_yearly": 2.08,
            "eps_growth_yearly": 90.47
        },
        "20194": {
            "year_quarter": 20194,
            "year": 2019,
            "quarter": 4,
            "eps": 0.54,
            "eps_growth_year": -58.41,
            "eps_4q": 2.15,
            "eps_4q_growth_year": -66.41,
            "roe": 2.17,
            "roe_4q": 8.82,
            "gross_profit": 137994,
            "gross_margin": 45.98,
            "gross_margin_4q_avg": 44.77,
            "net_income": 43554,
            "net_income_4q": null,
            "revenue": 300099,
            "revenue_4q": null,
            "common_shares": 811876,
            "book_valuer_per_share": 24.94,
            "book_valuer_per_share_4q_avg": 25.72,
            "equity": 2024785,
            "current_ratio": 248.73,
            "debt_ratio": 39.02,
            "inventory_turnover_ratio": 0.25,
            "account_receivable_turnover_ratio": 0.86,
            "reinvestment_rate": 64.84,
            "research_to_sale_ratio": 7.13,
            "price_fair": 126.7,
            "eps_avg_yearly": 3.62,
            "eps_latest_yearly": 2.16,
            "eps_growth_yearly": 104.57
        },
        "20201": {
            "year_quarter": 20201,
            "year": 2020,
            "quarter": 1,
            "eps": 0.54,
            "eps_growth_year": -11.48,
            "eps_4q": 2.15,
            "eps_4q_growth_year": -62.02,
            "roe": 2.16,
            "roe_4q": 8.69,
            "gross_profit": 130469,
            "gross_margin": 44.91,
            "gross_margin_4q_avg": 44.98,
            "net_income": 43924,
            "net_income_4q": null,
            "revenue": 290490,
            "revenue_4q": null,
            "common_shares": 811876,
            "book_valuer_per_share": 25.29,
            "book_valuer_per_share_4q_avg": 25.31,
            "equity": 2043490,
            "current_ratio": 175.26,
            "debt_ratio": 40.66,
            "inventory_turnover_ratio": 0.25,
            "account_receivable_turnover_ratio": 0.88,
            "reinvestment_rate": 78.42,
            "research_to_sale_ratio": 5.2,
            "price_fair": 128.36,
            "eps_avg_yearly": 3.67,
            "eps_latest_yearly": 2.16,
            "eps_growth_yearly": 105.92
        },
        "20202": {
            "year_quarter": 20202,
            "year": 2020,
            "quarter": 2,
            "eps": 0.67,
            "eps_growth_year": 24.07,
            "eps_4q": 2.28,
            "eps_4q_growth_year": -40.33,
            "roe": 2.68,
            "roe_4q": 9.14,
            "gross_profit": 160209,
            "gross_margin": 40.94,
            "gross_margin_4q_avg": 44.25,
            "net_income": 54233,
            "net_income_4q": null,
            "revenue": 391285,
            "revenue_4q": null,
            "common_shares": 811876,
            "book_valuer_per_share": 24.85,
            "book_valuer_per_share_4q_avg": 24.9,
            "equity": 2006308,
            "current_ratio": 208.77,
            "debt_ratio": 43.85,
            "inventory_turnover_ratio": 0.36,
            "account_receivable_turnover_ratio": 1.14,
            "reinvestment_rate": 81.42,
            "research_to_sale_ratio": 5.17,
            "price_fair": 129.06,
            "eps_avg_yearly": 3.69,
            "eps_latest_yearly": 2.68,
            "eps_growth_yearly": 94.8
        },
        "20203": {
            "year_quarter": 20203,
            "year": 2020,
            "quarter": 3,
            "eps": 0.58,
            "eps_growth_year": 11.54,
            "eps_4q": 2.34,
            "eps_4q_growth_year": -16.18,
            "roe": 2.31,
            "roe_4q": 9.32,
            "gross_profit": 137894,
            "gross_margin": 39.69,
            "gross_margin_4q_avg": 42.88,
            "net_income": 46928,
            "net_income_4q": null,
            "revenue": 347443,
            "revenue_4q": null,
            "common_shares": 811876,
            "book_valuer_per_share": 25.45,
            "book_valuer_per_share_4q_avg": 25.13,
            "equity": 2054971,
            "current_ratio": 215.27,
            "debt_ratio": 41.95,
            "inventory_turnover_ratio": 0.34,
            "account_receivable_turnover_ratio": 0.95,
            "reinvestment_rate": 53.71,
            "research_to_sale_ratio": 5.25,
            "price_fair": 132.56,
            "eps_avg_yearly": 3.79,
            "eps_latest_yearly": 2.32,
            "eps_growth_yearly": 108.81
        },
        "20204": {
            "year_quarter": 20204,
            "year": 2020,
            "quarter": 4,
            "eps": 0.72,
            "eps_growth_year": 33.93,
            "eps_4q": 2.52,
            "eps_4q_growth_year": 16.93,
            "roe": 2.78,
            "roe_4q": 9.93,
            "gross_profit": 137363,
            "gross_margin": 38.95,
            "gross_margin_4q_avg": 41.12,
            "net_income": 58010,
            "net_income_4q": null,
            "revenue": 352667,
            "revenue_4q": null,
            "common_shares": 811876,
            "book_valuer_per_share": 26.17,
            "book_valuer_per_share_4q_avg": 25.44,
            "equity": 2113058,
            "current_ratio": 228.41,
            "debt_ratio": 39.79,
            "inventory_turnover_ratio": 0.37,
            "account_receivable_turnover_ratio": 0.95,
            "reinvestment_rate": 58.8,
            "research_to_sale_ratio": 2.16,
            "price_fair": 135.63,
            "eps_avg_yearly": 3.88,
            "eps_latest_yearly": 2.88,
            "eps_growth_yearly": 88.46
        },
        "20211": {
            "year_quarter": 20211,
            "year": 2021,
            "quarter": 1,
            "eps": 0.82,
            "eps_growth_year": 51.85,
            "eps_4q": 2.79,
            "eps_4q_growth_year": 30.03,
            "roe": 3.19,
            "roe_4q": 10.959999999999999,
            "gross_profit": 176270,
            "gross_margin": 42.1,
            "gross_margin_4q_avg": 40.42,
            "net_income": 66479,
            "net_income_4q": null,
            "revenue": 418654,
            "revenue_4q": null,
            "common_shares": 811876,
            "book_valuer_per_share": 25.46,
            "book_valuer_per_share_4q_avg": 25.48,
            "equity": 2055554,
            "current_ratio": 201.34,
            "debt_ratio": 41.74,
            "inventory_turnover_ratio": 0.45,
            "account_receivable_turnover_ratio": 1.09,
            "reinvestment_rate": 60.71,
            "research_to_sale_ratio": 4.65,
            "price_fair": 140.96,
            "eps_avg_yearly": 4.03,
            "eps_latest_yearly": 3.28,
            "eps_growth_yearly": 102.74
        },
        "20212": {
            "year_quarter": 20212,
            "year": 2021,
            "quarter": 2,
            "eps": 1.03,
            "eps_growth_year": 53.73,
            "eps_4q": 3.15,
            "eps_4q_growth_year": 38.56,
            "roe": 3.98,
            "roe_4q": 12.26,
            "gross_profit": 207355,
            "gross_margin": 42.34,
            "gross_margin_4q_avg": 40.77,
            "net_income": 83256,
            "net_income_4q": null,
            "revenue": 489769,
            "revenue_4q": null,
            "common_shares": 811876,
            "book_valuer_per_share": 26.38,
            "book_valuer_per_share_4q_avg": 25.87,
            "equity": 2129910,
            "current_ratio": 214.94,
            "debt_ratio": 41.76,
            "inventory_turnover_ratio": 0.56,
            "account_receivable_turnover_ratio": 1.19,
            "reinvestment_rate": 61.57,
            "research_to_sale_ratio": 4.89,
            "price_fair": 86.69,
            "eps_avg_yearly": 4.03,
            "eps_latest_yearly": 4.12,
            "eps_growth_yearly": 11.53
        },
        "20213": {
            "year_quarter": 20213,
            "year": 2021,
            "quarter": 3,
            "eps": 1.21,
            "eps_growth_year": 108.62,
            "eps_4q": 3.78,
            "eps_4q_growth_year": 61.9,
            "roe": 4.48,
            "roe_4q": 14.43,
            "gross_profit": 202190,
            "gross_margin": 41.11,
            "gross_margin_4q_avg": 41.13,
            "net_income": 97658,
            "net_income_4q": null,
            "revenue": 491846,
            "revenue_4q": null,
            "common_shares": 811876,
            "book_valuer_per_share": 27.57,
            "book_valuer_per_share_4q_avg": 26.4,
            "equity": 2225808,
            "current_ratio": 208.84,
            "debt_ratio": 40.74,
            "inventory_turnover_ratio": 0.62,
            "account_receivable_turnover_ratio": 1.1,
            "reinvestment_rate": 52.21,
            "research_to_sale_ratio": 3.46,
            "price_fair": 70.35,
            "eps_avg_yearly": 3.99,
            "eps_latest_yearly": 4.84,
            "eps_growth_yearly": 7.64
        },
        "20214": {
            "year_quarter": 20214,
            "year": 2021,
            "quarter": 4,
            "eps": 0.76,
            "eps_growth_year": 5.84,
            "eps_4q": 3.82,
            "eps_4q_growth_year": 52.04,
            "roe": 2.72,
            "roe_4q": 14.370000000000001,
            "gross_profit": 187972,
            "gross_margin": 41.16,
            "gross_margin_4q_avg": 41.68,
            "net_income": 61396,
            "net_income_4q": null,
            "revenue": 456651,
            "revenue_4q": null,
            "common_shares": 811876,
            "book_valuer_per_share": 28.31,
            "book_valuer_per_share_4q_avg": 26.93,
            "equity": 2285955,
            "current_ratio": 242.88,
            "debt_ratio": 39.8,
            "inventory_turnover_ratio": 0.6,
            "account_receivable_turnover_ratio": 1.01,
            "reinvestment_rate": 61.41,
            "research_to_sale_ratio": 2.19,
            "price_fair": 11.46,
            "eps_avg_yearly": 3.82,
            "eps_latest_yearly": 3.04,
            "eps_growth_yearly": -2.75
        },
        "20221": {
            "year_quarter": 20221,
            "year": 2022,
            "quarter": 1,
            "eps": 0.9,
            "eps_growth_year": 9.76,
            "eps_4q": 3.9,
            "eps_4q_growth_year": 39.67,
            "roe": 3.21,
            "roe_4q": 14.39,
            "gross_profit": 161181,
            "gross_margin": 40.97,
            "gross_margin_4q_avg": 41.4,
            "net_income": 72864,
            "net_income_4q": null,
            "revenue": 393435,
            "revenue_4q": null,
            "common_shares": 811876,
            "book_valuer_per_share": 27.89,
            "book_valuer_per_share_4q_avg": 27.54,
            "equity": 2252291,
            "current_ratio": 220.71,
            "debt_ratio": 41.66,
            "inventory_turnover_ratio": 0.51,
            "account_receivable_turnover_ratio": 0.96,
            "reinvestment_rate": 62.76,
            "research_to_sale_ratio": 4.49,
            "price_fair": 10.87,
            "eps_avg_yearly": 3.62,
            "eps_latest_yearly": 3.6,
            "eps_growth_yearly": -2.69
        },
        "20222": {
            "year_quarter": 20222,
            "year": 2022,
            "quarter": 2,
            "eps": 1.12,
            "eps_growth_year": 8.74,
            "eps_4q": 3.63,
            "eps_4q_growth_year": 15.15,
            "roe": 3.94,
            "roe_4q": 14.350000000000001,
            "gross_profit": 200295,
            "gross_margin": 44.35,
            "gross_margin_4q_avg": 41.9,
            "net_income": 90664,
            "net_income_4q": null,
            "revenue": 451641,
            "revenue_4q": null,
            "common_shares": 811876,
            "book_valuer_per_share": 29.04,
            "book_valuer_per_share_4q_avg": 28.2,
            "equity": 2344964,
            "current_ratio": 219.11,
            "debt_ratio": 41.15,
            "inventory_turnover_ratio": 0.5,
            "account_receivable_turnover_ratio": 1.26,
            "reinvestment_rate": 66.61,
            "research_to_sale_ratio": 4.6,
            "price_fair": 10.16,
            "eps_avg_yearly": 3.39,
            "eps_latest_yearly": 4.48,
            "eps_growth_yearly": -2.05
        },
        "20223": {
            "year_quarter": 20223,
            "year": 2022,
            "quarter": 3,
            "eps": 1.01,
            "eps_growth_year": -16.53,
            "eps_4q": 3.53,
            "eps_4q_growth_year": -6.78,
            "roe": 3.72,
            "roe_4q": 13.590000000000002,
            "gross_profit": 179616,
            "gross_margin": 42.63,
            "gross_margin_4q_avg": 42.28,
            "net_income": 89639,
            "net_income_4q": null,
            "revenue": 421305,
            "revenue_4q": null,
            "common_shares": 892619,
            "book_valuer_per_share": 27.79,
            "book_valuer_per_share_4q_avg": 28.26,
            "equity": 2479181,
            "current_ratio": 236.8,
            "debt_ratio": 39.29,
            "inventory_turnover_ratio": 0.44,
            "account_receivable_turnover_ratio": 1.2,
            "reinvestment_rate": 77.46,
            "research_to_sale_ratio": 4.47,
            "price_fair": 9.65,
            "eps_avg_yearly": 3.22,
            "eps_latest_yearly": 4.04,
            "eps_growth_yearly": -0.14
        },
        "20224": {
            "year_quarter": 20224,
            "year": 2022,
            "quarter": 4,
            "eps": 1.07,
            "eps_growth_year": 41.09,
            "eps_4q": 3.97,
            "eps_4q_growth_year": 3.92,
            "roe": 3.82,
            "roe_4q": 14.690000000000001,
            "gross_profit": 168832,
            "gross_margin": 45.7,
            "gross_margin_4q_avg": 43.41,
            "net_income": 93620,
            "net_income_4q": null,
            "revenue": 369398,
            "revenue_4q": null,
            "common_shares": 892619,
            "book_valuer_per_share": 27.77,
            "book_valuer_per_share_4q_avg": 28.12,
            "equity": 2423230,
            "current_ratio": 232.3,
            "debt_ratio": 40.23,
            "inventory_turnover_ratio": 0.33,
            "account_receivable_turnover_ratio": 1.13,
            "reinvestment_rate": 79.95,
            "research_to_sale_ratio": 4.5,
            "price_fair": 54.91,
            "eps_avg_yearly": 3.16,
            "eps_latest_yearly": 4.28,
            "eps_growth_yearly": 7.38
        },
        "20231": {
            "year_quarter": 20231,
            "year": 2023,
            "quarter": 1,
            "eps": 0.43,
            "eps_growth_year": -52.22,
            "eps_4q": 3.56,
            "eps_4q_growth_year": -8.68,
            "roe": 1.58,
            "roe_4q": 13.06,
            "gross_profit": 131186,
            "gross_margin": 42.7,
            "gross_margin_4q_avg": 43.85,
            "net_income": 37147,
            "net_income_4q": null,
            "revenue": 307263,
            "revenue_4q": null,
            "common_shares": 892619,
            "book_valuer_per_share": 26.2,
            "book_valuer_per_share_4q_avg": 27.7,
            "equity": 2286562,
            "current_ratio": 193.32,
            "debt_ratio": 44.78,
            "inventory_turnover_ratio": 0.27,
            "account_receivable_turnover_ratio": 1.06,
            "reinvestment_rate": 79.65,
            "research_to_sale_ratio": 6.65,
            "price_fair": 48.6,
            "eps_avg_yearly": 3.12,
            "eps_latest_yearly": 1.72,
            "eps_growth_yearly": 5.6
        },
        "20232": {
            "year_quarter": 20232,
            "year": 2023,
            "quarter": 2,
            "eps": 0.5,
            "eps_growth_year": -55.36,
            "eps_4q": 3.03,
            "eps_4q_growth_year": -16.56,
            "roe": 1.91,
            "roe_4q": 11.030000000000001,
            "gross_profit": 133271,
            "gross_margin": 46.6,
            "gross_margin_4q_avg": 44.41,
            "net_income": 44031,
            "net_income_4q": null,
            "revenue": 285978,
            "revenue_4q": null,
            "common_shares": 892619,
            "book_valuer_per_share": 26.71,
            "book_valuer_per_share_4q_avg": 27.12,
            "equity": 2330725,
            "current_ratio": 195.48,
            "debt_ratio": 43.06,
            "inventory_turnover_ratio": 0.23,
            "account_receivable_turnover_ratio": 1.08,
            "reinvestment_rate": 75.28,
            "research_to_sale_ratio": 6.11,
            "price_fair": 69.98,
            "eps_avg_yearly": 3.11,
            "eps_latest_yearly": 2,
            "eps_growth_yearly": 12.54
        }
    },
    "months": {
        "2011-03": {
            "month": "2011-03",
            "price": "64.38",
            "revenue": 85094
        },
        "2011-04": {
            "month": "2011-04",
            "price": "78.32",
            "revenue": 86748
        },
        "2011-05": {
            "month": "2011-05",
            "price": "102.96",
            "revenue": 118405
        },
        "2011-06": {
            "month": "2011-06",
            "price": "102.57",
            "revenue": 115625
        },
        "2011-07": {
            "month": "2011-07",
            "price": "101.42",
            "revenue": 113551
        },
        "2011-08": {
            "month": "2011-08",
            "price": "117.14",
            "revenue": 117967
        },
        "2011-09": {
            "month": "2011-09",
            "price": "106.64",
            "revenue": 115623
        },
        "2011-10": {
            "month": "2011-10",
            "price": "92.07",
            "revenue": 125651
        },
        "2011-11": {
            "month": "2011-11",
            "price": "79.85",
            "revenue": 119373
        },
        "2011-12": {
            "month": "2011-12",
            "price": "71.89",
            "revenue": 116442
        },
        "2012-01": {
            "month": "2012-01",
            "price": "67.93",
            "revenue": 119678
        },
        "2012-02": {
            "month": "2012-02",
            "price": "82.89",
            "revenue": 72461
        },
        "2012-03": {
            "month": "2012-03",
            "price": "82.95",
            "revenue": 140352
        },
        "2012-04": {
            "month": "2012-04",
            "price": "85.74",
            "revenue": 115956
        },
        "2012-05": {
            "month": "2012-05",
            "price": "81.86",
            "revenue": 146673
        },
        "2012-06": {
            "month": "2012-06",
            "price": "82.03",
            "revenue": 111426
        },
        "2012-07": {
            "month": "2012-07",
            "price": "81.68",
            "revenue": 83020
        },
        "2012-08": {
            "month": "2012-08",
            "price": "76.50",
            "revenue": 86745
        },
        "2012-09": {
            "month": "2012-09",
            "price": "62.32",
            "revenue": 80131
        },
        "2012-10": {
            "month": "2012-10",
            "price": "53.28",
            "revenue": 53371
        },
        "2012-11": {
            "month": "2012-11",
            "price": "49.43",
            "revenue": 75598
        },
        "2012-12": {
            "month": "2012-12",
            "price": "47.00",
            "revenue": 49011
        },
        "2013-01": {
            "month": "2013-01",
            "price": "54.53",
            "revenue": 49668
        },
        "2013-02": {
            "month": "2013-02",
            "price": "79.94",
            "revenue": 44309
        },
        "2013-03": {
            "month": "2013-03",
            "price": "73.06",
            "revenue": 75617
        },
        "2013-04": {
            "month": "2013-04",
            "price": "61.04",
            "revenue": 77723
        },
        "2013-05": {
            "month": "2013-05",
            "price": "59.33",
            "revenue": 98779
        },
        "2013-06": {
            "month": "2013-06",
            "price": "69.42",
            "revenue": 101566
        },
        "2013-07": {
            "month": "2013-07",
            "price": "60.67",
            "revenue": 105160
        },
        "2013-08": {
            "month": "2013-08",
            "price": "56.19",
            "revenue": 87099
        },
        "2013-09": {
            "month": "2013-09",
            "price": "52.15",
            "revenue": 81249
        },
        "2013-10": {
            "month": "2013-10",
            "price": "49.83",
            "revenue": 65100
        },
        "2013-11": {
            "month": "2013-11",
            "price": "46.17",
            "revenue": 77687
        },
        "2013-12": {
            "month": "2013-12",
            "price": "47.23",
            "revenue": 78758
        },
        "2014-01": {
            "month": "2014-01",
            "price": "52.26",
            "revenue": 67443
        },
        "2014-02": {
            "month": "2014-02",
            "price": "57.44",
            "revenue": 76298
        },
        "2014-03": {
            "month": "2014-03",
            "price": "57.84",
            "revenue": 85517
        },
        "2014-04": {
            "month": "2014-04",
            "price": "50.79",
            "revenue": 82562
        },
        "2014-05": {
            "month": "2014-05",
            "price": "46.86",
            "revenue": 85623
        },
        "2014-06": {
            "month": "2014-06",
            "price": "47.56",
            "revenue": 108622
        },
        "2014-07": {
            "month": "2014-07",
            "price": "47.46",
            "revenue": 106806
        },
        "2014-08": {
            "month": "2014-08",
            "price": "41.95",
            "revenue": 90338
        },
        "2014-09": {
            "month": "2014-09",
            "price": "40.95",
            "revenue": 74944
        },
        "2014-10": {
            "month": "2014-10",
            "price": "33.67",
            "revenue": 72115
        },
        "2014-11": {
            "month": "2014-11",
            "price": "34.90",
            "revenue": 74792
        },
        "2014-12": {
            "month": "2014-12",
            "price": "41.15",
            "revenue": 91843
        },
        "2015-01": {
            "month": "2015-01",
            "price": "40.30",
            "revenue": 75314
        },
        "2015-02": {
            "month": "2015-02",
            "price": "37.40",
            "revenue": 77921
        },
        "2015-03": {
            "month": "2015-03",
            "price": "37.58",
            "revenue": 88622
        },
        "2015-04": {
            "month": "2015-04",
            "price": "34.98",
            "revenue": 99045
        },
        "2015-05": {
            "month": "2015-05",
            "price": "35.26",
            "revenue": 97628
        },
        "2015-06": {
            "month": "2015-06",
            "price": "32.39",
            "revenue": 79321
        },
        "2015-07": {
            "month": "2015-07",
            "price": "27.08",
            "revenue": 92515
        },
        "2015-08": {
            "month": "2015-08",
            "price": "24.51",
            "revenue": 73333
        },
        "2015-09": {
            "month": "2015-09",
            "price": "26.01",
            "revenue": 82773
        },
        "2015-10": {
            "month": "2015-10",
            "price": "27.58",
            "revenue": 73239
        },
        "2015-11": {
            "month": "2015-11",
            "price": "27.59",
            "revenue": 72196
        },
        "2015-12": {
            "month": "2015-12",
            "price": "27.17",
            "revenue": 110075
        },
        "2016-01": {
            "month": "2016-01",
            "price": "25.34",
            "revenue": 62771
        },
        "2016-02": {
            "month": "2016-02",
            "price": "25.08",
            "revenue": 52406
        },
        "2016-03": {
            "month": "2016-03",
            "price": "28.88",
            "revenue": 102230
        },
        "2016-04": {
            "month": "2016-04",
            "price": "29.95",
            "revenue": 86659
        },
        "2016-05": {
            "month": "2016-05",
            "price": "27.75",
            "revenue": 92896
        },
        "2016-06": {
            "month": "2016-06",
            "price": "27.76",
            "revenue": 87815
        },
        "2016-07": {
            "month": "2016-07",
            "price": "30.94",
            "revenue": 71803
        },
        "2016-08": {
            "month": "2016-08",
            "price": "30.26",
            "revenue": 90513
        },
        "2016-09": {
            "month": "2016-09",
            "price": "35.12",
            "revenue": 77879
        },
        "2016-10": {
            "month": "2016-10",
            "price": "33.14",
            "revenue": 79255
        },
        "2016-11": {
            "month": "2016-11",
            "price": "29.98",
            "revenue": 80565
        },
        "2016-12": {
            "month": "2016-12",
            "price": "32.38",
            "revenue": 97744
        },
        "2017-01": {
            "month": "2017-01",
            "price": "31.77",
            "revenue": 65400
        },
        "2017-02": {
            "month": "2017-02",
            "price": "32.82",
            "revenue": 82658
        },
        "2017-03": {
            "month": "2017-03",
            "price": "35.94",
            "revenue": 108016
        },
        "2017-04": {
            "month": "2017-04",
            "price": "34.38",
            "revenue": 118495
        },
        "2017-05": {
            "month": "2017-05",
            "price": "40.60",
            "revenue": 124398
        },
        "2017-06": {
            "month": "2017-06",
            "price": "56.56",
            "revenue": 132317
        },
        "2017-07": {
            "month": "2017-07",
            "price": "56.72",
            "revenue": 129438
        },
        "2017-08": {
            "month": "2017-08",
            "price": "64.38",
            "revenue": 139069
        },
        "2017-09": {
            "month": "2017-09",
            "price": "83.40",
            "revenue": 141789
        },
        "2017-10": {
            "month": "2017-10",
            "price": "90.22",
            "revenue": 157598
        },
        "2017-11": {
            "month": "2017-11",
            "price": "99.48",
            "revenue": 137790
        },
        "2017-12": {
            "month": "2017-12",
            "price": "88.38",
            "revenue": 151291
        },
        "2018-01": {
            "month": "2018-01",
            "price": "106.46",
            "revenue": 171408
        },
        "2018-02": {
            "month": "2018-02",
            "price": "132.23",
            "revenue": 138541
        },
        "2018-03": {
            "month": "2018-03",
            "price": "147.76",
            "revenue": 194893
        },
        "2018-04": {
            "month": "2018-04",
            "price": "186.94",
            "revenue": 180051
        },
        "2018-05": {
            "month": "2018-05",
            "price": "174.73",
            "revenue": 200176
        },
        "2018-06": {
            "month": "2018-06",
            "price": "163.75",
            "revenue": 204650
        },
        "2018-07": {
            "month": "2018-07",
            "price": "144.93",
            "revenue": 209714
        },
        "2018-08": {
            "month": "2018-08",
            "price": "126.76",
            "revenue": 203276
        },
        "2018-09": {
            "month": "2018-09",
            "price": "110.18",
            "revenue": 171677
        },
        "2018-10": {
            "month": "2018-10",
            "price": "83.65",
            "revenue": 155816
        },
        "2018-11": {
            "month": "2018-11",
            "price": "77.35",
            "revenue": 125835
        },
        "2018-12": {
            "month": "2018-12",
            "price": "82.46",
            "revenue": 122864
        },
        "2019-01": {
            "month": "2019-01",
            "price": "83.30",
            "revenue": 114277
        },
        "2019-02": {
            "month": "2019-02",
            "price": "92.57",
            "revenue": 95400
        },
        "2019-03": {
            "month": "2019-03",
            "price": "90.09",
            "revenue": 122653
        },
        "2019-04": {
            "month": "2019-04",
            "price": "103.19",
            "revenue": 126178
        },
        "2019-05": {
            "month": "2019-05",
            "price": "94.89",
            "revenue": 110818
        },
        "2019-06": {
            "month": "2019-06",
            "price": "84.74",
            "revenue": 109051
        },
        "2019-07": {
            "month": "2019-07",
            "price": "92.84",
            "revenue": 114924
        },
        "2019-08": {
            "month": "2019-08",
            "price": "88.32",
            "revenue": 112735
        },
        "2019-09": {
            "month": "2019-09",
            "price": "85.71",
            "revenue": 94215
        },
        "2019-10": {
            "month": "2019-10",
            "price": "87.14",
            "revenue": 103088
        },
        "2019-11": {
            "month": "2019-11",
            "price": "88.13",
            "revenue": 97093
        },
        "2019-12": {
            "month": "2019-12",
            "price": "91.30",
            "revenue": 99918
        },
        "2020-01": {
            "month": "2020-01",
            "price": "92.73",
            "revenue": 81609
        },
        "2020-02": {
            "month": "2020-02",
            "price": "94.65",
            "revenue": 89248
        },
        "2020-03": {
            "month": "2020-03",
            "price": "71.69",
            "revenue": 119633
        },
        "2020-04": {
            "month": "2020-04",
            "price": "76.20",
            "revenue": 130375
        },
        "2020-05": {
            "month": "2020-05",
            "price": "90.74",
            "revenue": 128609
        },
        "2020-06": {
            "month": "2020-06",
            "price": "92.76",
            "revenue": 132301
        },
        "2020-07": {
            "month": "2020-07",
            "price": "89.83",
            "revenue": 113076
        },
        "2020-08": {
            "month": "2020-08",
            "price": "79.20",
            "revenue": 121215
        },
        "2020-09": {
            "month": "2020-09",
            "price": "78.92",
            "revenue": 113151
        },
        "2020-10": {
            "month": "2020-10",
            "price": "76.86",
            "revenue": 107479
        },
        "2020-11": {
            "month": "2020-11",
            "price": "76.85",
            "revenue": 113647
        },
        "2020-12": {
            "month": "2020-12",
            "price": "86.56",
            "revenue": 131541
        },
        "2021-01": {
            "month": "2021-01",
            "price": "98.74",
            "revenue": 135504
        },
        "2021-02": {
            "month": "2021-02",
            "price": "107.51",
            "revenue": 129093
        },
        "2021-03": {
            "month": "2021-03",
            "price": "119.50",
            "revenue": 154057
        },
        "2021-04": {
            "month": "2021-04",
            "price": "128.84",
            "revenue": 161737
        },
        "2021-05": {
            "month": "2021-05",
            "price": "100.03",
            "revenue": 162123
        },
        "2021-06": {
            "month": "2021-06",
            "price": "109.64",
            "revenue": 165908
        },
        "2021-07": {
            "month": "2021-07",
            "price": "111.80",
            "revenue": 166052
        },
        "2021-08": {
            "month": "2021-08",
            "price": "100.51",
            "revenue": 151508
        },
        "2021-09": {
            "month": "2021-09",
            "price": "90.61",
            "revenue": 174286
        },
        "2021-10": {
            "month": "2021-10",
            "price": "84.78",
            "revenue": 150442
        },
        "2021-11": {
            "month": "2021-11",
            "price": "88.22",
            "revenue": 151821
        },
        "2021-12": {
            "month": "2021-12",
            "price": "86.25",
            "revenue": 154388
        },
        "2022-01": {
            "month": "2022-01",
            "price": "84.34",
            "revenue": 130623
        },
        "2022-02": {
            "month": "2022-02",
            "price": "81.94",
            "revenue": 117905
        },
        "2022-03": {
            "month": "2022-03",
            "price": "85.50",
            "revenue": 144907
        },
        "2022-04": {
            "month": "2022-04",
            "price": "78.83",
            "revenue": 117194
        },
        "2022-05": {
            "month": "2022-05",
            "price": "77.49",
            "revenue": 164037
        },
        "2022-06": {
            "month": "2022-06",
            "price": "79.27",
            "revenue": 170410
        },
        "2022-07": {
            "month": "2022-07",
            "price": "73.74",
            "revenue": 147964
        },
        "2022-08": {
            "month": "2022-08",
            "price": "74.90",
            "revenue": 138345
        },
        "2022-09": {
            "month": "2022-09",
            "price": "71.41",
            "revenue": 134996
        },
        "2022-10": {
            "month": "2022-10",
            "price": "70.82",
            "revenue": 131796
        },
        "2022-11": {
            "month": "2022-11",
            "price": "76.26",
            "revenue": 126912
        },
        "2022-12": {
            "month": "2022-12",
            "price": "72.82",
            "revenue": 110690
        },
        "2023-01": {
            "month": "2023-01",
            "price": "70.53",
            "revenue": 103999
        },
        "2023-02": {
            "month": "2023-02",
            "price": "75.23",
            "revenue": 99783
        },
        "2023-03": {
            "month": "2023-03",
            "price": "78.34",
            "revenue": 103481
        },
        "2023-04": {
            "month": "2023-04",
            "price": "78.01",
            "revenue": 105357
        },
        "2023-05": {
            "month": "2023-05",
            "price": "74.90",
            "revenue": 101660
        },
        "2023-06": {
            "month": "2023-06",
            "price": "74.15",
            "revenue": 78961
        },
        "2023-07": {
            "month": "2023-07",
            "price": "69.90",
            "revenue": 80224
        },
        "2023-08": {
            "month": "2023-08",
            "price": "66.08",
            "revenue": 82382
        },
        "2023-09": {
            "month": "2023-09",
            "price": "64.69",
            "revenue": 82550
        }
    }
}
