{
    "summary": {
        "stock_name": "岱宇",
        "stock_id": "1598",
        "category": "運動休閒",
        "main_business": "健身器材",
        "website_url": "http://www.dyaco.com",
        "ceo": "陳明男",
        "pe_ratio": -27,
        "report_year_from": 2011,
        "report_year_to": 2023,
        "age": 13,
        "eps_negative_percentage": 44,
        "eps_growth_avg": {
            "last_all": -19.09,
            "last_2y": -84.39,
            "last_4y": 1.14,
            "last_8y": null,
            "last_12y": null,
            "last_16y": null,
            "last_20y": null,
            "at_2006_last_3y": null,
            "at_2007_last_3y": null,
            "at_2008_last_3y": null,
            "at_2009_last_3y": null,
            "at_2010_last_3y": null,
            "at_2011_last_3y": null,
            "at_2012_last_3y": null,
            "at_2013_last_3y": null,
            "at_2014_last_3y": null,
            "at_2015_last_3y": null,
            "at_2016_last_3y": null,
            "at_2017_last_3y": null,
            "at_2018_last_3y": null,
            "at_2019_last_3y": -13.33,
            "at_2020_last_3y": 24.44,
            "at_2021_last_3y": 34.85,
            "at_2022_last_3y": 1.14,
            "at_2023_last_3y": -22.93,
            "at_2024_last_3y": -22.93,
            "at_2006_last_all": null,
            "at_2007_last_all": null,
            "at_2008_last_all": null,
            "at_2009_last_all": null,
            "at_2010_last_all": null,
            "at_2011_last_all": null,
            "at_2012_last_all": null,
            "at_2013_last_all": null,
            "at_2014_last_all": null,
            "at_2015_last_all": null,
            "at_2016_last_all": null,
            "at_2017_last_all": -100,
            "at_2018_last_all": -100,
            "at_2019_last_all": -13.33,
            "at_2020_last_all": 24.44,
            "at_2021_last_all": 1.14,
            "at_2022_last_all": -19.09,
            "at_2023_last_all": -19.09,
            "at_2024_last_all": -19.09
        },
        "latest_eps": -1.14,
        "latest_price": 31,
        "latest_roe": -4.14,
        "latest_gross_margin": 35.74,
        "latest_equity": 4842392,
        "latest_revenue": 1665463,
        "latest_gross_profit": 595304,
        "latest_net_income": -4434,
        "latest_debt_ratio": 57.94,
        "latest_current_ratio": 125.3,
        "latest_account_receivable_turnover_ratio": 1.81,
        "latest_inventory_turnover_ratio": 0.38,
        "latest_reinvestment_rate": 76.98,
        "latest_research_to_sale_ratio": 1.65
    },
    "eps_dividends": {
        "2001": {
            "cash": 0,
            "stock": 0,
            "eps": 0
        },
        "2002": {
            "cash": 0,
            "stock": 0,
            "eps": 0
        },
        "2003": {
            "cash": 0,
            "stock": 0,
            "eps": 0
        },
        "2004": {
            "cash": 0,
            "stock": 0,
            "eps": 0
        },
        "2005": {
            "cash": 0,
            "stock": 0,
            "eps": 0
        },
        "2006": {
            "cash": 0,
            "stock": 0,
            "eps": 0
        },
        "2007": {
            "cash": 0,
            "stock": 0,
            "eps": 0
        },
        "2008": {
            "cash": 0,
            "stock": 0,
            "eps": 0
        },
        "2009": {
            "cash": 0,
            "stock": 0,
            "eps": 0
        },
        "2010": {
            "cash": 0,
            "stock": 0,
            "eps": 0
        },
        "2011": {
            "cash": 0.05,
            "stock": 0.45,
            "eps": 0
        },
        "2012": {
            "cash": 0,
            "stock": 0,
            "eps": 0
        },
        "2013": {
            "cash": 0.45,
            "stock": 0,
            "eps": 0
        },
        "2014": {
            "cash": 0,
            "stock": 0,
            "eps": 0
        },
        "2015": {
            "cash": 2,
            "stock": 0.5,
            "eps": -0.31
        },
        "2016": {
            "cash": 1.5,
            "stock": 0,
            "eps": 3.42
        },
        "2017": {
            "cash": 2.1,
            "stock": 0,
            "eps": -1.62
        },
        "2018": {
            "cash": 0.5,
            "stock": 0,
            "eps": 1.2
        },
        "2019": {
            "cash": 0.35,
            "stock": 0.35,
            "eps": 2.08
        },
        "2020": {
            "cash": 1.15,
            "stock": 0,
            "eps": 11.15
        },
        "2021": {
            "cash": 7.47,
            "stock": 0,
            "eps": 3.48
        },
        "2022": {
            "cash": 2.5,
            "stock": 0,
            "eps": -0.6
        },
        "2023": {
            "cash": 0.5,
            "stock": 0,
            "eps": -1.02
        }
    },
    "dividends": {
        "2011-01-01": {
            "cash": 0.05,
            "stock": 0.45
        },
        "2013-04-23": {
            "cash": 0.45,
            "stock": 0
        },
        "2015-09-02": {
            "cash": 2,
            "stock": 0.5
        },
        "2016-08-25": {
            "cash": 1.5,
            "stock": 0
        },
        "2017-07-07": {
            "cash": 2.1,
            "stock": 0
        },
        "2018-07-25": {
            "cash": 0.5,
            "stock": 0
        },
        "2019-09-03": {
            "cash": 0.35,
            "stock": 0.35
        },
        "2020-08-12": {
            "cash": 1.15,
            "stock": 0
        },
        "2021-07-30": {
            "cash": 7.47,
            "stock": 0
        },
        "2022-07-29": {
            "cash": 2.5,
            "stock": 0
        },
        "2023-06-13": {
            "cash": 0.5,
            "stock": 0
        }
    },
    "prices": {
        "200101": "無",
        "200102": "無",
        "200103": "無",
        "200104": "無",
        "200105": "無",
        "200106": "無",
        "200107": "無",
        "200108": "無",
        "200109": "無",
        "200110": "無",
        "200111": "無",
        "200112": "無",
        "200201": "無",
        "200202": "無",
        "200203": "無",
        "200204": "無",
        "200205": "無",
        "200206": "無",
        "200207": "無",
        "200208": "無",
        "200209": "無",
        "200210": "無",
        "200211": "無",
        "200212": "無",
        "200301": "無",
        "200302": "無",
        "200303": "無",
        "200304": "無",
        "200305": "無",
        "200306": "無",
        "200307": "無",
        "200308": "無",
        "200309": "無",
        "200310": "無",
        "200311": "無",
        "200312": "無",
        "200401": "無",
        "200402": "無",
        "200403": "無",
        "200404": "無",
        "200405": "無",
        "200406": "無",
        "200407": "無",
        "200408": "無",
        "200409": "無",
        "200410": "無",
        "200411": "無",
        "200412": "無",
        "200501": "無",
        "200502": "無",
        "200503": "無",
        "200504": "無",
        "200505": "無",
        "200506": "無",
        "200507": "無",
        "200508": "無",
        "200509": "無",
        "200510": "無",
        "200511": "無",
        "200512": "無",
        "200601": "無",
        "200602": "無",
        "200603": "無",
        "200604": "無",
        "200605": "無",
        "200606": "無",
        "200607": "無",
        "200608": "無",
        "200609": "無",
        "200610": "無",
        "200611": "無",
        "200612": "無",
        "200701": "無",
        "200702": "無",
        "200703": "無",
        "200704": "無",
        "200705": "無",
        "200706": "無",
        "200707": "無",
        "200708": "無",
        "200709": "無",
        "200710": "無",
        "200711": "無",
        "200712": "無",
        "200801": "無",
        "200802": "無",
        "200803": "無",
        "200804": "無",
        "200805": "無",
        "200806": "無",
        "200807": "無",
        "200808": "無",
        "200809": "無",
        "200810": "無",
        "200811": "無",
        "200812": "無",
        "200901": "無",
        "200902": "無",
        "200903": "無",
        "200904": "無",
        "200905": "無",
        "200906": "無",
        "200907": "無",
        "200908": "無",
        "200909": "無",
        "200910": "無",
        "200911": "無",
        "200912": "無",
        "201001": "無",
        "201002": "無",
        "201003": "無",
        "201004": "無",
        "201005": "無",
        "201006": "無",
        "201007": "無",
        "201008": "無",
        "201009": "無",
        "201010": "無",
        "201011": "無",
        "201012": "無",
        "201101": "無",
        "201102": "無",
        "201103": "無",
        "201104": "無",
        "201105": "無",
        "201106": "無",
        "201107": "無",
        "201108": "無",
        "201109": "無",
        "201110": "37.94",
        "201111": "37.77",
        "201112": "37.38",
        "201201": "37.67",
        "201202": "38.03",
        "201203": "44.38",
        "201204": "43.18",
        "201205": "43.01",
        "201206": "39.50",
        "201207": "37.72",
        "201208": "38.32",
        "201209": "37.24",
        "201210": "35.96",
        "201211": "34.06",
        "201212": "34.12",
        "201301": "33.92",
        "201302": "34.23",
        "201303": "34.81",
        "201304": "32.30",
        "201305": "33.44",
        "201306": "33.69",
        "201307": "33.55",
        "201308": "33.33",
        "201309": "31.99",
        "201310": "32.24",
        "201311": "31.92",
        "201312": "34.20",
        "201401": "34.47",
        "201402": "33.26",
        "201403": "33.06",
        "201404": "33.27",
        "201405": "31.32",
        "201406": "31.18",
        "201407": "31.69",
        "201408": "32.87",
        "201409": "31.30",
        "201410": "31.46",
        "201411": "33.57",
        "201412": "36.32",
        "201501": "40.06",
        "201502": "38.83",
        "201503": "38.80",
        "201504": "38.81",
        "201505": "38.29",
        "201506": "36.25",
        "201507": "34.56",
        "201508": "30.43",
        "201509": "29.95",
        "201510": "30.27",
        "201511": "30.46",
        "201512": "31.54",
        "201601": "34.40",
        "201602": "36.90",
        "201603": "42.58",
        "201604": "46.53",
        "201605": "46.39",
        "201606": "49.34",
        "201607": "53.42",
        "201608": "56.44",
        "201609": "48.66",
        "201610": "42.26",
        "201611": "38.42",
        "201612": "40.52",
        "201701": "41.40",
        "201702": "43.91",
        "201703": "43.37",
        "201704": "38.96",
        "201705": "40.17",
        "201706": "39.37",
        "201707": "37.79",
        "201708": "37.49",
        "201709": "41.56",
        "201710": "42.16",
        "201711": "39.73",
        "201712": "41.70",
        "201801": "42.96",
        "201802": "41.77",
        "201803": "40.62",
        "201804": "39.31",
        "201805": "37.10",
        "201806": "35.26",
        "201807": "34.32",
        "201808": "34.68",
        "201809": "31.23",
        "201810": "28.90",
        "201811": "28.86",
        "201812": "31.85",
        "201901": "34.01",
        "201902": "35.20",
        "201903": "34.45",
        "201904": "35.82",
        "201905": "38.84",
        "201906": "43.82",
        "201907": "46.70",
        "201908": "41.68",
        "201909": "40.42",
        "201910": "40.01",
        "201911": "41.00",
        "201912": "40.20",
        "202001": "39.47",
        "202002": "37.49",
        "202003": "34.88",
        "202004": "34.67",
        "202005": "42.16",
        "202006": "50.87",
        "202007": "66.72",
        "202008": "101.17",
        "202009": "127.45",
        "202010": "127.63",
        "202011": "131.26",
        "202012": "115.15",
        "202101": "112.10",
        "202102": "104.75",
        "202103": "111.68",
        "202104": "108.21",
        "202105": "90.16",
        "202106": "98.75",
        "202107": "87.01",
        "202108": "73.12",
        "202109": "63.44",
        "202110": "62.51",
        "202111": "63.79",
        "202112": "55.55",
        "202201": "49.72",
        "202202": "47.17",
        "202203": "46.23",
        "202204": "44.61",
        "202205": "41.88",
        "202206": "41.59",
        "202207": "39.45",
        "202208": "40.34",
        "202209": "40.96",
        "202210": "37.22",
        "202211": "38.21",
        "202212": "42.70",
        "202301": "41.50",
        "202302": "47.60",
        "202303": "47.15",
        "202304": "43.41",
        "202305": "41.15",
        "202306": "39.44",
        "202307": "37.65",
        "202308": "32.34",
        "202309": "34.10",
        "202310": "32.90",
        "202311": "34.55",
        "202312": "35.98"
    },
    "quarters": {
        "20011": {
            "year_quarter": 20011,
            "year": 2001,
            "quarter": 1,
            "eps": null,
            "eps_growth_year": null,
            "eps_4q": null,
            "eps_4q_growth_year": null,
            "roe": null,
            "roe_4q": 0,
            "gross_profit": null,
            "gross_margin": null,
            "gross_margin_4q_avg": 0,
            "net_income": null,
            "net_income_4q": null,
            "revenue": null,
            "revenue_4q": null,
            "common_shares": null,
            "book_valuer_per_share": null,
            "book_valuer_per_share_4q_avg": 0,
            "equity": null,
            "current_ratio": null,
            "debt_ratio": null,
            "inventory_turnover_ratio": null,
            "account_receivable_turnover_ratio": null,
            "reinvestment_rate": null,
            "research_to_sale_ratio": null,
            "price_fair": 0,
            "eps_avg_yearly": 0,
            "eps_latest_yearly": 0,
            "eps_growth_yearly": 0
        },
        "20012": {
            "year_quarter": 20012,
            "year": 2001,
            "quarter": 2,
            "eps": null,
            "eps_growth_year": null,
            "eps_4q": null,
            "eps_4q_growth_year": null,
            "roe": null,
            "roe_4q": 0,
            "gross_profit": null,
            "gross_margin": null,
            "gross_margin_4q_avg": 0,
            "net_income": null,
            "net_income_4q": null,
            "revenue": null,
            "revenue_4q": null,
            "common_shares": null,
            "book_valuer_per_share": null,
            "book_valuer_per_share_4q_avg": 0,
            "equity": null,
            "current_ratio": null,
            "debt_ratio": null,
            "inventory_turnover_ratio": null,
            "account_receivable_turnover_ratio": null,
            "reinvestment_rate": null,
            "research_to_sale_ratio": null,
            "price_fair": 0,
            "eps_avg_yearly": 0,
            "eps_latest_yearly": 0,
            "eps_growth_yearly": 0
        },
        "20013": {
            "year_quarter": 20013,
            "year": 2001,
            "quarter": 3,
            "eps": null,
            "eps_growth_year": null,
            "eps_4q": null,
            "eps_4q_growth_year": null,
            "roe": null,
            "roe_4q": 0,
            "gross_profit": null,
            "gross_margin": null,
            "gross_margin_4q_avg": 0,
            "net_income": null,
            "net_income_4q": null,
            "revenue": null,
            "revenue_4q": null,
            "common_shares": null,
            "book_valuer_per_share": null,
            "book_valuer_per_share_4q_avg": 0,
            "equity": null,
            "current_ratio": null,
            "debt_ratio": null,
            "inventory_turnover_ratio": null,
            "account_receivable_turnover_ratio": null,
            "reinvestment_rate": null,
            "research_to_sale_ratio": null,
            "price_fair": 0,
            "eps_avg_yearly": 0,
            "eps_latest_yearly": 0,
            "eps_growth_yearly": 0
        },
        "20014": {
            "year_quarter": 20014,
            "year": 2001,
            "quarter": 4,
            "eps": null,
            "eps_growth_year": null,
            "eps_4q": null,
            "eps_4q_growth_year": null,
            "roe": null,
            "roe_4q": 0,
            "gross_profit": null,
            "gross_margin": null,
            "gross_margin_4q_avg": 0,
            "net_income": null,
            "net_income_4q": null,
            "revenue": null,
            "revenue_4q": null,
            "common_shares": null,
            "book_valuer_per_share": null,
            "book_valuer_per_share_4q_avg": 0,
            "equity": null,
            "current_ratio": null,
            "debt_ratio": null,
            "inventory_turnover_ratio": null,
            "account_receivable_turnover_ratio": null,
            "reinvestment_rate": null,
            "research_to_sale_ratio": null,
            "price_fair": 0,
            "eps_avg_yearly": 0,
            "eps_latest_yearly": 0,
            "eps_growth_yearly": 0
        },
        "20021": {
            "year_quarter": 20021,
            "year": 2002,
            "quarter": 1,
            "eps": null,
            "eps_growth_year": null,
            "eps_4q": null,
            "eps_4q_growth_year": null,
            "roe": null,
            "roe_4q": 0,
            "gross_profit": null,
            "gross_margin": null,
            "gross_margin_4q_avg": 0,
            "net_income": null,
            "net_income_4q": null,
            "revenue": null,
            "revenue_4q": null,
            "common_shares": null,
            "book_valuer_per_share": null,
            "book_valuer_per_share_4q_avg": 0,
            "equity": null,
            "current_ratio": null,
            "debt_ratio": null,
            "inventory_turnover_ratio": null,
            "account_receivable_turnover_ratio": null,
            "reinvestment_rate": null,
            "research_to_sale_ratio": null,
            "price_fair": 0,
            "eps_avg_yearly": 0,
            "eps_latest_yearly": 0,
            "eps_growth_yearly": 0
        },
        "20022": {
            "year_quarter": 20022,
            "year": 2002,
            "quarter": 2,
            "eps": null,
            "eps_growth_year": null,
            "eps_4q": null,
            "eps_4q_growth_year": null,
            "roe": null,
            "roe_4q": 0,
            "gross_profit": null,
            "gross_margin": null,
            "gross_margin_4q_avg": 0,
            "net_income": null,
            "net_income_4q": null,
            "revenue": null,
            "revenue_4q": null,
            "common_shares": null,
            "book_valuer_per_share": null,
            "book_valuer_per_share_4q_avg": 0,
            "equity": null,
            "current_ratio": null,
            "debt_ratio": null,
            "inventory_turnover_ratio": null,
            "account_receivable_turnover_ratio": null,
            "reinvestment_rate": null,
            "research_to_sale_ratio": null,
            "price_fair": 0,
            "eps_avg_yearly": 0,
            "eps_latest_yearly": 0,
            "eps_growth_yearly": 0
        },
        "20023": {
            "year_quarter": 20023,
            "year": 2002,
            "quarter": 3,
            "eps": null,
            "eps_growth_year": null,
            "eps_4q": null,
            "eps_4q_growth_year": null,
            "roe": null,
            "roe_4q": 0,
            "gross_profit": null,
            "gross_margin": null,
            "gross_margin_4q_avg": 0,
            "net_income": null,
            "net_income_4q": null,
            "revenue": null,
            "revenue_4q": null,
            "common_shares": null,
            "book_valuer_per_share": null,
            "book_valuer_per_share_4q_avg": 0,
            "equity": null,
            "current_ratio": null,
            "debt_ratio": null,
            "inventory_turnover_ratio": null,
            "account_receivable_turnover_ratio": null,
            "reinvestment_rate": null,
            "research_to_sale_ratio": null,
            "price_fair": 0,
            "eps_avg_yearly": 0,
            "eps_latest_yearly": 0,
            "eps_growth_yearly": 0
        },
        "20024": {
            "year_quarter": 20024,
            "year": 2002,
            "quarter": 4,
            "eps": null,
            "eps_growth_year": null,
            "eps_4q": null,
            "eps_4q_growth_year": null,
            "roe": null,
            "roe_4q": 0,
            "gross_profit": null,
            "gross_margin": null,
            "gross_margin_4q_avg": 0,
            "net_income": null,
            "net_income_4q": null,
            "revenue": null,
            "revenue_4q": null,
            "common_shares": null,
            "book_valuer_per_share": null,
            "book_valuer_per_share_4q_avg": 0,
            "equity": null,
            "current_ratio": null,
            "debt_ratio": null,
            "inventory_turnover_ratio": null,
            "account_receivable_turnover_ratio": null,
            "reinvestment_rate": null,
            "research_to_sale_ratio": null,
            "price_fair": 0,
            "eps_avg_yearly": 0,
            "eps_latest_yearly": 0,
            "eps_growth_yearly": 0
        },
        "20031": {
            "year_quarter": 20031,
            "year": 2003,
            "quarter": 1,
            "eps": null,
            "eps_growth_year": null,
            "eps_4q": null,
            "eps_4q_growth_year": null,
            "roe": null,
            "roe_4q": 0,
            "gross_profit": null,
            "gross_margin": null,
            "gross_margin_4q_avg": 0,
            "net_income": null,
            "net_income_4q": null,
            "revenue": null,
            "revenue_4q": null,
            "common_shares": null,
            "book_valuer_per_share": null,
            "book_valuer_per_share_4q_avg": 0,
            "equity": null,
            "current_ratio": null,
            "debt_ratio": null,
            "inventory_turnover_ratio": null,
            "account_receivable_turnover_ratio": null,
            "reinvestment_rate": null,
            "research_to_sale_ratio": null,
            "price_fair": 0,
            "eps_avg_yearly": 0,
            "eps_latest_yearly": 0,
            "eps_growth_yearly": 0
        },
        "20032": {
            "year_quarter": 20032,
            "year": 2003,
            "quarter": 2,
            "eps": null,
            "eps_growth_year": null,
            "eps_4q": null,
            "eps_4q_growth_year": null,
            "roe": null,
            "roe_4q": 0,
            "gross_profit": null,
            "gross_margin": null,
            "gross_margin_4q_avg": 0,
            "net_income": null,
            "net_income_4q": null,
            "revenue": null,
            "revenue_4q": null,
            "common_shares": null,
            "book_valuer_per_share": null,
            "book_valuer_per_share_4q_avg": 0,
            "equity": null,
            "current_ratio": null,
            "debt_ratio": null,
            "inventory_turnover_ratio": null,
            "account_receivable_turnover_ratio": null,
            "reinvestment_rate": null,
            "research_to_sale_ratio": null,
            "price_fair": 0,
            "eps_avg_yearly": 0,
            "eps_latest_yearly": 0,
            "eps_growth_yearly": 0
        },
        "20033": {
            "year_quarter": 20033,
            "year": 2003,
            "quarter": 3,
            "eps": null,
            "eps_growth_year": null,
            "eps_4q": null,
            "eps_4q_growth_year": null,
            "roe": null,
            "roe_4q": 0,
            "gross_profit": null,
            "gross_margin": null,
            "gross_margin_4q_avg": 0,
            "net_income": null,
            "net_income_4q": null,
            "revenue": null,
            "revenue_4q": null,
            "common_shares": null,
            "book_valuer_per_share": null,
            "book_valuer_per_share_4q_avg": 0,
            "equity": null,
            "current_ratio": null,
            "debt_ratio": null,
            "inventory_turnover_ratio": null,
            "account_receivable_turnover_ratio": null,
            "reinvestment_rate": null,
            "research_to_sale_ratio": null,
            "price_fair": 0,
            "eps_avg_yearly": 0,
            "eps_latest_yearly": 0,
            "eps_growth_yearly": 0
        },
        "20034": {
            "year_quarter": 20034,
            "year": 2003,
            "quarter": 4,
            "eps": null,
            "eps_growth_year": null,
            "eps_4q": null,
            "eps_4q_growth_year": null,
            "roe": null,
            "roe_4q": 0,
            "gross_profit": null,
            "gross_margin": null,
            "gross_margin_4q_avg": 0,
            "net_income": null,
            "net_income_4q": null,
            "revenue": null,
            "revenue_4q": null,
            "common_shares": null,
            "book_valuer_per_share": null,
            "book_valuer_per_share_4q_avg": 0,
            "equity": null,
            "current_ratio": null,
            "debt_ratio": null,
            "inventory_turnover_ratio": null,
            "account_receivable_turnover_ratio": null,
            "reinvestment_rate": null,
            "research_to_sale_ratio": null,
            "price_fair": 0,
            "eps_avg_yearly": 0,
            "eps_latest_yearly": 0,
            "eps_growth_yearly": 0
        },
        "20041": {
            "year_quarter": 20041,
            "year": 2004,
            "quarter": 1,
            "eps": null,
            "eps_growth_year": null,
            "eps_4q": null,
            "eps_4q_growth_year": null,
            "roe": null,
            "roe_4q": 0,
            "gross_profit": null,
            "gross_margin": null,
            "gross_margin_4q_avg": 0,
            "net_income": null,
            "net_income_4q": null,
            "revenue": null,
            "revenue_4q": null,
            "common_shares": null,
            "book_valuer_per_share": null,
            "book_valuer_per_share_4q_avg": 0,
            "equity": null,
            "current_ratio": null,
            "debt_ratio": null,
            "inventory_turnover_ratio": null,
            "account_receivable_turnover_ratio": null,
            "reinvestment_rate": null,
            "research_to_sale_ratio": null,
            "price_fair": 0,
            "eps_avg_yearly": 0,
            "eps_latest_yearly": 0,
            "eps_growth_yearly": 0
        },
        "20042": {
            "year_quarter": 20042,
            "year": 2004,
            "quarter": 2,
            "eps": null,
            "eps_growth_year": null,
            "eps_4q": null,
            "eps_4q_growth_year": null,
            "roe": null,
            "roe_4q": 0,
            "gross_profit": null,
            "gross_margin": null,
            "gross_margin_4q_avg": 0,
            "net_income": null,
            "net_income_4q": null,
            "revenue": null,
            "revenue_4q": null,
            "common_shares": null,
            "book_valuer_per_share": null,
            "book_valuer_per_share_4q_avg": 0,
            "equity": null,
            "current_ratio": null,
            "debt_ratio": null,
            "inventory_turnover_ratio": null,
            "account_receivable_turnover_ratio": null,
            "reinvestment_rate": null,
            "research_to_sale_ratio": null,
            "price_fair": 0,
            "eps_avg_yearly": 0,
            "eps_latest_yearly": 0,
            "eps_growth_yearly": 0
        },
        "20043": {
            "year_quarter": 20043,
            "year": 2004,
            "quarter": 3,
            "eps": null,
            "eps_growth_year": null,
            "eps_4q": null,
            "eps_4q_growth_year": null,
            "roe": null,
            "roe_4q": 0,
            "gross_profit": null,
            "gross_margin": null,
            "gross_margin_4q_avg": 0,
            "net_income": null,
            "net_income_4q": null,
            "revenue": null,
            "revenue_4q": null,
            "common_shares": null,
            "book_valuer_per_share": null,
            "book_valuer_per_share_4q_avg": 0,
            "equity": null,
            "current_ratio": null,
            "debt_ratio": null,
            "inventory_turnover_ratio": null,
            "account_receivable_turnover_ratio": null,
            "reinvestment_rate": null,
            "research_to_sale_ratio": null,
            "price_fair": 0,
            "eps_avg_yearly": 0,
            "eps_latest_yearly": 0,
            "eps_growth_yearly": 0
        },
        "20044": {
            "year_quarter": 20044,
            "year": 2004,
            "quarter": 4,
            "eps": null,
            "eps_growth_year": null,
            "eps_4q": null,
            "eps_4q_growth_year": null,
            "roe": null,
            "roe_4q": 0,
            "gross_profit": null,
            "gross_margin": null,
            "gross_margin_4q_avg": 0,
            "net_income": null,
            "net_income_4q": null,
            "revenue": null,
            "revenue_4q": null,
            "common_shares": null,
            "book_valuer_per_share": null,
            "book_valuer_per_share_4q_avg": 0,
            "equity": null,
            "current_ratio": null,
            "debt_ratio": null,
            "inventory_turnover_ratio": null,
            "account_receivable_turnover_ratio": null,
            "reinvestment_rate": null,
            "research_to_sale_ratio": null,
            "price_fair": 0,
            "eps_avg_yearly": 0,
            "eps_latest_yearly": 0,
            "eps_growth_yearly": 0
        },
        "20051": {
            "year_quarter": 20051,
            "year": 2005,
            "quarter": 1,
            "eps": null,
            "eps_growth_year": null,
            "eps_4q": null,
            "eps_4q_growth_year": null,
            "roe": null,
            "roe_4q": 0,
            "gross_profit": null,
            "gross_margin": null,
            "gross_margin_4q_avg": 0,
            "net_income": null,
            "net_income_4q": null,
            "revenue": null,
            "revenue_4q": null,
            "common_shares": null,
            "book_valuer_per_share": null,
            "book_valuer_per_share_4q_avg": 0,
            "equity": null,
            "current_ratio": null,
            "debt_ratio": null,
            "inventory_turnover_ratio": null,
            "account_receivable_turnover_ratio": null,
            "reinvestment_rate": null,
            "research_to_sale_ratio": null,
            "price_fair": 0,
            "eps_avg_yearly": 0,
            "eps_latest_yearly": 0,
            "eps_growth_yearly": 0
        },
        "20052": {
            "year_quarter": 20052,
            "year": 2005,
            "quarter": 2,
            "eps": null,
            "eps_growth_year": null,
            "eps_4q": null,
            "eps_4q_growth_year": null,
            "roe": null,
            "roe_4q": 0,
            "gross_profit": null,
            "gross_margin": null,
            "gross_margin_4q_avg": 0,
            "net_income": null,
            "net_income_4q": null,
            "revenue": null,
            "revenue_4q": null,
            "common_shares": null,
            "book_valuer_per_share": null,
            "book_valuer_per_share_4q_avg": 0,
            "equity": null,
            "current_ratio": null,
            "debt_ratio": null,
            "inventory_turnover_ratio": null,
            "account_receivable_turnover_ratio": null,
            "reinvestment_rate": null,
            "research_to_sale_ratio": null,
            "price_fair": 0,
            "eps_avg_yearly": 0,
            "eps_latest_yearly": 0,
            "eps_growth_yearly": 0
        },
        "20053": {
            "year_quarter": 20053,
            "year": 2005,
            "quarter": 3,
            "eps": null,
            "eps_growth_year": null,
            "eps_4q": null,
            "eps_4q_growth_year": null,
            "roe": null,
            "roe_4q": 0,
            "gross_profit": null,
            "gross_margin": null,
            "gross_margin_4q_avg": 0,
            "net_income": null,
            "net_income_4q": null,
            "revenue": null,
            "revenue_4q": null,
            "common_shares": null,
            "book_valuer_per_share": null,
            "book_valuer_per_share_4q_avg": 0,
            "equity": null,
            "current_ratio": null,
            "debt_ratio": null,
            "inventory_turnover_ratio": null,
            "account_receivable_turnover_ratio": null,
            "reinvestment_rate": null,
            "research_to_sale_ratio": null,
            "price_fair": 0,
            "eps_avg_yearly": 0,
            "eps_latest_yearly": 0,
            "eps_growth_yearly": 0
        },
        "20054": {
            "year_quarter": 20054,
            "year": 2005,
            "quarter": 4,
            "eps": null,
            "eps_growth_year": null,
            "eps_4q": null,
            "eps_4q_growth_year": null,
            "roe": null,
            "roe_4q": 0,
            "gross_profit": null,
            "gross_margin": null,
            "gross_margin_4q_avg": 0,
            "net_income": null,
            "net_income_4q": null,
            "revenue": null,
            "revenue_4q": null,
            "common_shares": null,
            "book_valuer_per_share": null,
            "book_valuer_per_share_4q_avg": 0,
            "equity": null,
            "current_ratio": null,
            "debt_ratio": null,
            "inventory_turnover_ratio": null,
            "account_receivable_turnover_ratio": null,
            "reinvestment_rate": null,
            "research_to_sale_ratio": null,
            "price_fair": 0,
            "eps_avg_yearly": 0,
            "eps_latest_yearly": 0,
            "eps_growth_yearly": 0
        },
        "20061": {
            "year_quarter": 20061,
            "year": 2006,
            "quarter": 1,
            "eps": null,
            "eps_growth_year": null,
            "eps_4q": null,
            "eps_4q_growth_year": null,
            "roe": null,
            "roe_4q": 0,
            "gross_profit": null,
            "gross_margin": null,
            "gross_margin_4q_avg": 0,
            "net_income": null,
            "net_income_4q": null,
            "revenue": null,
            "revenue_4q": null,
            "common_shares": null,
            "book_valuer_per_share": null,
            "book_valuer_per_share_4q_avg": 0,
            "equity": null,
            "current_ratio": null,
            "debt_ratio": null,
            "inventory_turnover_ratio": null,
            "account_receivable_turnover_ratio": null,
            "reinvestment_rate": null,
            "research_to_sale_ratio": null,
            "price_fair": 0,
            "eps_avg_yearly": 0,
            "eps_latest_yearly": 0,
            "eps_growth_yearly": 0
        },
        "20062": {
            "year_quarter": 20062,
            "year": 2006,
            "quarter": 2,
            "eps": null,
            "eps_growth_year": null,
            "eps_4q": null,
            "eps_4q_growth_year": null,
            "roe": null,
            "roe_4q": 0,
            "gross_profit": null,
            "gross_margin": null,
            "gross_margin_4q_avg": 0,
            "net_income": null,
            "net_income_4q": null,
            "revenue": null,
            "revenue_4q": null,
            "common_shares": null,
            "book_valuer_per_share": null,
            "book_valuer_per_share_4q_avg": 0,
            "equity": null,
            "current_ratio": null,
            "debt_ratio": null,
            "inventory_turnover_ratio": null,
            "account_receivable_turnover_ratio": null,
            "reinvestment_rate": null,
            "research_to_sale_ratio": null,
            "price_fair": 0,
            "eps_avg_yearly": 0,
            "eps_latest_yearly": 0,
            "eps_growth_yearly": 0
        },
        "20063": {
            "year_quarter": 20063,
            "year": 2006,
            "quarter": 3,
            "eps": null,
            "eps_growth_year": null,
            "eps_4q": null,
            "eps_4q_growth_year": null,
            "roe": null,
            "roe_4q": 0,
            "gross_profit": null,
            "gross_margin": null,
            "gross_margin_4q_avg": 0,
            "net_income": null,
            "net_income_4q": null,
            "revenue": null,
            "revenue_4q": null,
            "common_shares": null,
            "book_valuer_per_share": null,
            "book_valuer_per_share_4q_avg": 0,
            "equity": null,
            "current_ratio": null,
            "debt_ratio": null,
            "inventory_turnover_ratio": null,
            "account_receivable_turnover_ratio": null,
            "reinvestment_rate": null,
            "research_to_sale_ratio": null,
            "price_fair": 0,
            "eps_avg_yearly": 0,
            "eps_latest_yearly": 0,
            "eps_growth_yearly": 0
        },
        "20064": {
            "year_quarter": 20064,
            "year": 2006,
            "quarter": 4,
            "eps": null,
            "eps_growth_year": null,
            "eps_4q": null,
            "eps_4q_growth_year": null,
            "roe": null,
            "roe_4q": 0,
            "gross_profit": null,
            "gross_margin": null,
            "gross_margin_4q_avg": 0,
            "net_income": null,
            "net_income_4q": null,
            "revenue": null,
            "revenue_4q": null,
            "common_shares": 29000,
            "book_valuer_per_share": 7.58,
            "book_valuer_per_share_4q_avg": 1.9,
            "equity": 21982,
            "current_ratio": 96.64,
            "debt_ratio": 93.61,
            "inventory_turnover_ratio": null,
            "account_receivable_turnover_ratio": null,
            "reinvestment_rate": null,
            "research_to_sale_ratio": null,
            "price_fair": 0,
            "eps_avg_yearly": 0,
            "eps_latest_yearly": 0,
            "eps_growth_yearly": 0
        },
        "20071": {
            "year_quarter": 20071,
            "year": 2007,
            "quarter": 1,
            "eps": null,
            "eps_growth_year": null,
            "eps_4q": null,
            "eps_4q_growth_year": null,
            "roe": null,
            "roe_4q": 0,
            "gross_profit": null,
            "gross_margin": null,
            "gross_margin_4q_avg": 0,
            "net_income": null,
            "net_income_4q": null,
            "revenue": null,
            "revenue_4q": null,
            "common_shares": null,
            "book_valuer_per_share": null,
            "book_valuer_per_share_4q_avg": 1.9,
            "equity": null,
            "current_ratio": null,
            "debt_ratio": null,
            "inventory_turnover_ratio": null,
            "account_receivable_turnover_ratio": null,
            "reinvestment_rate": null,
            "research_to_sale_ratio": null,
            "price_fair": 0,
            "eps_avg_yearly": 0,
            "eps_latest_yearly": 0,
            "eps_growth_yearly": 0
        },
        "20072": {
            "year_quarter": 20072,
            "year": 2007,
            "quarter": 2,
            "eps": null,
            "eps_growth_year": null,
            "eps_4q": null,
            "eps_4q_growth_year": null,
            "roe": null,
            "roe_4q": 0,
            "gross_profit": null,
            "gross_margin": null,
            "gross_margin_4q_avg": 0,
            "net_income": null,
            "net_income_4q": null,
            "revenue": null,
            "revenue_4q": null,
            "common_shares": null,
            "book_valuer_per_share": null,
            "book_valuer_per_share_4q_avg": 1.9,
            "equity": null,
            "current_ratio": null,
            "debt_ratio": null,
            "inventory_turnover_ratio": null,
            "account_receivable_turnover_ratio": null,
            "reinvestment_rate": null,
            "research_to_sale_ratio": null,
            "price_fair": 0,
            "eps_avg_yearly": 0,
            "eps_latest_yearly": 0,
            "eps_growth_yearly": 0
        },
        "20073": {
            "year_quarter": 20073,
            "year": 2007,
            "quarter": 3,
            "eps": null,
            "eps_growth_year": null,
            "eps_4q": null,
            "eps_4q_growth_year": null,
            "roe": null,
            "roe_4q": 0,
            "gross_profit": null,
            "gross_margin": null,
            "gross_margin_4q_avg": 0,
            "net_income": null,
            "net_income_4q": null,
            "revenue": null,
            "revenue_4q": null,
            "common_shares": null,
            "book_valuer_per_share": null,
            "book_valuer_per_share_4q_avg": 1.9,
            "equity": null,
            "current_ratio": null,
            "debt_ratio": null,
            "inventory_turnover_ratio": null,
            "account_receivable_turnover_ratio": null,
            "reinvestment_rate": null,
            "research_to_sale_ratio": null,
            "price_fair": 0,
            "eps_avg_yearly": 0,
            "eps_latest_yearly": 0,
            "eps_growth_yearly": 0
        },
        "20074": {
            "year_quarter": 20074,
            "year": 2007,
            "quarter": 4,
            "eps": null,
            "eps_growth_year": null,
            "eps_4q": null,
            "eps_4q_growth_year": null,
            "roe": null,
            "roe_4q": 0,
            "gross_profit": null,
            "gross_margin": null,
            "gross_margin_4q_avg": 0,
            "net_income": null,
            "net_income_4q": null,
            "revenue": null,
            "revenue_4q": null,
            "common_shares": 100000,
            "book_valuer_per_share": 10.47,
            "book_valuer_per_share_4q_avg": 2.62,
            "equity": 104728,
            "current_ratio": 84.86,
            "debt_ratio": 86.83,
            "inventory_turnover_ratio": null,
            "account_receivable_turnover_ratio": null,
            "reinvestment_rate": null,
            "research_to_sale_ratio": null,
            "price_fair": 0,
            "eps_avg_yearly": 0,
            "eps_latest_yearly": 0,
            "eps_growth_yearly": 0
        },
        "20081": {
            "year_quarter": 20081,
            "year": 2008,
            "quarter": 1,
            "eps": null,
            "eps_growth_year": null,
            "eps_4q": null,
            "eps_4q_growth_year": null,
            "roe": null,
            "roe_4q": 0,
            "gross_profit": null,
            "gross_margin": null,
            "gross_margin_4q_avg": 0,
            "net_income": null,
            "net_income_4q": null,
            "revenue": null,
            "revenue_4q": null,
            "common_shares": null,
            "book_valuer_per_share": null,
            "book_valuer_per_share_4q_avg": 2.62,
            "equity": null,
            "current_ratio": null,
            "debt_ratio": null,
            "inventory_turnover_ratio": null,
            "account_receivable_turnover_ratio": null,
            "reinvestment_rate": null,
            "research_to_sale_ratio": null,
            "price_fair": 0,
            "eps_avg_yearly": 0,
            "eps_latest_yearly": 0,
            "eps_growth_yearly": 0
        },
        "20082": {
            "year_quarter": 20082,
            "year": 2008,
            "quarter": 2,
            "eps": null,
            "eps_growth_year": null,
            "eps_4q": null,
            "eps_4q_growth_year": null,
            "roe": null,
            "roe_4q": 0,
            "gross_profit": null,
            "gross_margin": null,
            "gross_margin_4q_avg": 0,
            "net_income": null,
            "net_income_4q": null,
            "revenue": null,
            "revenue_4q": null,
            "common_shares": null,
            "book_valuer_per_share": null,
            "book_valuer_per_share_4q_avg": 2.62,
            "equity": null,
            "current_ratio": null,
            "debt_ratio": null,
            "inventory_turnover_ratio": null,
            "account_receivable_turnover_ratio": null,
            "reinvestment_rate": null,
            "research_to_sale_ratio": null,
            "price_fair": 0,
            "eps_avg_yearly": 0,
            "eps_latest_yearly": 0,
            "eps_growth_yearly": 0
        },
        "20083": {
            "year_quarter": 20083,
            "year": 2008,
            "quarter": 3,
            "eps": null,
            "eps_growth_year": null,
            "eps_4q": null,
            "eps_4q_growth_year": null,
            "roe": null,
            "roe_4q": 0,
            "gross_profit": null,
            "gross_margin": null,
            "gross_margin_4q_avg": 0,
            "net_income": null,
            "net_income_4q": null,
            "revenue": null,
            "revenue_4q": null,
            "common_shares": null,
            "book_valuer_per_share": null,
            "book_valuer_per_share_4q_avg": 2.62,
            "equity": null,
            "current_ratio": null,
            "debt_ratio": null,
            "inventory_turnover_ratio": null,
            "account_receivable_turnover_ratio": null,
            "reinvestment_rate": null,
            "research_to_sale_ratio": null,
            "price_fair": 0,
            "eps_avg_yearly": 0,
            "eps_latest_yearly": 0,
            "eps_growth_yearly": 0
        },
        "20084": {
            "year_quarter": 20084,
            "year": 2008,
            "quarter": 4,
            "eps": null,
            "eps_growth_year": null,
            "eps_4q": null,
            "eps_4q_growth_year": null,
            "roe": null,
            "roe_4q": 0,
            "gross_profit": null,
            "gross_margin": null,
            "gross_margin_4q_avg": 0,
            "net_income": null,
            "net_income_4q": null,
            "revenue": null,
            "revenue_4q": null,
            "common_shares": 365100,
            "book_valuer_per_share": 10.52,
            "book_valuer_per_share_4q_avg": 2.63,
            "equity": 384220,
            "current_ratio": 105.93,
            "debt_ratio": 70.03,
            "inventory_turnover_ratio": null,
            "account_receivable_turnover_ratio": null,
            "reinvestment_rate": null,
            "research_to_sale_ratio": null,
            "price_fair": 0,
            "eps_avg_yearly": 0,
            "eps_latest_yearly": 0,
            "eps_growth_yearly": 0
        },
        "20091": {
            "year_quarter": 20091,
            "year": 2009,
            "quarter": 1,
            "eps": null,
            "eps_growth_year": null,
            "eps_4q": null,
            "eps_4q_growth_year": null,
            "roe": null,
            "roe_4q": 0,
            "gross_profit": null,
            "gross_margin": null,
            "gross_margin_4q_avg": 0,
            "net_income": null,
            "net_income_4q": null,
            "revenue": null,
            "revenue_4q": null,
            "common_shares": null,
            "book_valuer_per_share": null,
            "book_valuer_per_share_4q_avg": 2.63,
            "equity": null,
            "current_ratio": null,
            "debt_ratio": null,
            "inventory_turnover_ratio": null,
            "account_receivable_turnover_ratio": null,
            "reinvestment_rate": null,
            "research_to_sale_ratio": null,
            "price_fair": 0,
            "eps_avg_yearly": 0,
            "eps_latest_yearly": 0,
            "eps_growth_yearly": 0
        },
        "20092": {
            "year_quarter": 20092,
            "year": 2009,
            "quarter": 2,
            "eps": null,
            "eps_growth_year": null,
            "eps_4q": null,
            "eps_4q_growth_year": null,
            "roe": null,
            "roe_4q": 0,
            "gross_profit": null,
            "gross_margin": null,
            "gross_margin_4q_avg": 0,
            "net_income": null,
            "net_income_4q": null,
            "revenue": null,
            "revenue_4q": null,
            "common_shares": null,
            "book_valuer_per_share": null,
            "book_valuer_per_share_4q_avg": 2.63,
            "equity": null,
            "current_ratio": null,
            "debt_ratio": null,
            "inventory_turnover_ratio": null,
            "account_receivable_turnover_ratio": null,
            "reinvestment_rate": null,
            "research_to_sale_ratio": null,
            "price_fair": 0,
            "eps_avg_yearly": 0,
            "eps_latest_yearly": 0,
            "eps_growth_yearly": 0
        },
        "20093": {
            "year_quarter": 20093,
            "year": 2009,
            "quarter": 3,
            "eps": null,
            "eps_growth_year": null,
            "eps_4q": null,
            "eps_4q_growth_year": null,
            "roe": null,
            "roe_4q": 0,
            "gross_profit": null,
            "gross_margin": null,
            "gross_margin_4q_avg": 0,
            "net_income": null,
            "net_income_4q": null,
            "revenue": null,
            "revenue_4q": null,
            "common_shares": null,
            "book_valuer_per_share": null,
            "book_valuer_per_share_4q_avg": 2.63,
            "equity": null,
            "current_ratio": null,
            "debt_ratio": null,
            "inventory_turnover_ratio": null,
            "account_receivable_turnover_ratio": null,
            "reinvestment_rate": null,
            "research_to_sale_ratio": null,
            "price_fair": 0,
            "eps_avg_yearly": 0,
            "eps_latest_yearly": 0,
            "eps_growth_yearly": 0
        },
        "20094": {
            "year_quarter": 20094,
            "year": 2009,
            "quarter": 4,
            "eps": null,
            "eps_growth_year": null,
            "eps_4q": null,
            "eps_4q_growth_year": null,
            "roe": null,
            "roe_4q": 0,
            "gross_profit": null,
            "gross_margin": null,
            "gross_margin_4q_avg": 0,
            "net_income": null,
            "net_income_4q": null,
            "revenue": null,
            "revenue_4q": null,
            "common_shares": 479900,
            "book_valuer_per_share": 10.72,
            "book_valuer_per_share_4q_avg": 2.68,
            "equity": 514413,
            "current_ratio": 109.14,
            "debt_ratio": 70.99,
            "inventory_turnover_ratio": null,
            "account_receivable_turnover_ratio": null,
            "reinvestment_rate": null,
            "research_to_sale_ratio": null,
            "price_fair": 0,
            "eps_avg_yearly": 0,
            "eps_latest_yearly": 0,
            "eps_growth_yearly": 0
        },
        "20101": {
            "year_quarter": 20101,
            "year": 2010,
            "quarter": 1,
            "eps": null,
            "eps_growth_year": null,
            "eps_4q": null,
            "eps_4q_growth_year": null,
            "roe": null,
            "roe_4q": 0,
            "gross_profit": null,
            "gross_margin": null,
            "gross_margin_4q_avg": 0,
            "net_income": null,
            "net_income_4q": null,
            "revenue": null,
            "revenue_4q": null,
            "common_shares": null,
            "book_valuer_per_share": null,
            "book_valuer_per_share_4q_avg": 2.68,
            "equity": null,
            "current_ratio": null,
            "debt_ratio": null,
            "inventory_turnover_ratio": null,
            "account_receivable_turnover_ratio": null,
            "reinvestment_rate": null,
            "research_to_sale_ratio": null,
            "price_fair": 0,
            "eps_avg_yearly": 0,
            "eps_latest_yearly": 0,
            "eps_growth_yearly": 0
        },
        "20102": {
            "year_quarter": 20102,
            "year": 2010,
            "quarter": 2,
            "eps": null,
            "eps_growth_year": null,
            "eps_4q": null,
            "eps_4q_growth_year": null,
            "roe": null,
            "roe_4q": 0,
            "gross_profit": null,
            "gross_margin": null,
            "gross_margin_4q_avg": 0,
            "net_income": null,
            "net_income_4q": null,
            "revenue": null,
            "revenue_4q": null,
            "common_shares": null,
            "book_valuer_per_share": null,
            "book_valuer_per_share_4q_avg": 2.68,
            "equity": null,
            "current_ratio": null,
            "debt_ratio": null,
            "inventory_turnover_ratio": null,
            "account_receivable_turnover_ratio": null,
            "reinvestment_rate": null,
            "research_to_sale_ratio": null,
            "price_fair": 0,
            "eps_avg_yearly": 0,
            "eps_latest_yearly": 0,
            "eps_growth_yearly": 0
        },
        "20103": {
            "year_quarter": 20103,
            "year": 2010,
            "quarter": 3,
            "eps": null,
            "eps_growth_year": null,
            "eps_4q": null,
            "eps_4q_growth_year": null,
            "roe": null,
            "roe_4q": 0,
            "gross_profit": null,
            "gross_margin": null,
            "gross_margin_4q_avg": 0,
            "net_income": null,
            "net_income_4q": null,
            "revenue": null,
            "revenue_4q": null,
            "common_shares": null,
            "book_valuer_per_share": null,
            "book_valuer_per_share_4q_avg": 2.68,
            "equity": null,
            "current_ratio": null,
            "debt_ratio": null,
            "inventory_turnover_ratio": null,
            "account_receivable_turnover_ratio": null,
            "reinvestment_rate": null,
            "research_to_sale_ratio": null,
            "price_fair": 0,
            "eps_avg_yearly": 0,
            "eps_latest_yearly": 0,
            "eps_growth_yearly": 0
        },
        "20104": {
            "year_quarter": 20104,
            "year": 2010,
            "quarter": 4,
            "eps": null,
            "eps_growth_year": null,
            "eps_4q": null,
            "eps_4q_growth_year": null,
            "roe": null,
            "roe_4q": 0,
            "gross_profit": null,
            "gross_margin": null,
            "gross_margin_4q_avg": 0,
            "net_income": null,
            "net_income_4q": null,
            "revenue": null,
            "revenue_4q": null,
            "common_shares": 479900,
            "book_valuer_per_share": 14.22,
            "book_valuer_per_share_4q_avg": 3.56,
            "equity": 682272,
            "current_ratio": 116.25,
            "debt_ratio": 71.25,
            "inventory_turnover_ratio": null,
            "account_receivable_turnover_ratio": null,
            "reinvestment_rate": null,
            "research_to_sale_ratio": null,
            "price_fair": 0,
            "eps_avg_yearly": 0,
            "eps_latest_yearly": 0,
            "eps_growth_yearly": 0
        },
        "20111": {
            "year_quarter": 20111,
            "year": 2011,
            "quarter": 1,
            "eps": null,
            "eps_growth_year": null,
            "eps_4q": null,
            "eps_4q_growth_year": null,
            "roe": null,
            "roe_4q": 0,
            "gross_profit": null,
            "gross_margin": null,
            "gross_margin_4q_avg": 0,
            "net_income": null,
            "net_income_4q": null,
            "revenue": null,
            "revenue_4q": null,
            "common_shares": null,
            "book_valuer_per_share": null,
            "book_valuer_per_share_4q_avg": 3.56,
            "equity": null,
            "current_ratio": null,
            "debt_ratio": null,
            "inventory_turnover_ratio": null,
            "account_receivable_turnover_ratio": null,
            "reinvestment_rate": null,
            "research_to_sale_ratio": null,
            "price_fair": 0,
            "eps_avg_yearly": 0,
            "eps_latest_yearly": 0,
            "eps_growth_yearly": 0
        },
        "20112": {
            "year_quarter": 20112,
            "year": 2011,
            "quarter": 2,
            "eps": null,
            "eps_growth_year": null,
            "eps_4q": null,
            "eps_4q_growth_year": null,
            "roe": null,
            "roe_4q": 0,
            "gross_profit": null,
            "gross_margin": null,
            "gross_margin_4q_avg": 0,
            "net_income": null,
            "net_income_4q": null,
            "revenue": null,
            "revenue_4q": null,
            "common_shares": 0,
            "book_valuer_per_share": null,
            "book_valuer_per_share_4q_avg": 3.56,
            "equity": 0,
            "current_ratio": null,
            "debt_ratio": null,
            "inventory_turnover_ratio": null,
            "account_receivable_turnover_ratio": null,
            "reinvestment_rate": null,
            "research_to_sale_ratio": null,
            "price_fair": 0,
            "eps_avg_yearly": 0,
            "eps_latest_yearly": 0,
            "eps_growth_yearly": 0
        },
        "20113": {
            "year_quarter": 20113,
            "year": 2011,
            "quarter": 3,
            "eps": null,
            "eps_growth_year": null,
            "eps_4q": null,
            "eps_4q_growth_year": null,
            "roe": null,
            "roe_4q": 0,
            "gross_profit": null,
            "gross_margin": null,
            "gross_margin_4q_avg": 0,
            "net_income": null,
            "net_income_4q": null,
            "revenue": null,
            "revenue_4q": null,
            "common_shares": null,
            "book_valuer_per_share": null,
            "book_valuer_per_share_4q_avg": 3.56,
            "equity": null,
            "current_ratio": null,
            "debt_ratio": null,
            "inventory_turnover_ratio": null,
            "account_receivable_turnover_ratio": null,
            "reinvestment_rate": null,
            "research_to_sale_ratio": null,
            "price_fair": 0,
            "eps_avg_yearly": 0,
            "eps_latest_yearly": 0,
            "eps_growth_yearly": 0
        },
        "20114": {
            "year_quarter": 20114,
            "year": 2011,
            "quarter": 4,
            "eps": null,
            "eps_growth_year": null,
            "eps_4q": null,
            "eps_4q_growth_year": null,
            "roe": null,
            "roe_4q": 0,
            "gross_profit": null,
            "gross_margin": null,
            "gross_margin_4q_avg": 0,
            "net_income": null,
            "net_income_4q": null,
            "revenue": null,
            "revenue_4q": null,
            "common_shares": 647700,
            "book_valuer_per_share": 13.54,
            "book_valuer_per_share_4q_avg": 3.39,
            "equity": 876790,
            "current_ratio": 134.38,
            "debt_ratio": 64.01,
            "inventory_turnover_ratio": null,
            "account_receivable_turnover_ratio": null,
            "reinvestment_rate": null,
            "research_to_sale_ratio": null,
            "price_fair": 0,
            "eps_avg_yearly": 0,
            "eps_latest_yearly": 0,
            "eps_growth_yearly": 0
        },
        "20121": {
            "year_quarter": 20121,
            "year": 2012,
            "quarter": 1,
            "eps": null,
            "eps_growth_year": null,
            "eps_4q": null,
            "eps_4q_growth_year": null,
            "roe": null,
            "roe_4q": 0,
            "gross_profit": null,
            "gross_margin": null,
            "gross_margin_4q_avg": 0,
            "net_income": null,
            "net_income_4q": null,
            "revenue": null,
            "revenue_4q": null,
            "common_shares": null,
            "book_valuer_per_share": null,
            "book_valuer_per_share_4q_avg": 3.39,
            "equity": null,
            "current_ratio": null,
            "debt_ratio": null,
            "inventory_turnover_ratio": null,
            "account_receivable_turnover_ratio": null,
            "reinvestment_rate": null,
            "research_to_sale_ratio": null,
            "price_fair": 0,
            "eps_avg_yearly": 0,
            "eps_latest_yearly": 0,
            "eps_growth_yearly": 0
        },
        "20122": {
            "year_quarter": 20122,
            "year": 2012,
            "quarter": 2,
            "eps": null,
            "eps_growth_year": null,
            "eps_4q": null,
            "eps_4q_growth_year": null,
            "roe": null,
            "roe_4q": 0,
            "gross_profit": null,
            "gross_margin": null,
            "gross_margin_4q_avg": 0,
            "net_income": null,
            "net_income_4q": null,
            "revenue": null,
            "revenue_4q": null,
            "common_shares": 647700,
            "book_valuer_per_share": 12.01,
            "book_valuer_per_share_4q_avg": 6.39,
            "equity": 778178,
            "current_ratio": 132.92,
            "debt_ratio": 55.91,
            "inventory_turnover_ratio": null,
            "account_receivable_turnover_ratio": null,
            "reinvestment_rate": null,
            "research_to_sale_ratio": null,
            "price_fair": 0,
            "eps_avg_yearly": 0,
            "eps_latest_yearly": 0,
            "eps_growth_yearly": 0
        },
        "20123": {
            "year_quarter": 20123,
            "year": 2012,
            "quarter": 3,
            "eps": null,
            "eps_growth_year": null,
            "eps_4q": null,
            "eps_4q_growth_year": null,
            "roe": null,
            "roe_4q": 0,
            "gross_profit": null,
            "gross_margin": null,
            "gross_margin_4q_avg": 0,
            "net_income": null,
            "net_income_4q": null,
            "revenue": null,
            "revenue_4q": null,
            "common_shares": null,
            "book_valuer_per_share": null,
            "book_valuer_per_share_4q_avg": 6.39,
            "equity": null,
            "current_ratio": null,
            "debt_ratio": null,
            "inventory_turnover_ratio": null,
            "account_receivable_turnover_ratio": null,
            "reinvestment_rate": null,
            "research_to_sale_ratio": null,
            "price_fair": 0,
            "eps_avg_yearly": 0,
            "eps_latest_yearly": 0,
            "eps_growth_yearly": 0
        },
        "20124": {
            "year_quarter": 20124,
            "year": 2012,
            "quarter": 4,
            "eps": null,
            "eps_growth_year": null,
            "eps_4q": null,
            "eps_4q_growth_year": null,
            "roe": null,
            "roe_4q": 0,
            "gross_profit": null,
            "gross_margin": null,
            "gross_margin_4q_avg": 0,
            "net_income": null,
            "net_income_4q": null,
            "revenue": null,
            "revenue_4q": null,
            "common_shares": 681088,
            "book_valuer_per_share": 13.19,
            "book_valuer_per_share_4q_avg": 6.3,
            "equity": 898020,
            "current_ratio": 120.26,
            "debt_ratio": 66.62,
            "inventory_turnover_ratio": null,
            "account_receivable_turnover_ratio": null,
            "reinvestment_rate": null,
            "research_to_sale_ratio": null,
            "price_fair": 0,
            "eps_avg_yearly": 0,
            "eps_latest_yearly": 0,
            "eps_growth_yearly": 0
        },
        "20131": {
            "year_quarter": 20131,
            "year": 2013,
            "quarter": 1,
            "eps": null,
            "eps_growth_year": null,
            "eps_4q": null,
            "eps_4q_growth_year": null,
            "roe": null,
            "roe_4q": 0,
            "gross_profit": null,
            "gross_margin": null,
            "gross_margin_4q_avg": 0,
            "net_income": null,
            "net_income_4q": null,
            "revenue": null,
            "revenue_4q": null,
            "common_shares": null,
            "book_valuer_per_share": null,
            "book_valuer_per_share_4q_avg": 6.3,
            "equity": null,
            "current_ratio": null,
            "debt_ratio": null,
            "inventory_turnover_ratio": null,
            "account_receivable_turnover_ratio": null,
            "reinvestment_rate": null,
            "research_to_sale_ratio": null,
            "price_fair": 0,
            "eps_avg_yearly": 0,
            "eps_latest_yearly": 0,
            "eps_growth_yearly": 0
        },
        "20132": {
            "year_quarter": 20132,
            "year": 2013,
            "quarter": 2,
            "eps": null,
            "eps_growth_year": null,
            "eps_4q": null,
            "eps_4q_growth_year": null,
            "roe": null,
            "roe_4q": 0,
            "gross_profit": null,
            "gross_margin": null,
            "gross_margin_4q_avg": 0,
            "net_income": null,
            "net_income_4q": null,
            "revenue": null,
            "revenue_4q": null,
            "common_shares": 681088,
            "book_valuer_per_share": 12.78,
            "book_valuer_per_share_4q_avg": 6.49,
            "equity": 870408,
            "current_ratio": 110.4,
            "debt_ratio": 65.11,
            "inventory_turnover_ratio": null,
            "account_receivable_turnover_ratio": null,
            "reinvestment_rate": null,
            "research_to_sale_ratio": null,
            "price_fair": 0,
            "eps_avg_yearly": 0,
            "eps_latest_yearly": 0,
            "eps_growth_yearly": 0
        },
        "20133": {
            "year_quarter": 20133,
            "year": 2013,
            "quarter": 3,
            "eps": null,
            "eps_growth_year": null,
            "eps_4q": null,
            "eps_4q_growth_year": null,
            "roe": null,
            "roe_4q": 0,
            "gross_profit": null,
            "gross_margin": null,
            "gross_margin_4q_avg": 0,
            "net_income": null,
            "net_income_4q": null,
            "revenue": null,
            "revenue_4q": null,
            "common_shares": null,
            "book_valuer_per_share": null,
            "book_valuer_per_share_4q_avg": 6.49,
            "equity": null,
            "current_ratio": null,
            "debt_ratio": null,
            "inventory_turnover_ratio": null,
            "account_receivable_turnover_ratio": null,
            "reinvestment_rate": null,
            "research_to_sale_ratio": null,
            "price_fair": 0,
            "eps_avg_yearly": 0,
            "eps_latest_yearly": 0,
            "eps_growth_yearly": 0
        },
        "20134": {
            "year_quarter": 20134,
            "year": 2013,
            "quarter": 4,
            "eps": null,
            "eps_growth_year": null,
            "eps_4q": null,
            "eps_4q_growth_year": null,
            "roe": null,
            "roe_4q": 0,
            "gross_profit": null,
            "gross_margin": null,
            "gross_margin_4q_avg": 0,
            "net_income": null,
            "net_income_4q": null,
            "revenue": null,
            "revenue_4q": null,
            "common_shares": 681088,
            "book_valuer_per_share": 12.99,
            "book_valuer_per_share_4q_avg": 6.44,
            "equity": 884937,
            "current_ratio": 104.66,
            "debt_ratio": 76.25,
            "inventory_turnover_ratio": null,
            "account_receivable_turnover_ratio": null,
            "reinvestment_rate": null,
            "research_to_sale_ratio": null,
            "price_fair": 0,
            "eps_avg_yearly": 0,
            "eps_latest_yearly": 0,
            "eps_growth_yearly": 0
        },
        "20141": {
            "year_quarter": 20141,
            "year": 2014,
            "quarter": 1,
            "eps": null,
            "eps_growth_year": null,
            "eps_4q": null,
            "eps_4q_growth_year": null,
            "roe": null,
            "roe_4q": 0,
            "gross_profit": null,
            "gross_margin": null,
            "gross_margin_4q_avg": 0,
            "net_income": null,
            "net_income_4q": null,
            "revenue": null,
            "revenue_4q": null,
            "common_shares": null,
            "book_valuer_per_share": null,
            "book_valuer_per_share_4q_avg": 6.44,
            "equity": null,
            "current_ratio": null,
            "debt_ratio": null,
            "inventory_turnover_ratio": null,
            "account_receivable_turnover_ratio": null,
            "reinvestment_rate": null,
            "research_to_sale_ratio": null,
            "price_fair": 0,
            "eps_avg_yearly": 0,
            "eps_latest_yearly": 0,
            "eps_growth_yearly": 0
        },
        "20142": {
            "year_quarter": 20142,
            "year": 2014,
            "quarter": 2,
            "eps": null,
            "eps_growth_year": null,
            "eps_4q": null,
            "eps_4q_growth_year": null,
            "roe": null,
            "roe_4q": 0,
            "gross_profit": null,
            "gross_margin": null,
            "gross_margin_4q_avg": 0,
            "net_income": null,
            "net_income_4q": null,
            "revenue": null,
            "revenue_4q": null,
            "common_shares": 681088,
            "book_valuer_per_share": 13.72,
            "book_valuer_per_share_4q_avg": 6.68,
            "equity": 934224,
            "current_ratio": 104.67,
            "debt_ratio": 70.59,
            "inventory_turnover_ratio": null,
            "account_receivable_turnover_ratio": null,
            "reinvestment_rate": null,
            "research_to_sale_ratio": null,
            "price_fair": 0,
            "eps_avg_yearly": 0,
            "eps_latest_yearly": 0,
            "eps_growth_yearly": 0
        },
        "20143": {
            "year_quarter": 20143,
            "year": 2014,
            "quarter": 3,
            "eps": null,
            "eps_growth_year": null,
            "eps_4q": null,
            "eps_4q_growth_year": null,
            "roe": null,
            "roe_4q": 0,
            "gross_profit": null,
            "gross_margin": null,
            "gross_margin_4q_avg": 0,
            "net_income": null,
            "net_income_4q": null,
            "revenue": null,
            "revenue_4q": null,
            "common_shares": null,
            "book_valuer_per_share": null,
            "book_valuer_per_share_4q_avg": 6.68,
            "equity": null,
            "current_ratio": null,
            "debt_ratio": null,
            "inventory_turnover_ratio": null,
            "account_receivable_turnover_ratio": null,
            "reinvestment_rate": null,
            "research_to_sale_ratio": null,
            "price_fair": 0,
            "eps_avg_yearly": 0,
            "eps_latest_yearly": 0,
            "eps_growth_yearly": 0
        },
        "20144": {
            "year_quarter": 20144,
            "year": 2014,
            "quarter": 4,
            "eps": null,
            "eps_growth_year": null,
            "eps_4q": null,
            "eps_4q_growth_year": null,
            "roe": null,
            "roe_4q": 0,
            "gross_profit": null,
            "gross_margin": null,
            "gross_margin_4q_avg": 0,
            "net_income": null,
            "net_income_4q": null,
            "revenue": null,
            "revenue_4q": null,
            "common_shares": 681088,
            "book_valuer_per_share": 17.17,
            "book_valuer_per_share_4q_avg": 7.72,
            "equity": 1169152,
            "current_ratio": 104.85,
            "debt_ratio": 70.69,
            "inventory_turnover_ratio": null,
            "account_receivable_turnover_ratio": null,
            "reinvestment_rate": null,
            "research_to_sale_ratio": null,
            "price_fair": 0,
            "eps_avg_yearly": 0,
            "eps_latest_yearly": 0,
            "eps_growth_yearly": 0
        },
        "20151": {
            "year_quarter": 20151,
            "year": 2015,
            "quarter": 1,
            "eps": null,
            "eps_growth_year": null,
            "eps_4q": null,
            "eps_4q_growth_year": null,
            "roe": null,
            "roe_4q": 0,
            "gross_profit": 258918,
            "gross_margin": null,
            "gross_margin_4q_avg": 0,
            "net_income": 17074,
            "net_income_4q": null,
            "revenue": 1089779,
            "revenue_4q": null,
            "common_shares": 781088,
            "book_valuer_per_share": 19.05,
            "book_valuer_per_share_4q_avg": 12.49,
            "equity": 1487865,
            "current_ratio": 126.82,
            "debt_ratio": 58.45,
            "inventory_turnover_ratio": null,
            "account_receivable_turnover_ratio": null,
            "reinvestment_rate": null,
            "research_to_sale_ratio": null,
            "price_fair": 0,
            "eps_avg_yearly": 0,
            "eps_latest_yearly": 0,
            "eps_growth_yearly": 0
        },
        "20152": {
            "year_quarter": 20152,
            "year": 2015,
            "quarter": 2,
            "eps": -0.31,
            "eps_growth_year": null,
            "eps_4q": null,
            "eps_4q_growth_year": null,
            "roe": -1.8,
            "roe_4q": -1.8,
            "gross_profit": 171106,
            "gross_margin": 19.54,
            "gross_margin_4q_avg": 4.89,
            "net_income": -25110,
            "net_income_4q": null,
            "revenue": 875635,
            "revenue_4q": null,
            "common_shares": 781088,
            "book_valuer_per_share": 16.69,
            "book_valuer_per_share_4q_avg": 13.23,
            "equity": 1303567,
            "current_ratio": 104.96,
            "debt_ratio": 66.53,
            "inventory_turnover_ratio": 1.17,
            "account_receivable_turnover_ratio": 4.51,
            "reinvestment_rate": null,
            "research_to_sale_ratio": null,
            "price_fair": 0,
            "eps_avg_yearly": 0,
            "eps_latest_yearly": 0,
            "eps_growth_yearly": 0
        },
        "20153": {
            "year_quarter": 20153,
            "year": 2015,
            "quarter": 3,
            "eps": null,
            "eps_growth_year": null,
            "eps_4q": null,
            "eps_4q_growth_year": null,
            "roe": null,
            "roe_4q": -1.8,
            "gross_profit": 291584,
            "gross_margin": null,
            "gross_margin_4q_avg": 4.89,
            "net_income": 155440,
            "net_income_4q": null,
            "revenue": 930286,
            "revenue_4q": null,
            "common_shares": 820142,
            "book_valuer_per_share": 18.02,
            "book_valuer_per_share_4q_avg": 17.73,
            "equity": 1478044,
            "current_ratio": 111.46,
            "debt_ratio": 66.88,
            "inventory_turnover_ratio": null,
            "account_receivable_turnover_ratio": null,
            "reinvestment_rate": null,
            "research_to_sale_ratio": null,
            "price_fair": 0,
            "eps_avg_yearly": 0,
            "eps_latest_yearly": 0,
            "eps_growth_yearly": 0
        },
        "20154": {
            "year_quarter": 20154,
            "year": 2015,
            "quarter": 4,
            "eps": null,
            "eps_growth_year": null,
            "eps_4q": null,
            "eps_4q_growth_year": null,
            "roe": null,
            "roe_4q": -1.8,
            "gross_profit": 395922,
            "gross_margin": null,
            "gross_margin_4q_avg": 4.89,
            "net_income": 106298,
            "net_income_4q": null,
            "revenue": 1519514,
            "revenue_4q": null,
            "common_shares": 820142,
            "book_valuer_per_share": 18.92,
            "book_valuer_per_share_4q_avg": 18.17,
            "equity": 1553862,
            "current_ratio": 106.72,
            "debt_ratio": 64.93,
            "inventory_turnover_ratio": null,
            "account_receivable_turnover_ratio": null,
            "reinvestment_rate": null,
            "research_to_sale_ratio": null,
            "price_fair": 0,
            "eps_avg_yearly": 0,
            "eps_latest_yearly": 0,
            "eps_growth_yearly": 0
        },
        "20161": {
            "year_quarter": 20161,
            "year": 2016,
            "quarter": 1,
            "eps": 0.9,
            "eps_growth_year": null,
            "eps_4q": 0.59,
            "eps_4q_growth_year": null,
            "roe": 4.63,
            "roe_4q": 2.83,
            "gross_profit": 357515,
            "gross_margin": 31.03,
            "gross_margin_4q_avg": 12.64,
            "net_income": 73684,
            "net_income_4q": null,
            "revenue": 1152162,
            "revenue_4q": null,
            "common_shares": 820142,
            "book_valuer_per_share": 19.84,
            "book_valuer_per_share_4q_avg": 18.37,
            "equity": 1628791,
            "current_ratio": 112.03,
            "debt_ratio": 60.2,
            "inventory_turnover_ratio": 1.38,
            "account_receivable_turnover_ratio": 1.41,
            "reinvestment_rate": null,
            "research_to_sale_ratio": 2.28,
            "price_fair": 0,
            "eps_avg_yearly": 0,
            "eps_latest_yearly": 0,
            "eps_growth_yearly": 0
        },
        "20162": {
            "year_quarter": 20162,
            "year": 2016,
            "quarter": 2,
            "eps": 0.38,
            "eps_growth_year": null,
            "eps_4q": 1.28,
            "eps_4q_growth_year": null,
            "roe": 1.97,
            "roe_4q": 6.6,
            "gross_profit": 269563,
            "gross_margin": 28.31,
            "gross_margin_4q_avg": 14.84,
            "net_income": 31111,
            "net_income_4q": null,
            "revenue": 952279,
            "revenue_4q": null,
            "common_shares": 820142,
            "book_valuer_per_share": 18.68,
            "book_valuer_per_share_4q_avg": 18.87,
            "equity": 1533881,
            "current_ratio": 104.09,
            "debt_ratio": 66.64,
            "inventory_turnover_ratio": 1.21,
            "account_receivable_turnover_ratio": 1.55,
            "reinvestment_rate": null,
            "research_to_sale_ratio": 2.83,
            "price_fair": 4.56,
            "eps_avg_yearly": 1.52,
            "eps_latest_yearly": 1.52,
            "eps_growth_yearly": -231.11
        },
        "20163": {
            "year_quarter": 20163,
            "year": 2016,
            "quarter": 3,
            "eps": 0.23,
            "eps_growth_year": null,
            "eps_4q": 1.33,
            "eps_4q_growth_year": null,
            "roe": 1.07,
            "roe_4q": 7.67,
            "gross_profit": 321783,
            "gross_margin": 29.04,
            "gross_margin_4q_avg": 22.1,
            "net_income": 19236,
            "net_income_4q": null,
            "revenue": 1107948,
            "revenue_4q": null,
            "common_shares": 929502,
            "book_valuer_per_share": 22.08,
            "book_valuer_per_share_4q_avg": 19.88,
            "equity": 2054320,
            "current_ratio": 123.33,
            "debt_ratio": 61.03,
            "inventory_turnover_ratio": 1.26,
            "account_receivable_turnover_ratio": 1.79,
            "reinvestment_rate": null,
            "research_to_sale_ratio": 2.37,
            "price_fair": 3.66,
            "eps_avg_yearly": 1.22,
            "eps_latest_yearly": 0.92,
            "eps_growth_yearly": -194.5
        },
        "20164": {
            "year_quarter": 20164,
            "year": 2016,
            "quarter": 4,
            "eps": 1.91,
            "eps_growth_year": null,
            "eps_4q": 3.24,
            "eps_4q_growth_year": null,
            "roe": 8.28,
            "roe_4q": 15.95,
            "gross_profit": 451076,
            "gross_margin": 29.82,
            "gross_margin_4q_avg": 29.55,
            "net_income": 177404,
            "net_income_4q": null,
            "revenue": 1512453,
            "revenue_4q": null,
            "common_shares": 929502,
            "book_valuer_per_share": 23.99,
            "book_valuer_per_share_4q_avg": 21.15,
            "equity": 2232085,
            "current_ratio": 129.55,
            "debt_ratio": 58.36,
            "inventory_turnover_ratio": 1.62,
            "account_receivable_turnover_ratio": 1.96,
            "reinvestment_rate": null,
            "research_to_sale_ratio": 2.22,
            "price_fair": 117.6,
            "eps_avg_yearly": 3.36,
            "eps_latest_yearly": 7.64,
            "eps_growth_yearly": 844.24
        },
        "20171": {
            "year_quarter": 20171,
            "year": 2017,
            "quarter": 1,
            "eps": -0.91,
            "eps_growth_year": -201.11,
            "eps_4q": 1.53,
            "eps_4q_growth_year": 158.98,
            "roe": -3.93,
            "roe_4q": 7.39,
            "gross_profit": 354070,
            "gross_margin": 31.86,
            "gross_margin_4q_avg": 29.76,
            "net_income": -85064,
            "net_income_4q": null,
            "revenue": 1111186,
            "revenue_4q": null,
            "common_shares": 929502,
            "book_valuer_per_share": 22.59,
            "book_valuer_per_share_4q_avg": 21.84,
            "equity": 2101547,
            "current_ratio": 124.38,
            "debt_ratio": 58.78,
            "inventory_turnover_ratio": 1.12,
            "account_receivable_turnover_ratio": 1.65,
            "reinvestment_rate": null,
            "research_to_sale_ratio": 2.36,
            "price_fair": 117.6,
            "eps_avg_yearly": 3.36,
            "eps_latest_yearly": 7.64,
            "eps_growth_yearly": 844.24
        },
        "20172": {
            "year_quarter": 20172,
            "year": 2017,
            "quarter": 2,
            "eps": -0.56,
            "eps_growth_year": -247.37,
            "eps_4q": 0.64,
            "eps_4q_growth_year": -49.57,
            "roe": -2.6,
            "roe_4q": 2.8199999999999994,
            "gross_profit": 201715,
            "gross_margin": 26.02,
            "gross_margin_4q_avg": 29.19,
            "net_income": -51751,
            "net_income_4q": null,
            "revenue": 775350,
            "revenue_4q": null,
            "common_shares": 929502,
            "book_valuer_per_share": 20.15,
            "book_valuer_per_share_4q_avg": 22.2,
            "equity": 1872926,
            "current_ratio": 113.77,
            "debt_ratio": 60.98,
            "inventory_turnover_ratio": 0.78,
            "account_receivable_turnover_ratio": 1.54,
            "reinvestment_rate": null,
            "research_to_sale_ratio": 3.47,
            "price_fair": 117.6,
            "eps_avg_yearly": 3.36,
            "eps_latest_yearly": 7.64,
            "eps_growth_yearly": 844.24
        },
        "20173": {
            "year_quarter": 20173,
            "year": 2017,
            "quarter": 3,
            "eps": -0.18,
            "eps_growth_year": -178.26,
            "eps_4q": 0.26,
            "eps_4q_growth_year": -80.68,
            "roe": -0.84,
            "roe_4q": 0.9099999999999993,
            "gross_profit": 289343,
            "gross_margin": 27.82,
            "gross_margin_4q_avg": 28.88,
            "net_income": -16719,
            "net_income_4q": null,
            "revenue": 1040068,
            "revenue_4q": null,
            "common_shares": 929502,
            "book_valuer_per_share": 20.27,
            "book_valuer_per_share_4q_avg": 21.75,
            "equity": 2092147,
            "current_ratio": 110.19,
            "debt_ratio": 64.87,
            "inventory_turnover_ratio": 0.81,
            "account_receivable_turnover_ratio": 1.52,
            "reinvestment_rate": null,
            "research_to_sale_ratio": 2.45,
            "price_fair": 117.6,
            "eps_avg_yearly": 3.36,
            "eps_latest_yearly": 7.64,
            "eps_growth_yearly": 844.24
        },
        "20174": {
            "year_quarter": 20174,
            "year": 2017,
            "quarter": 4,
            "eps": 0.03,
            "eps_growth_year": -98.55,
            "eps_4q": -1.62,
            "eps_4q_growth_year": -150.07,
            "roe": -0.58,
            "roe_4q": -7.949999999999999,
            "gross_profit": 425561,
            "gross_margin": 27.79,
            "gross_margin_4q_avg": 28.37,
            "net_income": -12369,
            "net_income_4q": null,
            "revenue": 1531112,
            "revenue_4q": null,
            "common_shares": 929502,
            "book_valuer_per_share": 19.59,
            "book_valuer_per_share_4q_avg": 20.65,
            "equity": 2145830,
            "current_ratio": 102.93,
            "debt_ratio": 67.67,
            "inventory_turnover_ratio": 0.95,
            "account_receivable_turnover_ratio": 1.85,
            "reinvestment_rate": null,
            "research_to_sale_ratio": 1.72,
            "price_fair": 117.6,
            "eps_avg_yearly": 3.36,
            "eps_latest_yearly": 7.64,
            "eps_growth_yearly": 844.24
        },
        "20181": {
            "year_quarter": 20181,
            "year": 2018,
            "quarter": 1,
            "eps": -1.12,
            "eps_growth_year": null,
            "eps_4q": -1.87,
            "eps_4q_growth_year": -221.55,
            "roe": -4.73,
            "roe_4q": -8.75,
            "gross_profit": 363612,
            "gross_margin": 23.94,
            "gross_margin_4q_avg": 26.39,
            "net_income": -96260,
            "net_income_4q": null,
            "revenue": 1518907,
            "revenue_4q": null,
            "common_shares": 929502,
            "book_valuer_per_share": 17.86,
            "book_valuer_per_share_4q_avg": 19.47,
            "equity": 1924323,
            "current_ratio": 93.9,
            "debt_ratio": 70.5,
            "inventory_turnover_ratio": 1.04,
            "account_receivable_turnover_ratio": 1.8,
            "reinvestment_rate": null,
            "research_to_sale_ratio": 2.05,
            "price_fair": 117.6,
            "eps_avg_yearly": 3.36,
            "eps_latest_yearly": 7.64,
            "eps_growth_yearly": 844.24
        },
        "20182": {
            "year_quarter": 20182,
            "year": 2018,
            "quarter": 2,
            "eps": 0.67,
            "eps_growth_year": null,
            "eps_4q": -0.61,
            "eps_4q_growth_year": -194.79,
            "roe": 2.76,
            "roe_4q": -3.3900000000000006,
            "gross_profit": 218807,
            "gross_margin": 19.18,
            "gross_margin_4q_avg": 24.68,
            "net_income": 53349,
            "net_income_4q": null,
            "revenue": 1140576,
            "revenue_4q": null,
            "common_shares": 929502,
            "book_valuer_per_share": 18.17,
            "book_valuer_per_share_4q_avg": 18.97,
            "equity": 1938131,
            "current_ratio": 95.48,
            "debt_ratio": 70.43,
            "inventory_turnover_ratio": 0.89,
            "account_receivable_turnover_ratio": 1.37,
            "reinvestment_rate": null,
            "research_to_sale_ratio": 2.51,
            "price_fair": 117.6,
            "eps_avg_yearly": 3.36,
            "eps_latest_yearly": 7.64,
            "eps_growth_yearly": 844.24
        },
        "20183": {
            "year_quarter": 20183,
            "year": 2018,
            "quarter": 3,
            "eps": 0.53,
            "eps_growth_year": null,
            "eps_4q": 0.11,
            "eps_4q_growth_year": -56.62,
            "roe": 2.39,
            "roe_4q": -0.16000000000000003,
            "gross_profit": 397415,
            "gross_margin": 30.58,
            "gross_margin_4q_avg": 25.37,
            "net_income": 46493,
            "net_income_4q": null,
            "revenue": 1299416,
            "revenue_4q": null,
            "common_shares": 929502,
            "book_valuer_per_share": 18.46,
            "book_valuer_per_share_4q_avg": 18.52,
            "equity": 1949224,
            "current_ratio": 81.26,
            "debt_ratio": 70.05,
            "inventory_turnover_ratio": 0.79,
            "account_receivable_turnover_ratio": 1.7,
            "reinvestment_rate": null,
            "research_to_sale_ratio": 2.02,
            "price_fair": 106.75,
            "eps_avg_yearly": 3.05,
            "eps_latest_yearly": 2.12,
            "eps_growth_yearly": 612.29
        },
        "20184": {
            "year_quarter": 20184,
            "year": 2018,
            "quarter": 4,
            "eps": 1.12,
            "eps_growth_year": 3942.28,
            "eps_4q": 1.2,
            "eps_4q_growth_year": null,
            "roe": 6.15,
            "roe_4q": 6.57,
            "gross_profit": 547565,
            "gross_margin": 34.26,
            "gross_margin_4q_avg": 26.99,
            "net_income": 123874,
            "net_income_4q": null,
            "revenue": 1598251,
            "revenue_4q": null,
            "common_shares": 929502,
            "book_valuer_per_share": 19.61,
            "book_valuer_per_share_4q_avg": 18.53,
            "equity": 2078521,
            "current_ratio": 83.22,
            "debt_ratio": 70.41,
            "inventory_turnover_ratio": 0.86,
            "account_receivable_turnover_ratio": 1.9,
            "reinvestment_rate": 291.37,
            "research_to_sale_ratio": 1.47,
            "price_fair": 116.76,
            "eps_avg_yearly": 3.34,
            "eps_latest_yearly": 4.48,
            "eps_growth_yearly": 578.89
        },
        "20191": {
            "year_quarter": 20191,
            "year": 2019,
            "quarter": 1,
            "eps": 0.65,
            "eps_growth_year": null,
            "eps_4q": 2.97,
            "eps_4q_growth_year": null,
            "roe": 3.9,
            "roe_4q": 15.200000000000001,
            "gross_profit": 516686,
            "gross_margin": 28.99,
            "gross_margin_4q_avg": 28.25,
            "net_income": 83508,
            "net_income_4q": null,
            "revenue": 1782239,
            "revenue_4q": null,
            "common_shares": 929502,
            "book_valuer_per_share": 20.56,
            "book_valuer_per_share_4q_avg": 19.2,
            "equity": 2198540,
            "current_ratio": 83.95,
            "debt_ratio": 68.48,
            "inventory_turnover_ratio": 1.11,
            "account_receivable_turnover_ratio": 1.76,
            "reinvestment_rate": 267.37,
            "research_to_sale_ratio": 1.48,
            "price_fair": 112.47,
            "eps_avg_yearly": 3.21,
            "eps_latest_yearly": 2.6,
            "eps_growth_yearly": 454.43
        },
        "20192": {
            "year_quarter": 20192,
            "year": 2019,
            "quarter": 2,
            "eps": -0.13,
            "eps_growth_year": -119.4,
            "eps_4q": 2.09,
            "eps_4q_growth_year": null,
            "roe": -0.68,
            "roe_4q": 11.760000000000002,
            "gross_profit": 270577,
            "gross_margin": 24.5,
            "gross_margin_4q_avg": 29.58,
            "net_income": -14855,
            "net_income_4q": null,
            "revenue": 1104227,
            "revenue_4q": null,
            "common_shares": 929502,
            "book_valuer_per_share": 20.14,
            "book_valuer_per_share_4q_avg": 19.69,
            "equity": 2151546,
            "current_ratio": 81.47,
            "debt_ratio": 67.02,
            "inventory_turnover_ratio": 0.8,
            "account_receivable_turnover_ratio": 1.09,
            "reinvestment_rate": 245.23,
            "research_to_sale_ratio": 2.3,
            "price_fair": 112.47,
            "eps_avg_yearly": 3.21,
            "eps_latest_yearly": 2.6,
            "eps_growth_yearly": 454.43
        },
        "20193": {
            "year_quarter": 20193,
            "year": 2019,
            "quarter": 3,
            "eps": 0.73,
            "eps_growth_year": 37.74,
            "eps_4q": 2.31,
            "eps_4q_growth_year": 1966.81,
            "roe": 3.15,
            "roe_4q": 12.52,
            "gross_profit": 414472,
            "gross_margin": 32.24,
            "gross_margin_4q_avg": 30,
            "net_income": 68152,
            "net_income_4q": null,
            "revenue": 1285505,
            "revenue_4q": null,
            "common_shares": 960635,
            "book_valuer_per_share": 19.81,
            "book_valuer_per_share_4q_avg": 20.03,
            "equity": 2169857,
            "current_ratio": 90.26,
            "debt_ratio": 69.08,
            "inventory_turnover_ratio": 0.76,
            "account_receivable_turnover_ratio": 1.5,
            "reinvestment_rate": 262.54,
            "research_to_sale_ratio": 1.74,
            "price_fair": 112.47,
            "eps_avg_yearly": 3.21,
            "eps_latest_yearly": 2.6,
            "eps_growth_yearly": 454.43
        },
        "20194": {
            "year_quarter": 20194,
            "year": 2019,
            "quarter": 4,
            "eps": 0.83,
            "eps_growth_year": -26.34,
            "eps_4q": 2.05,
            "eps_4q_growth_year": 70.4,
            "roe": 3.77,
            "roe_4q": 10.14,
            "gross_profit": 514664,
            "gross_margin": 30.66,
            "gross_margin_4q_avg": 29.1,
            "net_income": 83290,
            "net_income_4q": null,
            "revenue": 1678557,
            "revenue_4q": null,
            "common_shares": 961009,
            "book_valuer_per_share": 20.57,
            "book_valuer_per_share_4q_avg": 20.27,
            "equity": 2244317,
            "current_ratio": 92.88,
            "debt_ratio": 69.24,
            "inventory_turnover_ratio": 0.95,
            "account_receivable_turnover_ratio": 1.88,
            "reinvestment_rate": 220.42,
            "research_to_sale_ratio": 1.62,
            "price_fair": 113,
            "eps_avg_yearly": 3.23,
            "eps_latest_yearly": 3.32,
            "eps_growth_yearly": 397.34
        },
        "20201": {
            "year_quarter": 20201,
            "year": 2020,
            "quarter": 1,
            "eps": 0.01,
            "eps_growth_year": -98.46,
            "eps_4q": 1.23,
            "eps_4q_growth_year": -58.48,
            "roe": 0.21,
            "roe_4q": 6.45,
            "gross_profit": 462022,
            "gross_margin": 28.04,
            "gross_margin_4q_avg": 28.86,
            "net_income": 5111,
            "net_income_4q": null,
            "revenue": 1647801,
            "revenue_4q": null,
            "common_shares": 1151009,
            "book_valuer_per_share": 22.02,
            "book_valuer_per_share_4q_avg": 20.64,
            "equity": 2705562,
            "current_ratio": 87.32,
            "debt_ratio": 67.3,
            "inventory_turnover_ratio": 1.02,
            "account_receivable_turnover_ratio": 1.45,
            "reinvestment_rate": 260.97,
            "research_to_sale_ratio": 1.28,
            "price_fair": 99.05,
            "eps_avg_yearly": 2.83,
            "eps_latest_yearly": 0.04,
            "eps_growth_yearly": 298.27
        },
        "20202": {
            "year_quarter": 20202,
            "year": 2020,
            "quarter": 2,
            "eps": 1.77,
            "eps_growth_year": null,
            "eps_4q": 2.96,
            "eps_4q_growth_year": 41.56,
            "roe": 6.47,
            "roe_4q": 13.6,
            "gross_profit": 1132022,
            "gross_margin": 45.13,
            "gross_margin_4q_avg": 34.02,
            "net_income": 186458,
            "net_income_4q": null,
            "revenue": 2508224,
            "revenue_4q": null,
            "common_shares": 1151009,
            "book_valuer_per_share": 24.21,
            "book_valuer_per_share_4q_avg": 21.65,
            "equity": 3062528,
            "current_ratio": 97.44,
            "debt_ratio": 67.88,
            "inventory_turnover_ratio": 1,
            "account_receivable_turnover_ratio": 1.96,
            "reinvestment_rate": 163.73,
            "research_to_sale_ratio": 0.93,
            "price_fair": 123.38,
            "eps_avg_yearly": 3.53,
            "eps_latest_yearly": 7.08,
            "eps_growth_yearly": 9127.16
        },
        "20203": {
            "year_quarter": 20203,
            "year": 2020,
            "quarter": 3,
            "eps": 3.74,
            "eps_growth_year": 412.33,
            "eps_4q": 5.57,
            "eps_4q_growth_year": 141.06,
            "roe": 12,
            "roe_4q": 22.45,
            "gross_profit": 1671194,
            "gross_margin": 46.74,
            "gross_margin_4q_avg": 37.64,
            "net_income": 421672,
            "net_income_4q": null,
            "revenue": 3575476,
            "revenue_4q": null,
            "common_shares": 1209820,
            "book_valuer_per_share": 29.17,
            "book_valuer_per_share_4q_avg": 23.99,
            "equity": 3965265,
            "current_ratio": 124.55,
            "debt_ratio": 64.45,
            "inventory_turnover_ratio": 0.89,
            "account_receivable_turnover_ratio": 2.29,
            "reinvestment_rate": 93.77,
            "research_to_sale_ratio": 0.75,
            "price_fair": 184.8,
            "eps_avg_yearly": 5.28,
            "eps_latest_yearly": 14.96,
            "eps_growth_yearly": 9202.55
        },
        "20204": {
            "year_quarter": 20204,
            "year": 2020,
            "quarter": 4,
            "eps": 5.63,
            "eps_growth_year": 581.53,
            "eps_4q": 10.52,
            "eps_4q_growth_year": 412.85,
            "roe": 15.95,
            "roe_4q": 34.63,
            "gross_profit": 2219081,
            "gross_margin": 41.15,
            "gross_margin_4q_avg": 40.27,
            "net_income": 704815,
            "net_income_4q": null,
            "revenue": 5392255,
            "revenue_4q": null,
            "common_shares": 1311496,
            "book_valuer_per_share": 35.95,
            "book_valuer_per_share_4q_avg": 27.84,
            "equity": 4869862,
            "current_ratio": 124.92,
            "debt_ratio": 63.25,
            "inventory_turnover_ratio": 1.09,
            "account_receivable_turnover_ratio": 2.21,
            "reinvestment_rate": 76.18,
            "research_to_sale_ratio": 0.82,
            "price_fair": 249.9,
            "eps_avg_yearly": 7.14,
            "eps_latest_yearly": 22.52,
            "eps_growth_yearly": 8862.6
        },
        "20211": {
            "year_quarter": 20211,
            "year": 2021,
            "quarter": 1,
            "eps": 2.1,
            "eps_growth_year": 20900,
            "eps_4q": 12.48,
            "eps_4q_growth_year": 910.22,
            "roe": 5.88,
            "roe_4q": 40.3,
            "gross_profit": 1383507,
            "gross_margin": 36.05,
            "gross_margin_4q_avg": 42.27,
            "net_income": 268192,
            "net_income_4q": null,
            "revenue": 3838107,
            "revenue_4q": null,
            "common_shares": 1326523,
            "book_valuer_per_share": 30.7,
            "book_valuer_per_share_4q_avg": 30.01,
            "equity": 4257938,
            "current_ratio": 113.33,
            "debt_ratio": 67.27,
            "inventory_turnover_ratio": 0.74,
            "account_receivable_turnover_ratio": 1.39,
            "reinvestment_rate": 61.05,
            "research_to_sale_ratio": 0.58,
            "price_fair": 254.8,
            "eps_avg_yearly": 7.28,
            "eps_latest_yearly": 8.4,
            "eps_growth_yearly": 7850
        },
        "20212": {
            "year_quarter": 20212,
            "year": 2021,
            "quarter": 2,
            "eps": 0.4,
            "eps_growth_year": -77.4,
            "eps_4q": 11.34,
            "eps_4q_growth_year": 282.51,
            "roe": 0.95,
            "roe_4q": 34.78,
            "gross_profit": 944126,
            "gross_margin": 34.03,
            "gross_margin_4q_avg": 39.49,
            "net_income": 40901,
            "net_income_4q": null,
            "revenue": 2774180,
            "revenue_4q": null,
            "common_shares": 1334442,
            "book_valuer_per_share": 31.15,
            "book_valuer_per_share_4q_avg": 31.74,
            "equity": 4320437,
            "current_ratio": 138.49,
            "debt_ratio": 64.34,
            "inventory_turnover_ratio": 0.52,
            "account_receivable_turnover_ratio": 1.23,
            "reinvestment_rate": 54.35,
            "research_to_sale_ratio": 0.78,
            "price_fair": 234.92,
            "eps_avg_yearly": 6.71,
            "eps_latest_yearly": 1.6,
            "eps_growth_yearly": 7032.62
        },
        "20213": {
            "year_quarter": 20213,
            "year": 2021,
            "quarter": 3,
            "eps": 0.87,
            "eps_growth_year": -76.74,
            "eps_4q": 8.82,
            "eps_4q_growth_year": 58.48,
            "roe": 2.45,
            "roe_4q": 25.23,
            "gross_profit": 820375,
            "gross_margin": 33.67,
            "gross_margin_4q_avg": 36.23,
            "net_income": 107689,
            "net_income_4q": null,
            "revenue": 2436261,
            "revenue_4q": null,
            "common_shares": 1339822,
            "book_valuer_per_share": 32.19,
            "book_valuer_per_share_4q_avg": 32.5,
            "equity": 4476797,
            "current_ratio": 138.34,
            "debt_ratio": 63.56,
            "inventory_turnover_ratio": 0.45,
            "account_receivable_turnover_ratio": 1.2,
            "reinvestment_rate": 31.66,
            "research_to_sale_ratio": 1.03,
            "price_fair": 224.64,
            "eps_avg_yearly": 6.42,
            "eps_latest_yearly": 3.48,
            "eps_growth_yearly": 6436.02
        },
        "20214": {
            "year_quarter": 20214,
            "year": 2021,
            "quarter": 4,
            "eps": 0.11,
            "eps_growth_year": -97.96,
            "eps_4q": 3.5,
            "eps_4q_growth_year": -66.76,
            "roe": 0.62,
            "roe_4q": 9.9,
            "gross_profit": 909394,
            "gross_margin": 33.76,
            "gross_margin_4q_avg": 34.38,
            "net_income": 27408,
            "net_income_4q": null,
            "revenue": 2693533,
            "revenue_4q": null,
            "common_shares": 1339822,
            "book_valuer_per_share": 31.64,
            "book_valuer_per_share_4q_avg": 31.42,
            "equity": 4369439,
            "current_ratio": 131.5,
            "debt_ratio": 64.12,
            "inventory_turnover_ratio": 0.5,
            "account_receivable_turnover_ratio": 1.47,
            "reinvestment_rate": 16.2,
            "research_to_sale_ratio": 1.55,
            "price_fair": 207.2,
            "eps_avg_yearly": 5.92,
            "eps_latest_yearly": 0.44,
            "eps_growth_yearly": 5870.56
        },
        "20221": {
            "year_quarter": 20221,
            "year": 2022,
            "quarter": 1,
            "eps": -0.34,
            "eps_growth_year": -116.19,
            "eps_4q": 1.04,
            "eps_4q_growth_year": -91.65,
            "roe": -1,
            "roe_4q": 3.0200000000000005,
            "gross_profit": 609978,
            "gross_margin": 26.98,
            "gross_margin_4q_avg": 32.11,
            "net_income": -42694,
            "net_income_4q": null,
            "revenue": 2260681,
            "revenue_4q": null,
            "common_shares": 1339822,
            "book_valuer_per_share": 29.59,
            "book_valuer_per_share_4q_avg": 31.14,
            "equity": 4157742,
            "current_ratio": 127.67,
            "debt_ratio": 63.38,
            "inventory_turnover_ratio": 0.5,
            "account_receivable_turnover_ratio": 1.37,
            "reinvestment_rate": 21.69,
            "research_to_sale_ratio": 1.11,
            "price_fair": 207.2,
            "eps_avg_yearly": 5.92,
            "eps_latest_yearly": 0.44,
            "eps_growth_yearly": 5870.56
        },
        "20222": {
            "year_quarter": 20222,
            "year": 2022,
            "quarter": 2,
            "eps": -0.49,
            "eps_growth_year": -222.5,
            "eps_4q": 0.16,
            "eps_4q_growth_year": -98.62,
            "roe": -1.76,
            "roe_4q": 0.3100000000000005,
            "gross_profit": 332660,
            "gross_margin": 24.12,
            "gross_margin_4q_avg": 29.63,
            "net_income": -72235,
            "net_income_4q": null,
            "revenue": 1379277,
            "revenue_4q": null,
            "common_shares": 1341147,
            "book_valuer_per_share": 29.26,
            "book_valuer_per_share_4q_avg": 30.67,
            "equity": 4071975,
            "current_ratio": 102.17,
            "debt_ratio": 61.88,
            "inventory_turnover_ratio": 0.36,
            "account_receivable_turnover_ratio": 0.92,
            "reinvestment_rate": 27.66,
            "research_to_sale_ratio": 1.43,
            "price_fair": 207.2,
            "eps_avg_yearly": 5.92,
            "eps_latest_yearly": 0.44,
            "eps_growth_yearly": 5870.56
        },
        "20223": {
            "year_quarter": 20223,
            "year": 2022,
            "quarter": 3,
            "eps": 0.61,
            "eps_growth_year": -29.89,
            "eps_4q": -0.11,
            "eps_4q_growth_year": -101.3,
            "roe": 1.71,
            "roe_4q": -0.43000000000000005,
            "gross_profit": 406662,
            "gross_margin": 29.33,
            "gross_margin_4q_avg": 28.55,
            "net_income": 70543,
            "net_income_4q": null,
            "revenue": 1386397,
            "revenue_4q": null,
            "common_shares": 1341147,
            "book_valuer_per_share": 30.28,
            "book_valuer_per_share_4q_avg": 30.19,
            "equity": 4161587,
            "current_ratio": 100.27,
            "debt_ratio": 61.69,
            "inventory_turnover_ratio": 0.34,
            "account_receivable_turnover_ratio": 1.11,
            "reinvestment_rate": 32.85,
            "research_to_sale_ratio": 1.65,
            "price_fair": 219.29,
            "eps_avg_yearly": 6.27,
            "eps_latest_yearly": 0.44,
            "eps_growth_yearly": 6411.85
        },
        "20224": {
            "year_quarter": 20224,
            "year": 2022,
            "quarter": 4,
            "eps": -0.38,
            "eps_growth_year": -431.14,
            "eps_4q": -0.61,
            "eps_4q_growth_year": -117.46,
            "roe": -1.22,
            "roe_4q": -2.27,
            "gross_profit": 735855,
            "gross_margin": 35.11,
            "gross_margin_4q_avg": 28.89,
            "net_income": -50297,
            "net_income_4q": null,
            "revenue": 2096056,
            "revenue_4q": null,
            "common_shares": 1341147,
            "book_valuer_per_share": 29.43,
            "book_valuer_per_share_4q_avg": 29.64,
            "equity": 4063960,
            "current_ratio": 99.4,
            "debt_ratio": 66.03,
            "inventory_turnover_ratio": 0.46,
            "account_receivable_turnover_ratio": 1.86,
            "reinvestment_rate": 54.48,
            "research_to_sale_ratio": 1.94,
            "price_fair": 225.54,
            "eps_avg_yearly": 6.44,
            "eps_latest_yearly": 0.44,
            "eps_growth_yearly": 7008.51
        },
        "20231": {
            "year_quarter": 20231,
            "year": 2023,
            "quarter": 1,
            "eps": -0.9,
            "eps_growth_year": null,
            "eps_4q": -1.15,
            "eps_4q_growth_year": -210.72,
            "roe": -1.99,
            "roe_4q": -3.26,
            "gross_profit": 724714,
            "gross_margin": 32.27,
            "gross_margin_4q_avg": 30.21,
            "net_income": -80001,
            "net_income_4q": null,
            "revenue": 2245561,
            "revenue_4q": null,
            "common_shares": 1341147,
            "book_valuer_per_share": 28.1,
            "book_valuer_per_share_4q_avg": 29.27,
            "equity": 3957860,
            "current_ratio": 99.18,
            "debt_ratio": 65.86,
            "inventory_turnover_ratio": 0.54,
            "account_receivable_turnover_ratio": 1.92,
            "reinvestment_rate": 63.72,
            "research_to_sale_ratio": 1.17,
            "price_fair": 240.49,
            "eps_avg_yearly": 6.87,
            "eps_latest_yearly": 0.44,
            "eps_growth_yearly": 7805.88
        },
        "20232": {
            "year_quarter": 20232,
            "year": 2023,
            "quarter": 2,
            "eps": -0.29,
            "eps_growth_year": null,
            "eps_4q": -0.8,
            "eps_4q_growth_year": -611.02,
            "roe": -1.18,
            "roe_4q": -2.6799999999999997,
            "gross_profit": 511928,
            "gross_margin": 34.13,
            "gross_margin_4q_avg": 32.71,
            "net_income": -51492,
            "net_income_4q": null,
            "revenue": 1499737,
            "revenue_4q": null,
            "common_shares": 1596097,
            "book_valuer_per_share": 28.97,
            "book_valuer_per_share_4q_avg": 29.2,
            "equity": 4760354,
            "current_ratio": 113.76,
            "debt_ratio": 61.39,
            "inventory_turnover_ratio": 0.37,
            "account_receivable_turnover_ratio": 1.36,
            "reinvestment_rate": 66.64,
            "research_to_sale_ratio": 2.21,
            "price_fair": 240.49,
            "eps_avg_yearly": 6.87,
            "eps_latest_yearly": 0.44,
            "eps_growth_yearly": 7805.88
        },
        "20233": {
            "year_quarter": 20233,
            "year": 2023,
            "quarter": 3,
            "eps": 0.17,
            "eps_growth_year": -72.13,
            "eps_4q": -1.14,
            "eps_4q_growth_year": null,
            "roe": -0.09,
            "roe_4q": -4.4799999999999995,
            "gross_profit": 595304,
            "gross_margin": 35.74,
            "gross_margin_4q_avg": 34.31,
            "net_income": -4434,
            "net_income_4q": null,
            "revenue": 1665463,
            "revenue_4q": null,
            "common_shares": 1596097,
            "book_valuer_per_share": 29.62,
            "book_valuer_per_share_4q_avg": 29.03,
            "equity": 4842392,
            "current_ratio": 125.3,
            "debt_ratio": 57.94,
            "inventory_turnover_ratio": 0.38,
            "account_receivable_turnover_ratio": 1.81,
            "reinvestment_rate": 76.98,
            "research_to_sale_ratio": 1.65,
            "price_fair": 240.49,
            "eps_avg_yearly": 6.87,
            "eps_latest_yearly": 0.44,
            "eps_growth_yearly": 7805.88
        }
    },
    "months": {
        "2011-10": {
            "month": "2011-10",
            "price": "37.94",
            "revenue": 378115
        },
        "2011-11": {
            "month": "2011-11",
            "price": "37.77",
            "revenue": 273297
        },
        "2011-12": {
            "month": "2011-12",
            "price": "37.38",
            "revenue": 288249
        },
        "2012-01": {
            "month": "2012-01",
            "price": "37.67",
            "revenue": 104779
        },
        "2012-02": {
            "month": "2012-02",
            "price": "38.03",
            "revenue": 102142
        },
        "2012-03": {
            "month": "2012-03",
            "price": "44.38",
            "revenue": 95047
        },
        "2012-04": {
            "month": "2012-04",
            "price": "43.18",
            "revenue": 62254
        },
        "2012-05": {
            "month": "2012-05",
            "price": "43.01",
            "revenue": 79466
        },
        "2012-06": {
            "month": "2012-06",
            "price": "39.50",
            "revenue": 109313
        },
        "2012-07": {
            "month": "2012-07",
            "price": "37.72",
            "revenue": 136752
        },
        "2012-08": {
            "month": "2012-08",
            "price": "38.32",
            "revenue": 366157
        },
        "2012-09": {
            "month": "2012-09",
            "price": "37.24",
            "revenue": 316115
        },
        "2012-10": {
            "month": "2012-10",
            "price": "35.96",
            "revenue": 393128
        },
        "2012-11": {
            "month": "2012-11",
            "price": "34.06",
            "revenue": 458048
        },
        "2012-12": {
            "month": "2012-12",
            "price": "34.12",
            "revenue": 197466
        },
        "2013-01": {
            "month": "2013-01",
            "price": "33.92",
            "revenue": 222565
        },
        "2013-02": {
            "month": "2013-02",
            "price": "34.23",
            "revenue": 161602
        },
        "2013-03": {
            "month": "2013-03",
            "price": "34.81",
            "revenue": 364101
        },
        "2013-04": {
            "month": "2013-04",
            "price": "32.30",
            "revenue": 230618
        },
        "2013-05": {
            "month": "2013-05",
            "price": "33.44",
            "revenue": 168637
        },
        "2013-06": {
            "month": "2013-06",
            "price": "33.69",
            "revenue": 137415
        },
        "2013-07": {
            "month": "2013-07",
            "price": "33.55",
            "revenue": 224452
        },
        "2013-08": {
            "month": "2013-08",
            "price": "33.33",
            "revenue": 385284
        },
        "2013-09": {
            "month": "2013-09",
            "price": "31.99",
            "revenue": 291817
        },
        "2013-10": {
            "month": "2013-10",
            "price": "32.24",
            "revenue": 374117
        },
        "2013-11": {
            "month": "2013-11",
            "price": "31.92",
            "revenue": 673632
        },
        "2013-12": {
            "month": "2013-12",
            "price": "34.20",
            "revenue": 491822
        },
        "2014-01": {
            "month": "2014-01",
            "price": "34.47",
            "revenue": 356588
        },
        "2014-02": {
            "month": "2014-02",
            "price": "33.26",
            "revenue": 316706
        },
        "2014-03": {
            "month": "2014-03",
            "price": "33.06",
            "revenue": 354242
        },
        "2014-04": {
            "month": "2014-04",
            "price": "33.27",
            "revenue": 351430
        },
        "2014-05": {
            "month": "2014-05",
            "price": "31.32",
            "revenue": 316910
        },
        "2014-06": {
            "month": "2014-06",
            "price": "31.18",
            "revenue": 296855
        },
        "2014-07": {
            "month": "2014-07",
            "price": "31.69",
            "revenue": 370587
        },
        "2014-08": {
            "month": "2014-08",
            "price": "32.87",
            "revenue": 330918
        },
        "2014-09": {
            "month": "2014-09",
            "price": "31.30",
            "revenue": 519877
        },
        "2014-10": {
            "month": "2014-10",
            "price": "31.46",
            "revenue": 505918
        },
        "2014-11": {
            "month": "2014-11",
            "price": "33.57",
            "revenue": 594405
        },
        "2014-12": {
            "month": "2014-12",
            "price": "36.32",
            "revenue": 431975
        },
        "2015-01": {
            "month": "2015-01",
            "price": "40.06",
            "revenue": 552884
        },
        "2015-02": {
            "month": "2015-02",
            "price": "38.83",
            "revenue": 200685
        },
        "2015-03": {
            "month": "2015-03",
            "price": "38.80",
            "revenue": 409246
        },
        "2015-04": {
            "month": "2015-04",
            "price": "38.81",
            "revenue": 245507
        },
        "2015-05": {
            "month": "2015-05",
            "price": "38.29",
            "revenue": 244981
        },
        "2015-06": {
            "month": "2015-06",
            "price": "36.25",
            "revenue": 276084
        },
        "2015-07": {
            "month": "2015-07",
            "price": "34.56",
            "revenue": 330441
        },
        "2015-08": {
            "month": "2015-08",
            "price": "30.43",
            "revenue": 270905
        },
        "2015-09": {
            "month": "2015-09",
            "price": "29.95",
            "revenue": 380232
        },
        "2015-10": {
            "month": "2015-10",
            "price": "30.27",
            "revenue": 480842
        },
        "2015-11": {
            "month": "2015-11",
            "price": "30.46",
            "revenue": 507495
        },
        "2015-12": {
            "month": "2015-12",
            "price": "31.54",
            "revenue": 546612
        },
        "2016-01": {
            "month": "2016-01",
            "price": "34.40",
            "revenue": 424016
        },
        "2016-02": {
            "month": "2016-02",
            "price": "36.90",
            "revenue": 343265
        },
        "2016-03": {
            "month": "2016-03",
            "price": "42.58",
            "revenue": 379141
        },
        "2016-04": {
            "month": "2016-04",
            "price": "46.53",
            "revenue": 312809
        },
        "2016-05": {
            "month": "2016-05",
            "price": "46.39",
            "revenue": 294420
        },
        "2016-06": {
            "month": "2016-06",
            "price": "49.34",
            "revenue": 348863
        },
        "2016-07": {
            "month": "2016-07",
            "price": "53.42",
            "revenue": 313351
        },
        "2016-08": {
            "month": "2016-08",
            "price": "56.44",
            "revenue": 385566
        },
        "2016-09": {
            "month": "2016-09",
            "price": "48.66",
            "revenue": 417770
        },
        "2016-10": {
            "month": "2016-10",
            "price": "42.26",
            "revenue": 512825
        },
        "2016-11": {
            "month": "2016-11",
            "price": "38.42",
            "revenue": 508934
        },
        "2016-12": {
            "month": "2016-12",
            "price": "40.52",
            "revenue": 504958
        },
        "2017-01": {
            "month": "2017-01",
            "price": "41.40",
            "revenue": 465774
        },
        "2017-02": {
            "month": "2017-02",
            "price": "43.91",
            "revenue": 302180
        },
        "2017-03": {
            "month": "2017-03",
            "price": "43.37",
            "revenue": 345634
        },
        "2017-04": {
            "month": "2017-04",
            "price": "38.96",
            "revenue": 280199
        },
        "2017-05": {
            "month": "2017-05",
            "price": "40.17",
            "revenue": 227039
        },
        "2017-06": {
            "month": "2017-06",
            "price": "39.37",
            "revenue": 271830
        },
        "2017-07": {
            "month": "2017-07",
            "price": "37.79",
            "revenue": 274098
        },
        "2017-08": {
            "month": "2017-08",
            "price": "37.49",
            "revenue": 332600
        },
        "2017-09": {
            "month": "2017-09",
            "price": "41.56",
            "revenue": 431858
        },
        "2017-10": {
            "month": "2017-10",
            "price": "42.16",
            "revenue": 483017
        },
        "2017-11": {
            "month": "2017-11",
            "price": "39.73",
            "revenue": 514407
        },
        "2017-12": {
            "month": "2017-12",
            "price": "41.70",
            "revenue": 533949
        },
        "2018-01": {
            "month": "2018-01",
            "price": "42.96",
            "revenue": 661261
        },
        "2018-02": {
            "month": "2018-02",
            "price": "41.77",
            "revenue": 373562
        },
        "2018-03": {
            "month": "2018-03",
            "price": "40.62",
            "revenue": 485165
        },
        "2018-04": {
            "month": "2018-04",
            "price": "39.31",
            "revenue": 401232
        },
        "2018-05": {
            "month": "2018-05",
            "price": "37.10",
            "revenue": 405125
        },
        "2018-06": {
            "month": "2018-06",
            "price": "35.26",
            "revenue": 317465
        },
        "2018-07": {
            "month": "2018-07",
            "price": "34.32",
            "revenue": 313952
        },
        "2018-08": {
            "month": "2018-08",
            "price": "34.68",
            "revenue": 423458
        },
        "2018-09": {
            "month": "2018-09",
            "price": "31.23",
            "revenue": 562015
        },
        "2018-10": {
            "month": "2018-10",
            "price": "28.90",
            "revenue": 433643
        },
        "2018-11": {
            "month": "2018-11",
            "price": "28.86",
            "revenue": 518708
        },
        "2018-12": {
            "month": "2018-12",
            "price": "31.85",
            "revenue": 626971
        },
        "2019-01": {
            "month": "2019-01",
            "price": "34.01",
            "revenue": 746884
        },
        "2019-02": {
            "month": "2019-02",
            "price": "35.20",
            "revenue": 459234
        },
        "2019-03": {
            "month": "2019-03",
            "price": "34.45",
            "revenue": 575371
        },
        "2019-04": {
            "month": "2019-04",
            "price": "35.82",
            "revenue": 452865
        },
        "2019-05": {
            "month": "2019-05",
            "price": "38.84",
            "revenue": 413165
        },
        "2019-06": {
            "month": "2019-06",
            "price": "43.82",
            "revenue": 303343
        },
        "2019-07": {
            "month": "2019-07",
            "price": "46.70",
            "revenue": 350329
        },
        "2019-08": {
            "month": "2019-08",
            "price": "41.68",
            "revenue": 430603
        },
        "2019-09": {
            "month": "2019-09",
            "price": "40.42",
            "revenue": 501204
        },
        "2019-10": {
            "month": "2019-10",
            "price": "40.01",
            "revenue": 560449
        },
        "2019-11": {
            "month": "2019-11",
            "price": "41.00",
            "revenue": 525651
        },
        "2019-12": {
            "month": "2019-12",
            "price": "40.20",
            "revenue": 586757
        },
        "2020-01": {
            "month": "2020-01",
            "price": "39.47",
            "revenue": 434445
        },
        "2020-02": {
            "month": "2020-02",
            "price": "37.49",
            "revenue": 400473
        },
        "2020-03": {
            "month": "2020-03",
            "price": "34.88",
            "revenue": 768689
        },
        "2020-04": {
            "month": "2020-04",
            "price": "34.67",
            "revenue": 773185
        },
        "2020-05": {
            "month": "2020-05",
            "price": "42.16",
            "revenue": 819092
        },
        "2020-06": {
            "month": "2020-06",
            "price": "50.87",
            "revenue": 903905
        },
        "2020-07": {
            "month": "2020-07",
            "price": "66.72",
            "revenue": 1042445
        },
        "2020-08": {
            "month": "2020-08",
            "price": "101.17",
            "revenue": 1114849
        },
        "2020-09": {
            "month": "2020-09",
            "price": "127.45",
            "revenue": 1411781
        },
        "2020-10": {
            "month": "2020-10",
            "price": "127.63",
            "revenue": 1711714
        },
        "2020-11": {
            "month": "2020-11",
            "price": "131.26",
            "revenue": 1719006
        },
        "2020-12": {
            "month": "2020-12",
            "price": "115.15",
            "revenue": 2005978
        },
        "2021-01": {
            "month": "2021-01",
            "price": "112.10",
            "revenue": 1343735
        },
        "2021-02": {
            "month": "2021-02",
            "price": "104.75",
            "revenue": 1208886
        },
        "2021-03": {
            "month": "2021-03",
            "price": "111.68",
            "revenue": 1275903
        },
        "2021-04": {
            "month": "2021-04",
            "price": "108.21",
            "revenue": 1004666
        },
        "2021-05": {
            "month": "2021-05",
            "price": "90.16",
            "revenue": 959845
        },
        "2021-06": {
            "month": "2021-06",
            "price": "98.75",
            "revenue": 819589
        },
        "2021-07": {
            "month": "2021-07",
            "price": "87.01",
            "revenue": 751159
        },
        "2021-08": {
            "month": "2021-08",
            "price": "73.12",
            "revenue": 786966
        },
        "2021-09": {
            "month": "2021-09",
            "price": "63.44",
            "revenue": 895003
        },
        "2021-10": {
            "month": "2021-10",
            "price": "62.51",
            "revenue": 937590
        },
        "2021-11": {
            "month": "2021-11",
            "price": "63.79",
            "revenue": 819680
        },
        "2021-12": {
            "month": "2021-12",
            "price": "55.55",
            "revenue": 942436
        },
        "2022-01": {
            "month": "2022-01",
            "price": "49.72",
            "revenue": 726377
        },
        "2022-02": {
            "month": "2022-02",
            "price": "47.17",
            "revenue": 711912
        },
        "2022-03": {
            "month": "2022-03",
            "price": "46.23",
            "revenue": 820919
        },
        "2022-04": {
            "month": "2022-04",
            "price": "44.61",
            "revenue": 463617
        },
        "2022-05": {
            "month": "2022-05",
            "price": "41.88",
            "revenue": 494778
        },
        "2022-06": {
            "month": "2022-06",
            "price": "41.59",
            "revenue": 420104
        },
        "2022-07": {
            "month": "2022-07",
            "price": "39.45",
            "revenue": 448166
        },
        "2022-08": {
            "month": "2022-08",
            "price": "40.34",
            "revenue": 449422
        },
        "2022-09": {
            "month": "2022-09",
            "price": "40.96",
            "revenue": 491059
        },
        "2022-10": {
            "month": "2022-10",
            "price": "37.22",
            "revenue": 517819
        },
        "2022-11": {
            "month": "2022-11",
            "price": "38.21",
            "revenue": 840523
        },
        "2022-12": {
            "month": "2022-12",
            "price": "42.70",
            "revenue": 743365
        },
        "2023-01": {
            "month": "2023-01",
            "price": "41.50",
            "revenue": 790794
        },
        "2023-02": {
            "month": "2023-02",
            "price": "47.60",
            "revenue": 773508
        },
        "2023-03": {
            "month": "2023-03",
            "price": "47.15",
            "revenue": 664459
        },
        "2023-04": {
            "month": "2023-04",
            "price": "43.41",
            "revenue": 543491
        },
        "2023-05": {
            "month": "2023-05",
            "price": "41.15",
            "revenue": 558925
        },
        "2023-06": {
            "month": "2023-06",
            "price": "39.44",
            "revenue": 413317
        },
        "2023-07": {
            "month": "2023-07",
            "price": "37.65",
            "revenue": 514829
        },
        "2023-08": {
            "month": "2023-08",
            "price": "32.34",
            "revenue": 570892
        },
        "2023-09": {
            "month": "2023-09",
            "price": "34.10",
            "revenue": 585465
        },
        "2023-10": {
            "month": "2023-10",
            "price": "32.90",
            "revenue": 695978
        },
        "2023-11": {
            "month": "2023-11",
            "price": "34.55",
            "revenue": 855898
        },
        "2023-12": {
            "month": "2023-12",
            "price": "35.98",
            "revenue": 818646
        }
    }
}
