{
    "summary": {
        "stock_name": "宏佳騰",
        "stock_id": "1599",
        "category": "電機機械",
        "main_business": "機車及其零件製造及銷售<br>沙灘車及其零件製造及銷售<br>其他車輛及其零件製造及銷售",
        "website_url": "http://www.aeonmotor.com",
        "ceo": "鍾杰霖",
        "pe_ratio": 18,
        "report_year_from": 2009,
        "report_year_to": 2023,
        "age": 14,
        "eps_negative_percentage": 8,
        "eps_growth_avg": {
            "last_all": 11.23,
            "last_2y": 24.22,
            "last_4y": 15.34,
            "last_8y": 5.31,
            "last_12y": null,
            "last_16y": null,
            "last_20y": null,
            "at_2006_last_3y": null,
            "at_2007_last_3y": null,
            "at_2008_last_3y": null,
            "at_2009_last_3y": null,
            "at_2010_last_3y": null,
            "at_2011_last_3y": null,
            "at_2012_last_3y": null,
            "at_2013_last_3y": null,
            "at_2014_last_3y": null,
            "at_2015_last_3y": 30.9,
            "at_2016_last_3y": -0.95,
            "at_2017_last_3y": -7.24,
            "at_2018_last_3y": 16.41,
            "at_2019_last_3y": -18.2,
            "at_2020_last_3y": -0.03,
            "at_2021_last_3y": 24.47,
            "at_2022_last_3y": 8.56,
            "at_2023_last_3y": 8.56,
            "at_2006_last_all": null,
            "at_2007_last_all": null,
            "at_2008_last_all": null,
            "at_2009_last_all": null,
            "at_2010_last_all": null,
            "at_2011_last_all": null,
            "at_2012_last_all": null,
            "at_2013_last_all": 37.88,
            "at_2014_last_all": 7.87,
            "at_2015_last_all": 30.9,
            "at_2016_last_all": 19.24,
            "at_2017_last_all": 7.8,
            "at_2018_last_all": 12.75,
            "at_2019_last_all": 6.35,
            "at_2020_last_all": 10.67,
            "at_2021_last_all": 14.47,
            "at_2022_last_all": 11.23,
            "at_2023_last_all": 11.23
        },
        "latest_eps": 2.07,
        "latest_price": 37.65,
        "latest_roe": 7.77,
        "latest_gross_margin": 14.58,
        "latest_equity": 1850034,
        "latest_revenue": 339511,
        "latest_gross_profit": 49512,
        "latest_net_income": -49525,
        "latest_debt_ratio": 32.83,
        "latest_current_ratio": 237.14,
        "latest_account_receivable_turnover_ratio": 3.17,
        "latest_inventory_turnover_ratio": 0.53,
        "latest_reinvestment_rate": 59.63,
        "latest_research_to_sale_ratio": 11.04
    },
    "eps_dividends": {
        "2001": {
            "cash": 0,
            "stock": 0,
            "eps": 0
        },
        "2002": {
            "cash": 0,
            "stock": 0,
            "eps": 0
        },
        "2003": {
            "cash": 0,
            "stock": 0,
            "eps": 0
        },
        "2004": {
            "cash": 0,
            "stock": 0,
            "eps": 0
        },
        "2005": {
            "cash": 0,
            "stock": 0,
            "eps": 0
        },
        "2006": {
            "cash": 0,
            "stock": 0,
            "eps": 0
        },
        "2007": {
            "cash": 0,
            "stock": 0,
            "eps": 0
        },
        "2008": {
            "cash": 0,
            "stock": 0,
            "eps": 0
        },
        "2009": {
            "cash": 0,
            "stock": 0,
            "eps": 0
        },
        "2010": {
            "cash": 0,
            "stock": 0,
            "eps": 0
        },
        "2011": {
            "cash": 0,
            "stock": 0,
            "eps": 1.51
        },
        "2012": {
            "cash": 3,
            "stock": 0,
            "eps": 4
        },
        "2013": {
            "cash": 3,
            "stock": 0,
            "eps": 3.03
        },
        "2014": {
            "cash": 1,
            "stock": 2,
            "eps": 1.45
        },
        "2015": {
            "cash": 2,
            "stock": 0,
            "eps": 6.86
        },
        "2016": {
            "cash": 3,
            "stock": 2,
            "eps": 4.98
        },
        "2017": {
            "cash": 2,
            "stock": 2,
            "eps": 2.52
        },
        "2018": {
            "cash": 1,
            "stock": 0,
            "eps": 3.59
        },
        "2019": {
            "cash": 1,
            "stock": 2,
            "eps": 2.21
        },
        "2020": {
            "cash": 1,
            "stock": 1,
            "eps": 3.21
        },
        "2021": {
            "cash": 2,
            "stock": 0,
            "eps": 4.77
        },
        "2022": {
            "cash": 3,
            "stock": 0,
            "eps": 3.76
        },
        "2023": {
            "cash": 2,
            "stock": 0,
            "eps": -0.68
        }
    },
    "dividends": {
        "2012-03-15": {
            "cash": 3,
            "stock": 0
        },
        "2013-06-18": {
            "cash": 3.4,
            "stock": 0
        },
        "2014-11-05": {
            "cash": 1.3,
            "stock": 1.5
        },
        "2015-09-22": {
            "cash": 1.95,
            "stock": 0
        },
        "2016-10-11": {
            "cash": 3,
            "stock": 1.5
        },
        "2017-10-03": {
            "cash": 2,
            "stock": 2
        },
        "2018-09-21": {
            "cash": 1,
            "stock": 0
        },
        "2019-10-03": {
            "cash": 1,
            "stock": 2
        },
        "2020-10-07": {
            "cash": 0.5,
            "stock": 0.5
        },
        "2021-10-18": {
            "cash": 2.04,
            "stock": 0
        },
        "2022-10-14": {
            "cash": 3,
            "stock": 0
        },
        "2023-03-23": {
            "cash": 1.5,
            "stock": 0
        }
    },
    "prices": {
        "200101": "無",
        "200102": "無",
        "200103": "無",
        "200104": "無",
        "200105": "無",
        "200106": "無",
        "200107": "無",
        "200108": "無",
        "200109": "無",
        "200110": "無",
        "200111": "無",
        "200112": "無",
        "200201": "無",
        "200202": "無",
        "200203": "無",
        "200204": "無",
        "200205": "無",
        "200206": "無",
        "200207": "無",
        "200208": "無",
        "200209": "無",
        "200210": "無",
        "200211": "無",
        "200212": "無",
        "200301": "無",
        "200302": "無",
        "200303": "無",
        "200304": "無",
        "200305": "無",
        "200306": "無",
        "200307": "無",
        "200308": "無",
        "200309": "無",
        "200310": "無",
        "200311": "無",
        "200312": "無",
        "200401": "無",
        "200402": "無",
        "200403": "無",
        "200404": "無",
        "200405": "無",
        "200406": "無",
        "200407": "無",
        "200408": "無",
        "200409": "無",
        "200410": "無",
        "200411": "無",
        "200412": "無",
        "200501": "無",
        "200502": "無",
        "200503": "無",
        "200504": "無",
        "200505": "無",
        "200506": "無",
        "200507": "無",
        "200508": "無",
        "200509": "無",
        "200510": "無",
        "200511": "無",
        "200512": "無",
        "200601": "無",
        "200602": "無",
        "200603": "無",
        "200604": "無",
        "200605": "無",
        "200606": "無",
        "200607": "無",
        "200608": "無",
        "200609": "無",
        "200610": "無",
        "200611": "無",
        "200612": "無",
        "200701": "無",
        "200702": "無",
        "200703": "無",
        "200704": "無",
        "200705": "無",
        "200706": "無",
        "200707": "無",
        "200708": "無",
        "200709": "無",
        "200710": "無",
        "200711": "無",
        "200712": "無",
        "200801": "無",
        "200802": "無",
        "200803": "無",
        "200804": "無",
        "200805": "無",
        "200806": "無",
        "200807": "無",
        "200808": "無",
        "200809": "無",
        "200810": "無",
        "200811": "無",
        "200812": "無",
        "200901": "無",
        "200902": "無",
        "200903": "無",
        "200904": "無",
        "200905": "無",
        "200906": "無",
        "200907": "無",
        "200908": "無",
        "200909": "無",
        "200910": "無",
        "200911": "無",
        "200912": "無",
        "201001": "無",
        "201002": "無",
        "201003": "無",
        "201004": "無",
        "201005": "無",
        "201006": "無",
        "201007": "無",
        "201008": "無",
        "201009": "無",
        "201010": "無",
        "201011": "無",
        "201012": "無",
        "201101": "無",
        "201102": "無",
        "201103": "無",
        "201104": "無",
        "201105": "無",
        "201106": "無",
        "201107": "無",
        "201108": "無",
        "201109": "無",
        "201110": "39.49",
        "201111": "39.78",
        "201112": "40.56",
        "201201": "42.95",
        "201202": "45.90",
        "201203": "56.06",
        "201204": "64.40",
        "201205": "66.45",
        "201206": "63.98",
        "201207": "63.11",
        "201208": "59.07",
        "201209": "64.52",
        "201210": "64.45",
        "201211": "66.36",
        "201212": "59.70",
        "201301": "58.35",
        "201302": "53.28",
        "201303": "58.39",
        "201304": "57.30",
        "201305": "56.06",
        "201306": "55.74",
        "201307": "55.58",
        "201308": "49.34",
        "201309": "47.70",
        "201310": "53.27",
        "201311": "48.25",
        "201312": "45.98",
        "201401": "43.54",
        "201402": "44.65",
        "201403": "45.99",
        "201404": "45.75",
        "201405": "43.90",
        "201406": "43.46",
        "201407": "43.62",
        "201408": "40.31",
        "201409": "42.74",
        "201410": "37.05",
        "201411": "37.26",
        "201412": "37.85",
        "201501": "37.53",
        "201502": "30.63",
        "201503": "31.89",
        "201504": "34.62",
        "201505": "33.00",
        "201506": "31.82",
        "201507": "31.02",
        "201508": "37.76",
        "201509": "48.14",
        "201510": "55.56",
        "201511": "62.68",
        "201512": "51.89",
        "201601": "42.23",
        "201602": "46.01",
        "201603": "57.41",
        "201604": "66.56",
        "201605": "58.98",
        "201606": "56.84",
        "201607": "58.58",
        "201608": "60.44",
        "201609": "54.11",
        "201610": "50.82",
        "201611": "49.17",
        "201612": "49.33",
        "201701": "48.84",
        "201702": "50.07",
        "201703": "52.45",
        "201704": "52.59",
        "201705": "51.12",
        "201706": "51.30",
        "201707": "51.25",
        "201708": "50.49",
        "201709": "43.43",
        "201710": "40.16",
        "201711": "43.14",
        "201712": "42.46",
        "201801": "41.93",
        "201802": "40.48",
        "201803": "39.69",
        "201804": "38.74",
        "201805": "38.17",
        "201806": "36.98",
        "201807": "35.66",
        "201808": "34.53",
        "201809": "36.19",
        "201810": "36.65",
        "201811": "36.22",
        "201812": "36.23",
        "201901": "35.60",
        "201902": "37.89",
        "201903": "39.09",
        "201904": "42.07",
        "201905": "42.37",
        "201906": "42.16",
        "201907": "43.49",
        "201908": "42.97",
        "201909": "39.16",
        "201910": "40.08",
        "201911": "38.39",
        "201912": "37.70",
        "202001": "37.32",
        "202002": "36.80",
        "202003": "30.33",
        "202004": "28.95",
        "202005": "29.82",
        "202006": "30.86",
        "202007": "30.97",
        "202008": "31.66",
        "202009": "31.88",
        "202010": "32.67",
        "202011": "32.68",
        "202012": "34.75",
        "202101": "37.79",
        "202102": "36.84",
        "202103": "38.64",
        "202104": "44.52",
        "202105": "40.53",
        "202106": "41.80",
        "202107": "42.44",
        "202108": "40.89",
        "202109": "40.29",
        "202110": "38.19",
        "202111": "43.93",
        "202112": "44.98",
        "202201": "51.82",
        "202202": "54.11",
        "202203": "52.40",
        "202204": "55.94",
        "202205": "48.97",
        "202206": "46.55",
        "202207": "43.85",
        "202208": "45.95",
        "202209": "47.23",
        "202210": "40.12",
        "202211": "41.66",
        "202212": "40.37",
        "202301": "39.09",
        "202302": "39.54",
        "202303": "39.02",
        "202304": "38.52",
        "202305": "37.69"
    },
    "quarters": {
        "20011": {
            "year_quarter": 20011,
            "year": 2001,
            "quarter": 1,
            "eps": null,
            "eps_growth_year": null,
            "eps_4q": null,
            "eps_4q_growth_year": null,
            "roe": null,
            "roe_4q": 0,
            "gross_profit": null,
            "gross_margin": null,
            "gross_margin_4q_avg": 0,
            "net_income": null,
            "revenue": null,
            "common_shares": null,
            "book_valuer_per_share": null,
            "book_valuer_per_share_4q_avg": 0,
            "equity": null,
            "current_ratio": null,
            "debt_ratio": null,
            "inventory_turnover_ratio": null,
            "account_receivable_turnover_ratio": null,
            "reinvestment_rate": null,
            "research_to_sale_ratio": null,
            "price_fair": 0,
            "eps_avg_yearly": 0,
            "eps_latest_yearly": 0,
            "eps_growth_yearly": 0
        },
        "20012": {
            "year_quarter": 20012,
            "year": 2001,
            "quarter": 2,
            "eps": null,
            "eps_growth_year": null,
            "eps_4q": null,
            "eps_4q_growth_year": null,
            "roe": null,
            "roe_4q": 0,
            "gross_profit": null,
            "gross_margin": null,
            "gross_margin_4q_avg": 0,
            "net_income": null,
            "revenue": null,
            "common_shares": null,
            "book_valuer_per_share": null,
            "book_valuer_per_share_4q_avg": 0,
            "equity": null,
            "current_ratio": null,
            "debt_ratio": null,
            "inventory_turnover_ratio": null,
            "account_receivable_turnover_ratio": null,
            "reinvestment_rate": null,
            "research_to_sale_ratio": null,
            "price_fair": 0,
            "eps_avg_yearly": 0,
            "eps_latest_yearly": 0,
            "eps_growth_yearly": 0
        },
        "20013": {
            "year_quarter": 20013,
            "year": 2001,
            "quarter": 3,
            "eps": null,
            "eps_growth_year": null,
            "eps_4q": null,
            "eps_4q_growth_year": null,
            "roe": null,
            "roe_4q": 0,
            "gross_profit": null,
            "gross_margin": null,
            "gross_margin_4q_avg": 0,
            "net_income": null,
            "revenue": null,
            "common_shares": null,
            "book_valuer_per_share": null,
            "book_valuer_per_share_4q_avg": 0,
            "equity": null,
            "current_ratio": null,
            "debt_ratio": null,
            "inventory_turnover_ratio": null,
            "account_receivable_turnover_ratio": null,
            "reinvestment_rate": null,
            "research_to_sale_ratio": null,
            "price_fair": 0,
            "eps_avg_yearly": 0,
            "eps_latest_yearly": 0,
            "eps_growth_yearly": 0
        },
        "20014": {
            "year_quarter": 20014,
            "year": 2001,
            "quarter": 4,
            "eps": null,
            "eps_growth_year": null,
            "eps_4q": null,
            "eps_4q_growth_year": null,
            "roe": null,
            "roe_4q": 0,
            "gross_profit": null,
            "gross_margin": null,
            "gross_margin_4q_avg": 0,
            "net_income": null,
            "revenue": null,
            "common_shares": null,
            "book_valuer_per_share": null,
            "book_valuer_per_share_4q_avg": 0,
            "equity": null,
            "current_ratio": null,
            "debt_ratio": null,
            "inventory_turnover_ratio": null,
            "account_receivable_turnover_ratio": null,
            "reinvestment_rate": null,
            "research_to_sale_ratio": null,
            "price_fair": 0,
            "eps_avg_yearly": 0,
            "eps_latest_yearly": 0,
            "eps_growth_yearly": 0
        },
        "20021": {
            "year_quarter": 20021,
            "year": 2002,
            "quarter": 1,
            "eps": null,
            "eps_growth_year": null,
            "eps_4q": null,
            "eps_4q_growth_year": null,
            "roe": null,
            "roe_4q": 0,
            "gross_profit": null,
            "gross_margin": null,
            "gross_margin_4q_avg": 0,
            "net_income": null,
            "revenue": null,
            "common_shares": null,
            "book_valuer_per_share": null,
            "book_valuer_per_share_4q_avg": 0,
            "equity": null,
            "current_ratio": null,
            "debt_ratio": null,
            "inventory_turnover_ratio": null,
            "account_receivable_turnover_ratio": null,
            "reinvestment_rate": null,
            "research_to_sale_ratio": null,
            "price_fair": 0,
            "eps_avg_yearly": 0,
            "eps_latest_yearly": 0,
            "eps_growth_yearly": 0
        },
        "20022": {
            "year_quarter": 20022,
            "year": 2002,
            "quarter": 2,
            "eps": null,
            "eps_growth_year": null,
            "eps_4q": null,
            "eps_4q_growth_year": null,
            "roe": null,
            "roe_4q": 0,
            "gross_profit": null,
            "gross_margin": null,
            "gross_margin_4q_avg": 0,
            "net_income": null,
            "revenue": null,
            "common_shares": null,
            "book_valuer_per_share": null,
            "book_valuer_per_share_4q_avg": 0,
            "equity": null,
            "current_ratio": null,
            "debt_ratio": null,
            "inventory_turnover_ratio": null,
            "account_receivable_turnover_ratio": null,
            "reinvestment_rate": null,
            "research_to_sale_ratio": null,
            "price_fair": 0,
            "eps_avg_yearly": 0,
            "eps_latest_yearly": 0,
            "eps_growth_yearly": 0
        },
        "20023": {
            "year_quarter": 20023,
            "year": 2002,
            "quarter": 3,
            "eps": null,
            "eps_growth_year": null,
            "eps_4q": null,
            "eps_4q_growth_year": null,
            "roe": null,
            "roe_4q": 0,
            "gross_profit": null,
            "gross_margin": null,
            "gross_margin_4q_avg": 0,
            "net_income": null,
            "revenue": null,
            "common_shares": null,
            "book_valuer_per_share": null,
            "book_valuer_per_share_4q_avg": 0,
            "equity": null,
            "current_ratio": null,
            "debt_ratio": null,
            "inventory_turnover_ratio": null,
            "account_receivable_turnover_ratio": null,
            "reinvestment_rate": null,
            "research_to_sale_ratio": null,
            "price_fair": 0,
            "eps_avg_yearly": 0,
            "eps_latest_yearly": 0,
            "eps_growth_yearly": 0
        },
        "20024": {
            "year_quarter": 20024,
            "year": 2002,
            "quarter": 4,
            "eps": null,
            "eps_growth_year": null,
            "eps_4q": null,
            "eps_4q_growth_year": null,
            "roe": null,
            "roe_4q": 0,
            "gross_profit": null,
            "gross_margin": null,
            "gross_margin_4q_avg": 0,
            "net_income": null,
            "revenue": null,
            "common_shares": null,
            "book_valuer_per_share": null,
            "book_valuer_per_share_4q_avg": 0,
            "equity": null,
            "current_ratio": null,
            "debt_ratio": null,
            "inventory_turnover_ratio": null,
            "account_receivable_turnover_ratio": null,
            "reinvestment_rate": null,
            "research_to_sale_ratio": null,
            "price_fair": 0,
            "eps_avg_yearly": 0,
            "eps_latest_yearly": 0,
            "eps_growth_yearly": 0
        },
        "20031": {
            "year_quarter": 20031,
            "year": 2003,
            "quarter": 1,
            "eps": null,
            "eps_growth_year": null,
            "eps_4q": null,
            "eps_4q_growth_year": null,
            "roe": null,
            "roe_4q": 0,
            "gross_profit": null,
            "gross_margin": null,
            "gross_margin_4q_avg": 0,
            "net_income": null,
            "revenue": null,
            "common_shares": null,
            "book_valuer_per_share": null,
            "book_valuer_per_share_4q_avg": 0,
            "equity": null,
            "current_ratio": null,
            "debt_ratio": null,
            "inventory_turnover_ratio": null,
            "account_receivable_turnover_ratio": null,
            "reinvestment_rate": null,
            "research_to_sale_ratio": null,
            "price_fair": 0,
            "eps_avg_yearly": 0,
            "eps_latest_yearly": 0,
            "eps_growth_yearly": 0
        },
        "20032": {
            "year_quarter": 20032,
            "year": 2003,
            "quarter": 2,
            "eps": null,
            "eps_growth_year": null,
            "eps_4q": null,
            "eps_4q_growth_year": null,
            "roe": null,
            "roe_4q": 0,
            "gross_profit": null,
            "gross_margin": null,
            "gross_margin_4q_avg": 0,
            "net_income": null,
            "revenue": null,
            "common_shares": null,
            "book_valuer_per_share": null,
            "book_valuer_per_share_4q_avg": 0,
            "equity": null,
            "current_ratio": null,
            "debt_ratio": null,
            "inventory_turnover_ratio": null,
            "account_receivable_turnover_ratio": null,
            "reinvestment_rate": null,
            "research_to_sale_ratio": null,
            "price_fair": 0,
            "eps_avg_yearly": 0,
            "eps_latest_yearly": 0,
            "eps_growth_yearly": 0
        },
        "20033": {
            "year_quarter": 20033,
            "year": 2003,
            "quarter": 3,
            "eps": null,
            "eps_growth_year": null,
            "eps_4q": null,
            "eps_4q_growth_year": null,
            "roe": null,
            "roe_4q": 0,
            "gross_profit": null,
            "gross_margin": null,
            "gross_margin_4q_avg": 0,
            "net_income": null,
            "revenue": null,
            "common_shares": null,
            "book_valuer_per_share": null,
            "book_valuer_per_share_4q_avg": 0,
            "equity": null,
            "current_ratio": null,
            "debt_ratio": null,
            "inventory_turnover_ratio": null,
            "account_receivable_turnover_ratio": null,
            "reinvestment_rate": null,
            "research_to_sale_ratio": null,
            "price_fair": 0,
            "eps_avg_yearly": 0,
            "eps_latest_yearly": 0,
            "eps_growth_yearly": 0
        },
        "20034": {
            "year_quarter": 20034,
            "year": 2003,
            "quarter": 4,
            "eps": null,
            "eps_growth_year": null,
            "eps_4q": null,
            "eps_4q_growth_year": null,
            "roe": null,
            "roe_4q": 0,
            "gross_profit": null,
            "gross_margin": null,
            "gross_margin_4q_avg": 0,
            "net_income": null,
            "revenue": null,
            "common_shares": null,
            "book_valuer_per_share": null,
            "book_valuer_per_share_4q_avg": 0,
            "equity": null,
            "current_ratio": null,
            "debt_ratio": null,
            "inventory_turnover_ratio": null,
            "account_receivable_turnover_ratio": null,
            "reinvestment_rate": null,
            "research_to_sale_ratio": null,
            "price_fair": 0,
            "eps_avg_yearly": 0,
            "eps_latest_yearly": 0,
            "eps_growth_yearly": 0
        },
        "20041": {
            "year_quarter": 20041,
            "year": 2004,
            "quarter": 1,
            "eps": null,
            "eps_growth_year": null,
            "eps_4q": null,
            "eps_4q_growth_year": null,
            "roe": null,
            "roe_4q": 0,
            "gross_profit": null,
            "gross_margin": null,
            "gross_margin_4q_avg": 0,
            "net_income": null,
            "revenue": null,
            "common_shares": null,
            "book_valuer_per_share": null,
            "book_valuer_per_share_4q_avg": 0,
            "equity": null,
            "current_ratio": null,
            "debt_ratio": null,
            "inventory_turnover_ratio": null,
            "account_receivable_turnover_ratio": null,
            "reinvestment_rate": null,
            "research_to_sale_ratio": null,
            "price_fair": 0,
            "eps_avg_yearly": 0,
            "eps_latest_yearly": 0,
            "eps_growth_yearly": 0
        },
        "20042": {
            "year_quarter": 20042,
            "year": 2004,
            "quarter": 2,
            "eps": null,
            "eps_growth_year": null,
            "eps_4q": null,
            "eps_4q_growth_year": null,
            "roe": null,
            "roe_4q": 0,
            "gross_profit": null,
            "gross_margin": null,
            "gross_margin_4q_avg": 0,
            "net_income": null,
            "revenue": null,
            "common_shares": null,
            "book_valuer_per_share": null,
            "book_valuer_per_share_4q_avg": 0,
            "equity": null,
            "current_ratio": null,
            "debt_ratio": null,
            "inventory_turnover_ratio": null,
            "account_receivable_turnover_ratio": null,
            "reinvestment_rate": null,
            "research_to_sale_ratio": null,
            "price_fair": 0,
            "eps_avg_yearly": 0,
            "eps_latest_yearly": 0,
            "eps_growth_yearly": 0
        },
        "20043": {
            "year_quarter": 20043,
            "year": 2004,
            "quarter": 3,
            "eps": null,
            "eps_growth_year": null,
            "eps_4q": null,
            "eps_4q_growth_year": null,
            "roe": null,
            "roe_4q": 0,
            "gross_profit": null,
            "gross_margin": null,
            "gross_margin_4q_avg": 0,
            "net_income": null,
            "revenue": null,
            "common_shares": null,
            "book_valuer_per_share": null,
            "book_valuer_per_share_4q_avg": 0,
            "equity": null,
            "current_ratio": null,
            "debt_ratio": null,
            "inventory_turnover_ratio": null,
            "account_receivable_turnover_ratio": null,
            "reinvestment_rate": null,
            "research_to_sale_ratio": null,
            "price_fair": 0,
            "eps_avg_yearly": 0,
            "eps_latest_yearly": 0,
            "eps_growth_yearly": 0
        },
        "20044": {
            "year_quarter": 20044,
            "year": 2004,
            "quarter": 4,
            "eps": null,
            "eps_growth_year": null,
            "eps_4q": null,
            "eps_4q_growth_year": null,
            "roe": null,
            "roe_4q": 0,
            "gross_profit": null,
            "gross_margin": null,
            "gross_margin_4q_avg": 0,
            "net_income": null,
            "revenue": null,
            "common_shares": null,
            "book_valuer_per_share": null,
            "book_valuer_per_share_4q_avg": 0,
            "equity": null,
            "current_ratio": null,
            "debt_ratio": null,
            "inventory_turnover_ratio": null,
            "account_receivable_turnover_ratio": null,
            "reinvestment_rate": null,
            "research_to_sale_ratio": null,
            "price_fair": 0,
            "eps_avg_yearly": 0,
            "eps_latest_yearly": 0,
            "eps_growth_yearly": 0
        },
        "20051": {
            "year_quarter": 20051,
            "year": 2005,
            "quarter": 1,
            "eps": null,
            "eps_growth_year": null,
            "eps_4q": null,
            "eps_4q_growth_year": null,
            "roe": null,
            "roe_4q": 0,
            "gross_profit": null,
            "gross_margin": null,
            "gross_margin_4q_avg": 0,
            "net_income": null,
            "revenue": null,
            "common_shares": null,
            "book_valuer_per_share": null,
            "book_valuer_per_share_4q_avg": 0,
            "equity": null,
            "current_ratio": null,
            "debt_ratio": null,
            "inventory_turnover_ratio": null,
            "account_receivable_turnover_ratio": null,
            "reinvestment_rate": null,
            "research_to_sale_ratio": null,
            "price_fair": 0,
            "eps_avg_yearly": 0,
            "eps_latest_yearly": 0,
            "eps_growth_yearly": 0
        },
        "20052": {
            "year_quarter": 20052,
            "year": 2005,
            "quarter": 2,
            "eps": null,
            "eps_growth_year": null,
            "eps_4q": null,
            "eps_4q_growth_year": null,
            "roe": null,
            "roe_4q": 0,
            "gross_profit": null,
            "gross_margin": null,
            "gross_margin_4q_avg": 0,
            "net_income": null,
            "revenue": null,
            "common_shares": null,
            "book_valuer_per_share": null,
            "book_valuer_per_share_4q_avg": 0,
            "equity": null,
            "current_ratio": null,
            "debt_ratio": null,
            "inventory_turnover_ratio": null,
            "account_receivable_turnover_ratio": null,
            "reinvestment_rate": null,
            "research_to_sale_ratio": null,
            "price_fair": 0,
            "eps_avg_yearly": 0,
            "eps_latest_yearly": 0,
            "eps_growth_yearly": 0
        },
        "20053": {
            "year_quarter": 20053,
            "year": 2005,
            "quarter": 3,
            "eps": null,
            "eps_growth_year": null,
            "eps_4q": null,
            "eps_4q_growth_year": null,
            "roe": null,
            "roe_4q": 0,
            "gross_profit": null,
            "gross_margin": null,
            "gross_margin_4q_avg": 0,
            "net_income": null,
            "revenue": null,
            "common_shares": null,
            "book_valuer_per_share": null,
            "book_valuer_per_share_4q_avg": 0,
            "equity": null,
            "current_ratio": null,
            "debt_ratio": null,
            "inventory_turnover_ratio": null,
            "account_receivable_turnover_ratio": null,
            "reinvestment_rate": null,
            "research_to_sale_ratio": null,
            "price_fair": 0,
            "eps_avg_yearly": 0,
            "eps_latest_yearly": 0,
            "eps_growth_yearly": 0
        },
        "20054": {
            "year_quarter": 20054,
            "year": 2005,
            "quarter": 4,
            "eps": null,
            "eps_growth_year": null,
            "eps_4q": null,
            "eps_4q_growth_year": null,
            "roe": null,
            "roe_4q": 0,
            "gross_profit": null,
            "gross_margin": null,
            "gross_margin_4q_avg": 0,
            "net_income": null,
            "revenue": null,
            "common_shares": null,
            "book_valuer_per_share": null,
            "book_valuer_per_share_4q_avg": 0,
            "equity": null,
            "current_ratio": null,
            "debt_ratio": null,
            "inventory_turnover_ratio": null,
            "account_receivable_turnover_ratio": null,
            "reinvestment_rate": null,
            "research_to_sale_ratio": null,
            "price_fair": 0,
            "eps_avg_yearly": 0,
            "eps_latest_yearly": 0,
            "eps_growth_yearly": 0
        },
        "20061": {
            "year_quarter": 20061,
            "year": 2006,
            "quarter": 1,
            "eps": null,
            "eps_growth_year": null,
            "eps_4q": null,
            "eps_4q_growth_year": null,
            "roe": null,
            "roe_4q": 0,
            "gross_profit": null,
            "gross_margin": null,
            "gross_margin_4q_avg": 0,
            "net_income": null,
            "revenue": null,
            "common_shares": null,
            "book_valuer_per_share": null,
            "book_valuer_per_share_4q_avg": 0,
            "equity": null,
            "current_ratio": null,
            "debt_ratio": null,
            "inventory_turnover_ratio": null,
            "account_receivable_turnover_ratio": null,
            "reinvestment_rate": null,
            "research_to_sale_ratio": null,
            "price_fair": 0,
            "eps_avg_yearly": 0,
            "eps_latest_yearly": 0,
            "eps_growth_yearly": 0
        },
        "20062": {
            "year_quarter": 20062,
            "year": 2006,
            "quarter": 2,
            "eps": null,
            "eps_growth_year": null,
            "eps_4q": null,
            "eps_4q_growth_year": null,
            "roe": null,
            "roe_4q": 0,
            "gross_profit": null,
            "gross_margin": null,
            "gross_margin_4q_avg": 0,
            "net_income": null,
            "revenue": null,
            "common_shares": null,
            "book_valuer_per_share": null,
            "book_valuer_per_share_4q_avg": 0,
            "equity": null,
            "current_ratio": null,
            "debt_ratio": null,
            "inventory_turnover_ratio": null,
            "account_receivable_turnover_ratio": null,
            "reinvestment_rate": null,
            "research_to_sale_ratio": null,
            "price_fair": 0,
            "eps_avg_yearly": 0,
            "eps_latest_yearly": 0,
            "eps_growth_yearly": 0
        },
        "20063": {
            "year_quarter": 20063,
            "year": 2006,
            "quarter": 3,
            "eps": null,
            "eps_growth_year": null,
            "eps_4q": null,
            "eps_4q_growth_year": null,
            "roe": null,
            "roe_4q": 0,
            "gross_profit": null,
            "gross_margin": null,
            "gross_margin_4q_avg": 0,
            "net_income": null,
            "revenue": null,
            "common_shares": null,
            "book_valuer_per_share": null,
            "book_valuer_per_share_4q_avg": 0,
            "equity": null,
            "current_ratio": null,
            "debt_ratio": null,
            "inventory_turnover_ratio": null,
            "account_receivable_turnover_ratio": null,
            "reinvestment_rate": null,
            "research_to_sale_ratio": null,
            "price_fair": 0,
            "eps_avg_yearly": 0,
            "eps_latest_yearly": 0,
            "eps_growth_yearly": 0
        },
        "20064": {
            "year_quarter": 20064,
            "year": 2006,
            "quarter": 4,
            "eps": null,
            "eps_growth_year": null,
            "eps_4q": null,
            "eps_4q_growth_year": null,
            "roe": null,
            "roe_4q": 0,
            "gross_profit": null,
            "gross_margin": null,
            "gross_margin_4q_avg": 0,
            "net_income": null,
            "revenue": null,
            "common_shares": 201058,
            "book_valuer_per_share": 16.19,
            "book_valuer_per_share_4q_avg": 4.05,
            "equity": 325553,
            "current_ratio": 138.66,
            "debt_ratio": 45.48,
            "inventory_turnover_ratio": null,
            "account_receivable_turnover_ratio": null,
            "reinvestment_rate": null,
            "research_to_sale_ratio": null,
            "price_fair": 0,
            "eps_avg_yearly": 0,
            "eps_latest_yearly": 0,
            "eps_growth_yearly": 0
        },
        "20071": {
            "year_quarter": 20071,
            "year": 2007,
            "quarter": 1,
            "eps": null,
            "eps_growth_year": null,
            "eps_4q": null,
            "eps_4q_growth_year": null,
            "roe": null,
            "roe_4q": 0,
            "gross_profit": null,
            "gross_margin": null,
            "gross_margin_4q_avg": 0,
            "net_income": null,
            "revenue": null,
            "common_shares": null,
            "book_valuer_per_share": null,
            "book_valuer_per_share_4q_avg": 4.05,
            "equity": null,
            "current_ratio": null,
            "debt_ratio": null,
            "inventory_turnover_ratio": null,
            "account_receivable_turnover_ratio": null,
            "reinvestment_rate": null,
            "research_to_sale_ratio": null,
            "price_fair": 0,
            "eps_avg_yearly": 0,
            "eps_latest_yearly": 0,
            "eps_growth_yearly": 0
        },
        "20072": {
            "year_quarter": 20072,
            "year": 2007,
            "quarter": 2,
            "eps": null,
            "eps_growth_year": null,
            "eps_4q": null,
            "eps_4q_growth_year": null,
            "roe": null,
            "roe_4q": 0,
            "gross_profit": null,
            "gross_margin": null,
            "gross_margin_4q_avg": 0,
            "net_income": null,
            "revenue": null,
            "common_shares": null,
            "book_valuer_per_share": null,
            "book_valuer_per_share_4q_avg": 4.05,
            "equity": null,
            "current_ratio": null,
            "debt_ratio": null,
            "inventory_turnover_ratio": null,
            "account_receivable_turnover_ratio": null,
            "reinvestment_rate": null,
            "research_to_sale_ratio": null,
            "price_fair": 0,
            "eps_avg_yearly": 0,
            "eps_latest_yearly": 0,
            "eps_growth_yearly": 0
        },
        "20073": {
            "year_quarter": 20073,
            "year": 2007,
            "quarter": 3,
            "eps": null,
            "eps_growth_year": null,
            "eps_4q": null,
            "eps_4q_growth_year": null,
            "roe": null,
            "roe_4q": 0,
            "gross_profit": null,
            "gross_margin": null,
            "gross_margin_4q_avg": 0,
            "net_income": null,
            "revenue": null,
            "common_shares": null,
            "book_valuer_per_share": null,
            "book_valuer_per_share_4q_avg": 4.05,
            "equity": null,
            "current_ratio": null,
            "debt_ratio": null,
            "inventory_turnover_ratio": null,
            "account_receivable_turnover_ratio": null,
            "reinvestment_rate": null,
            "research_to_sale_ratio": null,
            "price_fair": 0,
            "eps_avg_yearly": 0,
            "eps_latest_yearly": 0,
            "eps_growth_yearly": 0
        },
        "20074": {
            "year_quarter": 20074,
            "year": 2007,
            "quarter": 4,
            "eps": null,
            "eps_growth_year": null,
            "eps_4q": null,
            "eps_4q_growth_year": null,
            "roe": null,
            "roe_4q": 0,
            "gross_profit": null,
            "gross_margin": null,
            "gross_margin_4q_avg": 0,
            "net_income": null,
            "revenue": null,
            "common_shares": 201058,
            "book_valuer_per_share": 15.65,
            "book_valuer_per_share_4q_avg": 3.91,
            "equity": 314654,
            "current_ratio": 135.46,
            "debt_ratio": 46.86,
            "inventory_turnover_ratio": null,
            "account_receivable_turnover_ratio": null,
            "reinvestment_rate": null,
            "research_to_sale_ratio": null,
            "price_fair": 0,
            "eps_avg_yearly": 0,
            "eps_latest_yearly": 0,
            "eps_growth_yearly": 0
        },
        "20081": {
            "year_quarter": 20081,
            "year": 2008,
            "quarter": 1,
            "eps": null,
            "eps_growth_year": null,
            "eps_4q": null,
            "eps_4q_growth_year": null,
            "roe": null,
            "roe_4q": 0,
            "gross_profit": null,
            "gross_margin": null,
            "gross_margin_4q_avg": 0,
            "net_income": null,
            "revenue": null,
            "common_shares": null,
            "book_valuer_per_share": null,
            "book_valuer_per_share_4q_avg": 3.91,
            "equity": null,
            "current_ratio": null,
            "debt_ratio": null,
            "inventory_turnover_ratio": null,
            "account_receivable_turnover_ratio": null,
            "reinvestment_rate": null,
            "research_to_sale_ratio": null,
            "price_fair": 0,
            "eps_avg_yearly": 0,
            "eps_latest_yearly": 0,
            "eps_growth_yearly": 0
        },
        "20082": {
            "year_quarter": 20082,
            "year": 2008,
            "quarter": 2,
            "eps": null,
            "eps_growth_year": null,
            "eps_4q": null,
            "eps_4q_growth_year": null,
            "roe": null,
            "roe_4q": 0,
            "gross_profit": null,
            "gross_margin": null,
            "gross_margin_4q_avg": 0,
            "net_income": null,
            "revenue": null,
            "common_shares": null,
            "book_valuer_per_share": null,
            "book_valuer_per_share_4q_avg": 3.91,
            "equity": null,
            "current_ratio": null,
            "debt_ratio": null,
            "inventory_turnover_ratio": null,
            "account_receivable_turnover_ratio": null,
            "reinvestment_rate": null,
            "research_to_sale_ratio": null,
            "price_fair": 0,
            "eps_avg_yearly": 0,
            "eps_latest_yearly": 0,
            "eps_growth_yearly": 0
        },
        "20083": {
            "year_quarter": 20083,
            "year": 2008,
            "quarter": 3,
            "eps": null,
            "eps_growth_year": null,
            "eps_4q": null,
            "eps_4q_growth_year": null,
            "roe": null,
            "roe_4q": 0,
            "gross_profit": null,
            "gross_margin": null,
            "gross_margin_4q_avg": 0,
            "net_income": null,
            "revenue": null,
            "common_shares": null,
            "book_valuer_per_share": null,
            "book_valuer_per_share_4q_avg": 3.91,
            "equity": null,
            "current_ratio": null,
            "debt_ratio": null,
            "inventory_turnover_ratio": null,
            "account_receivable_turnover_ratio": null,
            "reinvestment_rate": null,
            "research_to_sale_ratio": null,
            "price_fair": 0,
            "eps_avg_yearly": 0,
            "eps_latest_yearly": 0,
            "eps_growth_yearly": 0
        },
        "20084": {
            "year_quarter": 20084,
            "year": 2008,
            "quarter": 4,
            "eps": null,
            "eps_growth_year": null,
            "eps_4q": null,
            "eps_4q_growth_year": null,
            "roe": null,
            "roe_4q": 0,
            "gross_profit": null,
            "gross_margin": null,
            "gross_margin_4q_avg": 0,
            "net_income": null,
            "revenue": null,
            "common_shares": 201058,
            "book_valuer_per_share": 13.22,
            "book_valuer_per_share_4q_avg": 3.31,
            "equity": 265711,
            "current_ratio": 94.77,
            "debt_ratio": 65.29,
            "inventory_turnover_ratio": null,
            "account_receivable_turnover_ratio": null,
            "reinvestment_rate": null,
            "research_to_sale_ratio": null,
            "price_fair": 0,
            "eps_avg_yearly": 0,
            "eps_latest_yearly": 0,
            "eps_growth_yearly": 0
        },
        "20091": {
            "year_quarter": 20091,
            "year": 2009,
            "quarter": 1,
            "eps": null,
            "eps_growth_year": null,
            "eps_4q": null,
            "eps_4q_growth_year": null,
            "roe": null,
            "roe_4q": 0,
            "gross_profit": null,
            "gross_margin": null,
            "gross_margin_4q_avg": 0,
            "net_income": null,
            "revenue": null,
            "common_shares": null,
            "book_valuer_per_share": null,
            "book_valuer_per_share_4q_avg": 3.31,
            "equity": null,
            "current_ratio": null,
            "debt_ratio": null,
            "inventory_turnover_ratio": null,
            "account_receivable_turnover_ratio": null,
            "reinvestment_rate": null,
            "research_to_sale_ratio": null,
            "price_fair": 0,
            "eps_avg_yearly": 0,
            "eps_latest_yearly": 0,
            "eps_growth_yearly": 0
        },
        "20092": {
            "year_quarter": 20092,
            "year": 2009,
            "quarter": 2,
            "eps": null,
            "eps_growth_year": null,
            "eps_4q": null,
            "eps_4q_growth_year": null,
            "roe": null,
            "roe_4q": 0,
            "gross_profit": null,
            "gross_margin": null,
            "gross_margin_4q_avg": 0,
            "net_income": null,
            "revenue": null,
            "common_shares": null,
            "book_valuer_per_share": null,
            "book_valuer_per_share_4q_avg": 3.31,
            "equity": null,
            "current_ratio": null,
            "debt_ratio": null,
            "inventory_turnover_ratio": null,
            "account_receivable_turnover_ratio": null,
            "reinvestment_rate": null,
            "research_to_sale_ratio": null,
            "price_fair": 0,
            "eps_avg_yearly": 0,
            "eps_latest_yearly": 0,
            "eps_growth_yearly": 0
        },
        "20093": {
            "year_quarter": 20093,
            "year": 2009,
            "quarter": 3,
            "eps": null,
            "eps_growth_year": null,
            "eps_4q": null,
            "eps_4q_growth_year": null,
            "roe": null,
            "roe_4q": 0,
            "gross_profit": null,
            "gross_margin": null,
            "gross_margin_4q_avg": 0,
            "net_income": null,
            "revenue": null,
            "common_shares": null,
            "book_valuer_per_share": null,
            "book_valuer_per_share_4q_avg": 3.31,
            "equity": null,
            "current_ratio": null,
            "debt_ratio": null,
            "inventory_turnover_ratio": null,
            "account_receivable_turnover_ratio": null,
            "reinvestment_rate": null,
            "research_to_sale_ratio": null,
            "price_fair": 0,
            "eps_avg_yearly": 0,
            "eps_latest_yearly": 0,
            "eps_growth_yearly": 0
        },
        "20094": {
            "year_quarter": 20094,
            "year": 2009,
            "quarter": 4,
            "eps": null,
            "eps_growth_year": null,
            "eps_4q": null,
            "eps_4q_growth_year": null,
            "roe": null,
            "roe_4q": 0,
            "gross_profit": null,
            "gross_margin": null,
            "gross_margin_4q_avg": 0,
            "net_income": null,
            "revenue": null,
            "common_shares": 201058,
            "book_valuer_per_share": 13.72,
            "book_valuer_per_share_4q_avg": 3.43,
            "equity": 275812,
            "current_ratio": 101.44,
            "debt_ratio": 58.57,
            "inventory_turnover_ratio": null,
            "account_receivable_turnover_ratio": null,
            "reinvestment_rate": null,
            "research_to_sale_ratio": null,
            "price_fair": 0,
            "eps_avg_yearly": 0,
            "eps_latest_yearly": 0,
            "eps_growth_yearly": 0
        },
        "20101": {
            "year_quarter": 20101,
            "year": 2010,
            "quarter": 1,
            "eps": null,
            "eps_growth_year": null,
            "eps_4q": null,
            "eps_4q_growth_year": null,
            "roe": null,
            "roe_4q": 0,
            "gross_profit": null,
            "gross_margin": null,
            "gross_margin_4q_avg": 0,
            "net_income": null,
            "revenue": null,
            "common_shares": null,
            "book_valuer_per_share": null,
            "book_valuer_per_share_4q_avg": 3.43,
            "equity": null,
            "current_ratio": null,
            "debt_ratio": null,
            "inventory_turnover_ratio": null,
            "account_receivable_turnover_ratio": null,
            "reinvestment_rate": null,
            "research_to_sale_ratio": null,
            "price_fair": 0,
            "eps_avg_yearly": 0,
            "eps_latest_yearly": 0,
            "eps_growth_yearly": 0
        },
        "20102": {
            "year_quarter": 20102,
            "year": 2010,
            "quarter": 2,
            "eps": null,
            "eps_growth_year": null,
            "eps_4q": null,
            "eps_4q_growth_year": null,
            "roe": null,
            "roe_4q": 0,
            "gross_profit": null,
            "gross_margin": null,
            "gross_margin_4q_avg": 0,
            "net_income": null,
            "revenue": null,
            "common_shares": 201058,
            "book_valuer_per_share": null,
            "book_valuer_per_share_4q_avg": 3.43,
            "equity": 272504,
            "current_ratio": null,
            "debt_ratio": null,
            "inventory_turnover_ratio": null,
            "account_receivable_turnover_ratio": null,
            "reinvestment_rate": null,
            "research_to_sale_ratio": null,
            "price_fair": 0,
            "eps_avg_yearly": 0,
            "eps_latest_yearly": 0,
            "eps_growth_yearly": 0
        },
        "20103": {
            "year_quarter": 20103,
            "year": 2010,
            "quarter": 3,
            "eps": null,
            "eps_growth_year": null,
            "eps_4q": null,
            "eps_4q_growth_year": null,
            "roe": null,
            "roe_4q": 0,
            "gross_profit": null,
            "gross_margin": null,
            "gross_margin_4q_avg": 0,
            "net_income": null,
            "revenue": null,
            "common_shares": null,
            "book_valuer_per_share": null,
            "book_valuer_per_share_4q_avg": 3.43,
            "equity": null,
            "current_ratio": null,
            "debt_ratio": null,
            "inventory_turnover_ratio": null,
            "account_receivable_turnover_ratio": null,
            "reinvestment_rate": null,
            "research_to_sale_ratio": null,
            "price_fair": 0,
            "eps_avg_yearly": 0,
            "eps_latest_yearly": 0,
            "eps_growth_yearly": 0
        },
        "20104": {
            "year_quarter": 20104,
            "year": 2010,
            "quarter": 4,
            "eps": null,
            "eps_growth_year": null,
            "eps_4q": null,
            "eps_4q_growth_year": null,
            "roe": null,
            "roe_4q": 0,
            "gross_profit": null,
            "gross_margin": null,
            "gross_margin_4q_avg": 0,
            "net_income": null,
            "revenue": null,
            "common_shares": 225185,
            "book_valuer_per_share": 14.24,
            "book_valuer_per_share_4q_avg": 3.56,
            "equity": 324737,
            "current_ratio": 110.48,
            "debt_ratio": 60.58,
            "inventory_turnover_ratio": null,
            "account_receivable_turnover_ratio": null,
            "reinvestment_rate": null,
            "research_to_sale_ratio": null,
            "price_fair": 0,
            "eps_avg_yearly": 0,
            "eps_latest_yearly": 0,
            "eps_growth_yearly": 0
        },
        "20111": {
            "year_quarter": 20111,
            "year": 2011,
            "quarter": 1,
            "eps": null,
            "eps_growth_year": null,
            "eps_4q": null,
            "eps_4q_growth_year": null,
            "roe": null,
            "roe_4q": 0,
            "gross_profit": 44143,
            "gross_margin": null,
            "gross_margin_4q_avg": 0,
            "net_income": -1510,
            "revenue": 175625,
            "common_shares": 225185,
            "book_valuer_per_share": 14.18,
            "book_valuer_per_share_4q_avg": 7.11,
            "equity": 323227,
            "current_ratio": 101.78,
            "debt_ratio": 65.62,
            "inventory_turnover_ratio": null,
            "account_receivable_turnover_ratio": null,
            "reinvestment_rate": null,
            "research_to_sale_ratio": null,
            "price_fair": 0,
            "eps_avg_yearly": 0,
            "eps_latest_yearly": 0,
            "eps_growth_yearly": 0
        },
        "20112": {
            "year_quarter": 20112,
            "year": 2011,
            "quarter": 2,
            "eps": 1.51,
            "eps_growth_year": null,
            "eps_4q": null,
            "eps_4q_growth_year": null,
            "roe": 10.08,
            "roe_4q": 10.08,
            "gross_profit": 100577,
            "gross_margin": 24.9,
            "gross_margin_4q_avg": 6.23,
            "net_income": 33901,
            "revenue": 403914,
            "common_shares": 225185,
            "book_valuer_per_share": 15.53,
            "book_valuer_per_share_4q_avg": 10.99,
            "equity": 349624,
            "current_ratio": 111.13,
            "debt_ratio": 63,
            "inventory_turnover_ratio": 1.81,
            "account_receivable_turnover_ratio": 4.88,
            "reinvestment_rate": null,
            "research_to_sale_ratio": null,
            "price_fair": 0,
            "eps_avg_yearly": 0,
            "eps_latest_yearly": 0,
            "eps_growth_yearly": 0
        },
        "20113": {
            "year_quarter": 20113,
            "year": 2011,
            "quarter": 3,
            "eps": null,
            "eps_growth_year": null,
            "eps_4q": null,
            "eps_4q_growth_year": null,
            "roe": null,
            "roe_4q": 10.08,
            "gross_profit": 122902,
            "gross_margin": null,
            "gross_margin_4q_avg": 6.23,
            "net_income": 37516,
            "revenue": 487036,
            "common_shares": 225185,
            "book_valuer_per_share": 18.26,
            "book_valuer_per_share_4q_avg": 15.55,
            "equity": 411081,
            "current_ratio": 115.94,
            "debt_ratio": 63.86,
            "inventory_turnover_ratio": null,
            "account_receivable_turnover_ratio": null,
            "reinvestment_rate": null,
            "research_to_sale_ratio": null,
            "price_fair": 0,
            "eps_avg_yearly": 0,
            "eps_latest_yearly": 0,
            "eps_growth_yearly": 0
        },
        "20114": {
            "year_quarter": 20114,
            "year": 2011,
            "quarter": 4,
            "eps": null,
            "eps_growth_year": null,
            "eps_4q": null,
            "eps_4q_growth_year": null,
            "roe": null,
            "roe_4q": 10.08,
            "gross_profit": 122504,
            "gross_margin": null,
            "gross_margin_4q_avg": 6.23,
            "net_income": 37605,
            "revenue": 484522,
            "common_shares": 355185,
            "book_valuer_per_share": 25.24,
            "book_valuer_per_share_4q_avg": 18.3,
            "equity": 896544,
            "current_ratio": 205.63,
            "debt_ratio": 38.71,
            "inventory_turnover_ratio": null,
            "account_receivable_turnover_ratio": null,
            "reinvestment_rate": null,
            "research_to_sale_ratio": null,
            "price_fair": 0,
            "eps_avg_yearly": 0,
            "eps_latest_yearly": 0,
            "eps_growth_yearly": 0
        },
        "20121": {
            "year_quarter": 20121,
            "year": 2012,
            "quarter": 1,
            "eps": 0.25,
            "eps_growth_year": null,
            "eps_4q": 1.21,
            "eps_4q_growth_year": null,
            "roe": 1,
            "roe_4q": 11.08,
            "gross_profit": 76709,
            "gross_margin": 18.91,
            "gross_margin_4q_avg": 10.95,
            "net_income": 9052,
            "revenue": 405711,
            "common_shares": 355185,
            "book_valuer_per_share": 25.5,
            "book_valuer_per_share_4q_avg": 21.13,
            "equity": 905596,
            "current_ratio": 247.35,
            "debt_ratio": 31.56,
            "inventory_turnover_ratio": 1.65,
            "account_receivable_turnover_ratio": 3.76,
            "reinvestment_rate": null,
            "research_to_sale_ratio": 2.34,
            "price_fair": 0,
            "eps_avg_yearly": 0,
            "eps_latest_yearly": 0,
            "eps_growth_yearly": 0
        },
        "20122": {
            "year_quarter": 20122,
            "year": 2012,
            "quarter": 2,
            "eps": 0.36,
            "eps_growth_year": -76.29,
            "eps_4q": 0.61,
            "eps_4q_growth_year": null,
            "roe": 1.48,
            "roe_4q": 2.48,
            "gross_profit": 75858,
            "gross_margin": 19.45,
            "gross_margin_4q_avg": 9.59,
            "net_income": 12676,
            "revenue": 390030,
            "common_shares": 355185,
            "book_valuer_per_share": 22.85,
            "book_valuer_per_share_4q_avg": 22.96,
            "equity": 811717,
            "current_ratio": 196.85,
            "debt_ratio": 39.13,
            "inventory_turnover_ratio": 1.86,
            "account_receivable_turnover_ratio": 2.8,
            "reinvestment_rate": null,
            "research_to_sale_ratio": 2.55,
            "price_fair": 50.4,
            "eps_avg_yearly": 1.44,
            "eps_latest_yearly": 1.44,
            "eps_growth_yearly": 176
        },
        "20123": {
            "year_quarter": 20123,
            "year": 2012,
            "quarter": 3,
            "eps": 1.61,
            "eps_growth_year": null,
            "eps_4q": 2.22,
            "eps_4q_growth_year": null,
            "roe": 6.81,
            "roe_4q": 9.29,
            "gross_profit": 153451,
            "gross_margin": 23.22,
            "gross_margin_4q_avg": 15.4,
            "net_income": 57211,
            "revenue": 660717,
            "common_shares": 355185,
            "book_valuer_per_share": 24.46,
            "book_valuer_per_share_4q_avg": 24.51,
            "equity": 868928,
            "current_ratio": 173.26,
            "debt_ratio": 46.68,
            "inventory_turnover_ratio": 2.57,
            "account_receivable_turnover_ratio": 3.66,
            "reinvestment_rate": null,
            "research_to_sale_ratio": 1.89,
            "price_fair": 137.9,
            "eps_avg_yearly": 3.94,
            "eps_latest_yearly": 6.44,
            "eps_growth_yearly": 782.44
        },
        "20124": {
            "year_quarter": 20124,
            "year": 2012,
            "quarter": 4,
            "eps": 1.78,
            "eps_growth_year": null,
            "eps_4q": 3.79,
            "eps_4q_growth_year": null,
            "roe": 6.88,
            "roe_4q": 16.17,
            "gross_profit": 167062,
            "gross_margin": 24.96,
            "gross_margin_4q_avg": 21.64,
            "net_income": 69495,
            "revenue": 669416,
            "common_shares": 391135,
            "book_valuer_per_share": 29.47,
            "book_valuer_per_share_4q_avg": 25.57,
            "equity": 1152631,
            "current_ratio": 237.91,
            "debt_ratio": 35.07,
            "inventory_turnover_ratio": 2.69,
            "account_receivable_turnover_ratio": 3.32,
            "reinvestment_rate": null,
            "research_to_sale_ratio": 1.86,
            "price_fair": 175,
            "eps_avg_yearly": 5,
            "eps_latest_yearly": 7.12,
            "eps_growth_yearly": 535.71
        },
        "20131": {
            "year_quarter": 20131,
            "year": 2013,
            "quarter": 1,
            "eps": -0.65,
            "eps_growth_year": -360,
            "eps_4q": 2.92,
            "eps_4q_growth_year": 141.31,
            "roe": -2.22,
            "roe_4q": 12.95,
            "gross_profit": 58824,
            "gross_margin": 19.33,
            "gross_margin_4q_avg": 21.74,
            "net_income": -25240,
            "revenue": 304384,
            "common_shares": 391135,
            "book_valuer_per_share": 28.56,
            "book_valuer_per_share_4q_avg": 26.34,
            "equity": 1117046,
            "current_ratio": 284.91,
            "debt_ratio": 29.19,
            "inventory_turnover_ratio": 1.41,
            "account_receivable_turnover_ratio": 1.76,
            "reinvestment_rate": null,
            "research_to_sale_ratio": 4.04,
            "price_fair": 175,
            "eps_avg_yearly": 5,
            "eps_latest_yearly": 7.12,
            "eps_growth_yearly": 535.71
        },
        "20132": {
            "year_quarter": 20132,
            "year": 2013,
            "quarter": 2,
            "eps": 0.85,
            "eps_growth_year": 138.17,
            "eps_4q": 3.44,
            "eps_4q_growth_year": 462.14,
            "roe": 3.1,
            "roe_4q": 14.57,
            "gross_profit": 126133,
            "gross_margin": 24.6,
            "gross_margin_4q_avg": 23.03,
            "net_income": 33038,
            "revenue": 512741,
            "common_shares": 391135,
            "book_valuer_per_share": 26,
            "book_valuer_per_share_4q_avg": 27.12,
            "equity": 1017098,
            "current_ratio": 208.4,
            "debt_ratio": 39.74,
            "inventory_turnover_ratio": 1.83,
            "account_receivable_turnover_ratio": 2.76,
            "reinvestment_rate": null,
            "research_to_sale_ratio": 2.78,
            "price_fair": 175,
            "eps_avg_yearly": 5,
            "eps_latest_yearly": 7.12,
            "eps_growth_yearly": 535.71
        },
        "20133": {
            "year_quarter": 20133,
            "year": 2013,
            "quarter": 3,
            "eps": 1.9,
            "eps_growth_year": 17.96,
            "eps_4q": 3.88,
            "eps_4q_growth_year": 74.57,
            "roe": 6.84,
            "roe_4q": 14.599999999999998,
            "gross_profit": 199496,
            "gross_margin": 24.63,
            "gross_margin_4q_avg": 23.38,
            "net_income": 74460,
            "revenue": 810119,
            "common_shares": 391135,
            "book_valuer_per_share": 27.8,
            "book_valuer_per_share_4q_avg": 27.96,
            "equity": 1160122,
            "current_ratio": 228.17,
            "debt_ratio": 36.61,
            "inventory_turnover_ratio": 2.77,
            "account_receivable_turnover_ratio": 3.76,
            "reinvestment_rate": null,
            "research_to_sale_ratio": 2.56,
            "price_fair": 197.75,
            "eps_avg_yearly": 5.65,
            "eps_latest_yearly": 7.6,
            "eps_growth_yearly": 525.31
        },
        "20134": {
            "year_quarter": 20134,
            "year": 2013,
            "quarter": 4,
            "eps": 0.93,
            "eps_growth_year": -47.91,
            "eps_4q": 3.03,
            "eps_4q_growth_year": -20.2,
            "roe": 3.14,
            "roe_4q": 10.86,
            "gross_profit": 116100,
            "gross_margin": 22.86,
            "gross_margin_4q_avg": 22.86,
            "net_income": 35608,
            "revenue": 507830,
            "common_shares": 391135,
            "book_valuer_per_share": 28.34,
            "book_valuer_per_share_4q_avg": 27.68,
            "equity": 1108570,
            "current_ratio": 294.86,
            "debt_ratio": 27.83,
            "inventory_turnover_ratio": 1.99,
            "account_receivable_turnover_ratio": 2.69,
            "reinvestment_rate": null,
            "research_to_sale_ratio": 3.46,
            "price_fair": 184.24,
            "eps_avg_yearly": 5.26,
            "eps_latest_yearly": 3.72,
            "eps_growth_yearly": 379.41
        },
        "20141": {
            "year_quarter": 20141,
            "year": 2014,
            "quarter": 1,
            "eps": -0.22,
            "eps_growth_year": null,
            "eps_4q": 3.46,
            "eps_4q_growth_year": 18.41,
            "roe": -0.76,
            "roe_4q": 12.319999999999999,
            "gross_profit": 117490,
            "gross_margin": 23.69,
            "gross_margin_4q_avg": 23.95,
            "net_income": -8535,
            "revenue": 495866,
            "common_shares": 391135,
            "book_valuer_per_share": 28.73,
            "book_valuer_per_share_4q_avg": 27.72,
            "equity": 1123691,
            "current_ratio": 283.06,
            "debt_ratio": 28.93,
            "inventory_turnover_ratio": 2.14,
            "account_receivable_turnover_ratio": 2.73,
            "reinvestment_rate": null,
            "research_to_sale_ratio": 3.87,
            "price_fair": 184.24,
            "eps_avg_yearly": 5.26,
            "eps_latest_yearly": 3.72,
            "eps_growth_yearly": 379.41
        },
        "20142": {
            "year_quarter": 20142,
            "year": 2014,
            "quarter": 2,
            "eps": -0.12,
            "eps_growth_year": -114.12,
            "eps_4q": 2.17,
            "eps_4q_growth_year": -36.95,
            "roe": -0.42,
            "roe_4q": 8.8,
            "gross_profit": 99689,
            "gross_margin": 23.14,
            "gross_margin_4q_avg": 23.58,
            "net_income": -4600,
            "revenue": 430772,
            "common_shares": 391135,
            "book_valuer_per_share": 27.27,
            "book_valuer_per_share_4q_avg": 28.04,
            "equity": 1066515,
            "current_ratio": 247.85,
            "debt_ratio": 32.53,
            "inventory_turnover_ratio": 1.77,
            "account_receivable_turnover_ratio": 2.57,
            "reinvestment_rate": null,
            "research_to_sale_ratio": 4.38,
            "price_fair": 184.24,
            "eps_avg_yearly": 5.26,
            "eps_latest_yearly": 3.72,
            "eps_growth_yearly": 379.41
        },
        "20143": {
            "year_quarter": 20143,
            "year": 2014,
            "quarter": 3,
            "eps": 0.75,
            "eps_growth_year": -60.53,
            "eps_4q": 1.26,
            "eps_4q_growth_year": -67.4,
            "roe": 3.11,
            "roe_4q": 5.07,
            "gross_profit": 182700,
            "gross_margin": 24.05,
            "gross_margin_4q_avg": 23.44,
            "net_income": 33822,
            "revenue": 759695,
            "common_shares": 391135,
            "book_valuer_per_share": 28.29,
            "book_valuer_per_share_4q_avg": 28.16,
            "equity": 1106620,
            "current_ratio": 195.51,
            "debt_ratio": 42.6,
            "inventory_turnover_ratio": 2.52,
            "account_receivable_turnover_ratio": 4.72,
            "reinvestment_rate": null,
            "research_to_sale_ratio": 3.07,
            "price_fair": 184.24,
            "eps_avg_yearly": 5.26,
            "eps_latest_yearly": 3.72,
            "eps_growth_yearly": 379.41
        },
        "20144": {
            "year_quarter": 20144,
            "year": 2014,
            "quarter": 4,
            "eps": 1.04,
            "eps_growth_year": 12.34,
            "eps_4q": 1.5,
            "eps_4q_growth_year": -50.48,
            "roe": 4.16,
            "roe_4q": 6.09,
            "gross_profit": 175688,
            "gross_margin": 24.19,
            "gross_margin_4q_avg": 23.77,
            "net_income": 46763,
            "revenue": 726329,
            "common_shares": 449805,
            "book_valuer_per_share": 25.43,
            "book_valuer_per_share_4q_avg": 27.43,
            "equity": 1144009,
            "current_ratio": 244.62,
            "debt_ratio": 33.22,
            "inventory_turnover_ratio": 2.67,
            "account_receivable_turnover_ratio": 4.42,
            "reinvestment_rate": -1.78,
            "research_to_sale_ratio": 3.74,
            "price_fair": 177.8,
            "eps_avg_yearly": 5.08,
            "eps_latest_yearly": 4.16,
            "eps_growth_yearly": 341.95
        },
        "20151": {
            "year_quarter": 20151,
            "year": 2015,
            "quarter": 1,
            "eps": -0.06,
            "eps_growth_year": null,
            "eps_4q": 1.63,
            "eps_4q_growth_year": -52.97,
            "roe": -0.25,
            "roe_4q": 6.6,
            "gross_profit": 76145,
            "gross_margin": 19.39,
            "gross_margin_4q_avg": 22.69,
            "net_income": -2887,
            "revenue": 392710,
            "common_shares": 449805,
            "book_valuer_per_share": 25.82,
            "book_valuer_per_share_4q_avg": 26.7,
            "equity": 1161591,
            "current_ratio": 244.58,
            "debt_ratio": 32.41,
            "inventory_turnover_ratio": 1.66,
            "account_receivable_turnover_ratio": 2.47,
            "reinvestment_rate": -1.03,
            "research_to_sale_ratio": 6.2,
            "price_fair": 177.8,
            "eps_avg_yearly": 5.08,
            "eps_latest_yearly": 4.16,
            "eps_growth_yearly": 341.95
        },
        "20152": {
            "year_quarter": 20152,
            "year": 2015,
            "quarter": 2,
            "eps": 1.46,
            "eps_growth_year": null,
            "eps_4q": 3.19,
            "eps_4q_growth_year": 46.95,
            "roe": 5.79,
            "roe_4q": 12.809999999999999,
            "gross_profit": 194365,
            "gross_margin": 27.49,
            "gross_margin_4q_avg": 23.78,
            "net_income": 65603,
            "revenue": 707146,
            "common_shares": 449805,
            "book_valuer_per_share": 24.54,
            "book_valuer_per_share_4q_avg": 26.02,
            "equity": 1103987,
            "current_ratio": 188.05,
            "debt_ratio": 42.36,
            "inventory_turnover_ratio": 1.92,
            "account_receivable_turnover_ratio": 3.79,
            "reinvestment_rate": 1.61,
            "research_to_sale_ratio": 3.67,
            "price_fair": 177.8,
            "eps_avg_yearly": 5.08,
            "eps_latest_yearly": 4.16,
            "eps_growth_yearly": 341.95
        },
        "20153": {
            "year_quarter": 20153,
            "year": 2015,
            "quarter": 3,
            "eps": 2.7,
            "eps_growth_year": 260,
            "eps_4q": 5.13,
            "eps_4q_growth_year": 305.88,
            "roe": 10.57,
            "roe_4q": 20.27,
            "gross_profit": 297521,
            "gross_margin": 30.06,
            "gross_margin_4q_avg": 25.28,
            "net_income": 121404,
            "revenue": 989708,
            "common_shares": 449805,
            "book_valuer_per_share": 26.53,
            "book_valuer_per_share_4q_avg": 25.58,
            "equity": 1193555,
            "current_ratio": 165.53,
            "debt_ratio": 42.01,
            "inventory_turnover_ratio": 2.3,
            "account_receivable_turnover_ratio": 4.5,
            "reinvestment_rate": 47.48,
            "research_to_sale_ratio": 4.3,
            "price_fair": 206.4,
            "eps_avg_yearly": 5.9,
            "eps_latest_yearly": 10.8,
            "eps_growth_yearly": 341.63
        },
        "20154": {
            "year_quarter": 20154,
            "year": 2015,
            "quarter": 4,
            "eps": 2.76,
            "eps_growth_year": 165.27,
            "eps_4q": 6.85,
            "eps_4q_growth_year": 356.88,
            "roe": 9.87,
            "roe_4q": 25.979999999999997,
            "gross_profit": 196428,
            "gross_margin": 29.1,
            "gross_margin_4q_avg": 26.51,
            "net_income": 124047,
            "revenue": 675046,
            "common_shares": 449805,
            "book_valuer_per_share": 29.33,
            "book_valuer_per_share_4q_avg": 26.56,
            "equity": 1319180,
            "current_ratio": 249.92,
            "debt_ratio": 26.8,
            "inventory_turnover_ratio": 1.96,
            "account_receivable_turnover_ratio": 4,
            "reinvestment_rate": 46.99,
            "research_to_sale_ratio": 4.74,
            "price_fair": 228.9,
            "eps_avg_yearly": 6.54,
            "eps_latest_yearly": 11.04,
            "eps_growth_yearly": 300.04
        },
        "20161": {
            "year_quarter": 20161,
            "year": 2016,
            "quarter": 1,
            "eps": 1.19,
            "eps_growth_year": null,
            "eps_4q": 8.1,
            "eps_4q_growth_year": 398.62,
            "roe": 3.92,
            "roe_4q": 30.15,
            "gross_profit": 147970,
            "gross_margin": 26.32,
            "gross_margin_4q_avg": 28.24,
            "net_income": 53426,
            "revenue": 562164,
            "common_shares": 449805,
            "book_valuer_per_share": 31.22,
            "book_valuer_per_share_4q_avg": 27.91,
            "equity": 1404291,
            "current_ratio": 242.14,
            "debt_ratio": 28.89,
            "inventory_turnover_ratio": 2,
            "account_receivable_turnover_ratio": 4.53,
            "reinvestment_rate": 43.15,
            "research_to_sale_ratio": 4.13,
            "price_fair": 221.98,
            "eps_avg_yearly": 6.34,
            "eps_latest_yearly": 4.76,
            "eps_growth_yearly": 241.42
        },
        "20162": {
            "year_quarter": 20162,
            "year": 2016,
            "quarter": 2,
            "eps": 0.47,
            "eps_growth_year": -67.81,
            "eps_4q": 6.19,
            "eps_4q_growth_year": 94.18,
            "roe": 1.58,
            "roe_4q": 25.939999999999998,
            "gross_profit": 103247,
            "gross_margin": 23.05,
            "gross_margin_4q_avg": 27.13,
            "net_income": 21119,
            "revenue": 447843,
            "common_shares": 449805,
            "book_valuer_per_share": 28.24,
            "book_valuer_per_share_4q_avg": 28.83,
            "equity": 1270026,
            "current_ratio": 196.76,
            "debt_ratio": 33.54,
            "inventory_turnover_ratio": 1.28,
            "account_receivable_turnover_ratio": 3.24,
            "reinvestment_rate": 44.62,
            "research_to_sale_ratio": 5.98,
            "price_fair": 223.69,
            "eps_avg_yearly": 6.39,
            "eps_latest_yearly": 1.88,
            "eps_growth_yearly": 194.97
        },
        "20163": {
            "year_quarter": 20163,
            "year": 2016,
            "quarter": 3,
            "eps": 2.43,
            "eps_growth_year": -10,
            "eps_4q": 6.27,
            "eps_4q_growth_year": 22.06,
            "roe": 9.54,
            "roe_4q": 24.909999999999997,
            "gross_profit": 246047,
            "gross_margin": 25.15,
            "gross_margin_4q_avg": 25.91,
            "net_income": 125509,
            "revenue": 978353,
            "common_shares": 517276,
            "book_valuer_per_share": 26.33,
            "book_valuer_per_share_4q_avg": 28.78,
            "equity": 1361916,
            "current_ratio": 175.03,
            "debt_ratio": 40.79,
            "inventory_turnover_ratio": 2.56,
            "account_receivable_turnover_ratio": 5.36,
            "reinvestment_rate": 42.48,
            "research_to_sale_ratio": 3.09,
            "price_fair": 236.44,
            "eps_avg_yearly": 6.76,
            "eps_latest_yearly": 9.72,
            "eps_growth_yearly": 226
        },
        "20164": {
            "year_quarter": 20164,
            "year": 2016,
            "quarter": 4,
            "eps": 0.89,
            "eps_growth_year": -67.56,
            "eps_4q": 4.79,
            "eps_4q_growth_year": -30.15,
            "roe": 3.35,
            "roe_4q": 18.39,
            "gross_profit": 125035,
            "gross_margin": 23.97,
            "gross_margin_4q_avg": 24.62,
            "net_income": 46005,
            "revenue": 521532,
            "common_shares": 517276,
            "book_valuer_per_share": 26.91,
            "book_valuer_per_share_4q_avg": 28.18,
            "equity": 1383416,
            "current_ratio": 222.42,
            "debt_ratio": 30.5,
            "inventory_turnover_ratio": 1.82,
            "account_receivable_turnover_ratio": 2.77,
            "reinvestment_rate": 42.55,
            "research_to_sale_ratio": 5.05,
            "price_fair": 222.6,
            "eps_avg_yearly": 6.36,
            "eps_latest_yearly": 3.56,
            "eps_growth_yearly": 193.14
        },
        "20171": {
            "year_quarter": 20171,
            "year": 2017,
            "quarter": 1,
            "eps": 0.42,
            "eps_growth_year": -64.71,
            "eps_4q": 4.17,
            "eps_4q_growth_year": -48.54,
            "roe": 1.54,
            "roe_4q": 16.009999999999998,
            "gross_profit": 117632,
            "gross_margin": 23.91,
            "gross_margin_4q_avg": 24.02,
            "net_income": 21607,
            "revenue": 491968,
            "common_shares": 517276,
            "book_valuer_per_share": 27.57,
            "book_valuer_per_share_4q_avg": 27.26,
            "equity": 1416199,
            "current_ratio": 257.65,
            "debt_ratio": 25.72,
            "inventory_turnover_ratio": 2.03,
            "account_receivable_turnover_ratio": 3.2,
            "reinvestment_rate": 40.86,
            "research_to_sale_ratio": 5.67,
            "price_fair": 206.22,
            "eps_avg_yearly": 5.89,
            "eps_latest_yearly": 1.68,
            "eps_growth_yearly": 152.7
        },
        "20172": {
            "year_quarter": 20172,
            "year": 2017,
            "quarter": 2,
            "eps": 0.3,
            "eps_growth_year": -36.17,
            "eps_4q": 3.38,
            "eps_4q_growth_year": -45.31,
            "roe": 1.13,
            "roe_4q": 15.559999999999999,
            "gross_profit": 103625,
            "gross_margin": 23.77,
            "gross_margin_4q_avg": 24.2,
            "net_income": 15455,
            "revenue": 435951,
            "common_shares": 517276,
            "book_valuer_per_share": 25.85,
            "book_valuer_per_share_4q_avg": 26.67,
            "equity": 1327818,
            "current_ratio": 207.51,
            "debt_ratio": 31.34,
            "inventory_turnover_ratio": 1.28,
            "account_receivable_turnover_ratio": 2.94,
            "reinvestment_rate": 45.25,
            "research_to_sale_ratio": 6.69,
            "price_fair": 191.29,
            "eps_avg_yearly": 5.47,
            "eps_latest_yearly": 1.2,
            "eps_growth_yearly": 128.43
        },
        "20173": {
            "year_quarter": 20173,
            "year": 2017,
            "quarter": 3,
            "eps": 0.68,
            "eps_growth_year": -72.02,
            "eps_4q": 2.03,
            "eps_4q_growth_year": -67.57,
            "roe": 3.11,
            "roe_4q": 9.13,
            "gross_profit": 181658,
            "gross_margin": 26.35,
            "gross_margin_4q_avg": 24.5,
            "net_income": 42210,
            "revenue": 689516,
            "common_shares": 620025,
            "book_valuer_per_share": 22.43,
            "book_valuer_per_share_4q_avg": 25.69,
            "equity": 1382754,
            "current_ratio": 217.3,
            "debt_ratio": 30.31,
            "inventory_turnover_ratio": 1.56,
            "account_receivable_turnover_ratio": 3.64,
            "reinvestment_rate": 48.67,
            "research_to_sale_ratio": 4.64,
            "price_fair": 175.76,
            "eps_avg_yearly": 5.02,
            "eps_latest_yearly": 2.72,
            "eps_growth_yearly": 129.57
        },
        "20174": {
            "year_quarter": 20174,
            "year": 2017,
            "quarter": 4,
            "eps": 1.12,
            "eps_growth_year": 25.38,
            "eps_4q": 2.43,
            "eps_4q_growth_year": -49.31,
            "roe": 4.86,
            "roe_4q": 10.64,
            "gross_profit": 189551,
            "gross_margin": 23.32,
            "gross_margin_4q_avg": 24.34,
            "net_income": 68204,
            "revenue": 812985,
            "common_shares": 620025,
            "book_valuer_per_share": 23.39,
            "book_valuer_per_share_4q_avg": 24.81,
            "equity": 1421985,
            "current_ratio": 205.74,
            "debt_ratio": 31.91,
            "inventory_turnover_ratio": 2.67,
            "account_receivable_turnover_ratio": 4.4,
            "reinvestment_rate": 57.39,
            "research_to_sale_ratio": 4.42,
            "price_fair": 178.18,
            "eps_avg_yearly": 5.09,
            "eps_latest_yearly": 4.48,
            "eps_growth_yearly": 171.66
        },
        "20181": {
            "year_quarter": 20181,
            "year": 2018,
            "quarter": 1,
            "eps": -0.19,
            "eps_growth_year": -145.24,
            "eps_4q": 1.89,
            "eps_4q_growth_year": -54.79,
            "roe": -0.79,
            "roe_4q": 8.309999999999999,
            "gross_profit": 62450,
            "gross_margin": 17.56,
            "gross_margin_4q_avg": 22.75,
            "net_income": -11248,
            "revenue": 355607,
            "common_shares": 620025,
            "book_valuer_per_share": 23.25,
            "book_valuer_per_share_4q_avg": 23.73,
            "equity": 1413448,
            "current_ratio": 248.78,
            "debt_ratio": 25.02,
            "inventory_turnover_ratio": 1.57,
            "account_receivable_turnover_ratio": 2.54,
            "reinvestment_rate": 57.25,
            "research_to_sale_ratio": 6.98,
            "price_fair": 178.18,
            "eps_avg_yearly": 5.09,
            "eps_latest_yearly": 4.48,
            "eps_growth_yearly": 171.66
        },
        "20182": {
            "year_quarter": 20182,
            "year": 2018,
            "quarter": 2,
            "eps": 0.31,
            "eps_growth_year": 3.33,
            "eps_4q": 1.97,
            "eps_4q_growth_year": -41.82,
            "roe": 1.37,
            "roe_4q": 8.55,
            "gross_profit": 134789,
            "gross_margin": 21.79,
            "gross_margin_4q_avg": 22.26,
            "net_income": 18968,
            "revenue": 618643,
            "common_shares": 620025,
            "book_valuer_per_share": 22.47,
            "book_valuer_per_share_4q_avg": 22.89,
            "equity": 1348409,
            "current_ratio": 164.39,
            "debt_ratio": 40.52,
            "inventory_turnover_ratio": 1.59,
            "account_receivable_turnover_ratio": 2.99,
            "reinvestment_rate": 59.59,
            "research_to_sale_ratio": 4.77,
            "price_fair": 178.18,
            "eps_avg_yearly": 5.09,
            "eps_latest_yearly": 4.48,
            "eps_growth_yearly": 171.66
        },
        "20183": {
            "year_quarter": 20183,
            "year": 2018,
            "quarter": 3,
            "eps": 2.5,
            "eps_growth_year": 267.65,
            "eps_4q": 3.82,
            "eps_4q_growth_year": 87.84,
            "roe": 10.68,
            "roe_4q": 16.12,
            "gross_profit": 311547,
            "gross_margin": 27.82,
            "gross_margin_4q_avg": 22.62,
            "net_income": 150119,
            "revenue": 1119675,
            "common_shares": 620025,
            "book_valuer_per_share": 24.69,
            "book_valuer_per_share_4q_avg": 23.45,
            "equity": 1462068,
            "current_ratio": 166.26,
            "debt_ratio": 42.53,
            "inventory_turnover_ratio": 2.52,
            "account_receivable_turnover_ratio": 3.45,
            "reinvestment_rate": 51.6,
            "research_to_sale_ratio": 2.91,
            "price_fair": 192.5,
            "eps_avg_yearly": 5.5,
            "eps_latest_yearly": 10,
            "eps_growth_yearly": 392.84
        },
        "20184": {
            "year_quarter": 20184,
            "year": 2018,
            "quarter": 4,
            "eps": 0.97,
            "eps_growth_year": -13.26,
            "eps_4q": 3.65,
            "eps_4q_growth_year": 50.32,
            "roe": 3.87,
            "roe_4q": 15.130000000000003,
            "gross_profit": 129331,
            "gross_margin": 25.59,
            "gross_margin_4q_avg": 23.19,
            "net_income": 57456,
            "revenue": 505425,
            "common_shares": 620025,
            "book_valuer_per_share": 25.59,
            "book_valuer_per_share_4q_avg": 24,
            "equity": 1511000,
            "current_ratio": 215.37,
            "debt_ratio": 31.45,
            "inventory_turnover_ratio": 1.56,
            "account_receivable_turnover_ratio": 1.91,
            "reinvestment_rate": 49.65,
            "research_to_sale_ratio": 5.66,
            "price_fair": 191.68,
            "eps_avg_yearly": 5.48,
            "eps_latest_yearly": 3.88,
            "eps_growth_yearly": 359.55
        },
        "20191": {
            "year_quarter": 20191,
            "year": 2019,
            "quarter": 1,
            "eps": 0.88,
            "eps_growth_year": null,
            "eps_4q": 4.72,
            "eps_4q_growth_year": 150.42,
            "roe": 3.38,
            "roe_4q": 19.3,
            "gross_profit": 139920,
            "gross_margin": 24.61,
            "gross_margin_4q_avg": 24.95,
            "net_income": 52227,
            "revenue": 568602,
            "common_shares": 620025,
            "book_valuer_per_share": 26.75,
            "book_valuer_per_share_4q_avg": 24.88,
            "equity": 1579656,
            "current_ratio": 229.87,
            "debt_ratio": 29.75,
            "inventory_turnover_ratio": 1.67,
            "account_receivable_turnover_ratio": 4.93,
            "reinvestment_rate": 47.38,
            "research_to_sale_ratio": 5.21,
            "price_fair": 186.42,
            "eps_avg_yearly": 5.33,
            "eps_latest_yearly": 3.52,
            "eps_growth_yearly": 329.04
        },
        "20192": {
            "year_quarter": 20192,
            "year": 2019,
            "quarter": 2,
            "eps": 0.53,
            "eps_growth_year": 70.97,
            "eps_4q": 4.11,
            "eps_4q_growth_year": 108.88,
            "roe": 2,
            "roe_4q": 19.93,
            "gross_profit": 134236,
            "gross_margin": 21.67,
            "gross_margin_4q_avg": 24.92,
            "net_income": 31518,
            "revenue": 619465,
            "common_shares": 620025,
            "book_valuer_per_share": 26.57,
            "book_valuer_per_share_4q_avg": 25.9,
            "equity": 1568791,
            "current_ratio": 198,
            "debt_ratio": 32.95,
            "inventory_turnover_ratio": 1.55,
            "account_receivable_turnover_ratio": 5.4,
            "reinvestment_rate": 48.92,
            "research_to_sale_ratio": 4.69,
            "price_fair": 178.4,
            "eps_avg_yearly": 5.1,
            "eps_latest_yearly": 2.12,
            "eps_growth_yearly": 294.17
        },
        "20193": {
            "year_quarter": 20193,
            "year": 2019,
            "quarter": 3,
            "eps": 0.56,
            "eps_growth_year": -77.6,
            "eps_4q": 2.55,
            "eps_4q_growth_year": -33.13,
            "roe": 2.5,
            "roe_4q": 11.75,
            "gross_profit": 149242,
            "gross_margin": 25.45,
            "gross_margin_4q_avg": 24.33,
            "net_income": 39647,
            "revenue": 586479,
            "common_shares": 738118,
            "book_valuer_per_share": 22.69,
            "book_valuer_per_share_4q_avg": 25.4,
            "equity": 1607880,
            "current_ratio": 194.22,
            "debt_ratio": 30.52,
            "inventory_turnover_ratio": 1.27,
            "account_receivable_turnover_ratio": 4.24,
            "reinvestment_rate": 27.4,
            "research_to_sale_ratio": 4.96,
            "price_fair": 157,
            "eps_avg_yearly": 4.49,
            "eps_latest_yearly": 2.24,
            "eps_growth_yearly": 271.52
        },
        "20194": {
            "year_quarter": 20194,
            "year": 2019,
            "quarter": 4,
            "eps": 0.24,
            "eps_growth_year": -75.04,
            "eps_4q": 1.98,
            "eps_4q_growth_year": -45.58,
            "roe": 1.07,
            "roe_4q": 8.95,
            "gross_profit": 107708,
            "gross_margin": 17.24,
            "gross_margin_4q_avg": 22.24,
            "net_income": 17210,
            "revenue": 624657,
            "common_shares": 738118,
            "book_valuer_per_share": 22.83,
            "book_valuer_per_share_4q_avg": 24.71,
            "equity": 1617674,
            "current_ratio": 266.23,
            "debt_ratio": 20.77,
            "inventory_turnover_ratio": 1.62,
            "account_receivable_turnover_ratio": 6.19,
            "reinvestment_rate": 31.8,
            "research_to_sale_ratio": 6.66,
            "price_fair": 131.8,
            "eps_avg_yearly": 3.77,
            "eps_latest_yearly": 0.96,
            "eps_growth_yearly": 254.56
        },
        "20201": {
            "year_quarter": 20201,
            "year": 2020,
            "quarter": 1,
            "eps": 0.17,
            "eps_growth_year": -80.68,
            "eps_4q": 1.42,
            "eps_4q_growth_year": -69.9,
            "roe": 0.76,
            "roe_4q": 6.33,
            "gross_profit": 109923,
            "gross_margin": 20.66,
            "gross_margin_4q_avg": 21.26,
            "net_income": 12326,
            "revenue": 532114,
            "common_shares": 734588,
            "book_valuer_per_share": 22.98,
            "book_valuer_per_share_4q_avg": 23.77,
            "equity": 1628417,
            "current_ratio": 204.91,
            "debt_ratio": 28.03,
            "inventory_turnover_ratio": 1.23,
            "account_receivable_turnover_ratio": 6.82,
            "reinvestment_rate": 36.2,
            "research_to_sale_ratio": 5.79,
            "price_fair": 121.6,
            "eps_avg_yearly": 3.47,
            "eps_latest_yearly": 0.68,
            "eps_growth_yearly": 262.48
        },
        "20202": {
            "year_quarter": 20202,
            "year": 2020,
            "quarter": 2,
            "eps": 0.47,
            "eps_growth_year": -11.32,
            "eps_4q": 1.37,
            "eps_4q_growth_year": -66.57,
            "roe": 2.05,
            "roe_4q": 6.38,
            "gross_profit": 146754,
            "gross_margin": 23.89,
            "gross_margin_4q_avg": 21.81,
            "net_income": 33252,
            "revenue": 614175,
            "common_shares": 734588,
            "book_valuer_per_share": 22.89,
            "book_valuer_per_share_4q_avg": 22.85,
            "equity": 1621592,
            "current_ratio": 195.18,
            "debt_ratio": 28.12,
            "inventory_turnover_ratio": 0.99,
            "account_receivable_turnover_ratio": 8.66,
            "reinvestment_rate": 38.46,
            "research_to_sale_ratio": 5.79,
            "price_fair": 121.6,
            "eps_avg_yearly": 3.47,
            "eps_latest_yearly": 1.88,
            "eps_growth_yearly": 330.19
        },
        "20203": {
            "year_quarter": 20203,
            "year": 2020,
            "quarter": 3,
            "eps": 1.71,
            "eps_growth_year": 205.36,
            "eps_4q": 2.56,
            "eps_4q_growth_year": 0.14,
            "roe": 7.58,
            "roe_4q": 11.459999999999999,
            "gross_profit": 289381,
            "gross_margin": 25.92,
            "gross_margin_4q_avg": 21.93,
            "net_income": 127692,
            "revenue": 1116305,
            "common_shares": 771317,
            "book_valuer_per_share": 23.46,
            "book_valuer_per_share_4q_avg": 23.04,
            "equity": 1748700,
            "current_ratio": 175.01,
            "debt_ratio": 34.45,
            "inventory_turnover_ratio": 1.69,
            "account_receivable_turnover_ratio": 6.83,
            "reinvestment_rate": 67.03,
            "research_to_sale_ratio": 3.16,
            "price_fair": 114.4,
            "eps_avg_yearly": 3.27,
            "eps_latest_yearly": 6.84,
            "eps_growth_yearly": 286.42
        },
        "20204": {
            "year_quarter": 20204,
            "year": 2020,
            "quarter": 4,
            "eps": 0.86,
            "eps_growth_year": 254.83,
            "eps_4q": 3.19,
            "eps_4q_growth_year": 60.59,
            "roe": 3.61,
            "roe_4q": 13.999999999999998,
            "gross_profit": 229854,
            "gross_margin": 23.87,
            "gross_margin_4q_avg": 23.59,
            "net_income": 64231,
            "revenue": 963020,
            "common_shares": 762797,
            "book_valuer_per_share": 24.26,
            "book_valuer_per_share_4q_avg": 23.4,
            "equity": 1808382,
            "current_ratio": 191.77,
            "debt_ratio": 30.88,
            "inventory_turnover_ratio": 1.8,
            "account_receivable_turnover_ratio": 4.02,
            "reinvestment_rate": 68.97,
            "research_to_sale_ratio": 4.84,
            "price_fair": 114.1,
            "eps_avg_yearly": 3.26,
            "eps_latest_yearly": 3.44,
            "eps_growth_yearly": 290.32
        },
        "20211": {
            "year_quarter": 20211,
            "year": 2021,
            "quarter": 1,
            "eps": 1.08,
            "eps_growth_year": 535.29,
            "eps_4q": 4.12,
            "eps_4q_growth_year": 189.88,
            "roe": 4.36,
            "roe_4q": 17.6,
            "gross_profit": 210997,
            "gross_margin": 27.83,
            "gross_margin_4q_avg": 25.38,
            "net_income": 80250,
            "revenue": 758285,
            "common_shares": 762797,
            "book_valuer_per_share": 25.27,
            "book_valuer_per_share_4q_avg": 23.97,
            "equity": 1873464,
            "current_ratio": 198.44,
            "debt_ratio": 30.41,
            "inventory_turnover_ratio": 1.33,
            "account_receivable_turnover_ratio": 4.15,
            "reinvestment_rate": 63.75,
            "research_to_sale_ratio": 4.66,
            "price_fair": 120.7,
            "eps_avg_yearly": 3.45,
            "eps_latest_yearly": 4.32,
            "eps_growth_yearly": 312.72
        },
        "20212": {
            "year_quarter": 20212,
            "year": 2021,
            "quarter": 2,
            "eps": 1.03,
            "eps_growth_year": 119.15,
            "eps_4q": 4.76,
            "eps_4q_growth_year": 246.56,
            "roe": 4,
            "roe_4q": 19.549999999999997,
            "gross_profit": 206786,
            "gross_margin": 26.31,
            "gross_margin_4q_avg": 25.98,
            "net_income": 75678,
            "revenue": 785877,
            "common_shares": 754997,
            "book_valuer_per_share": 26.19,
            "book_valuer_per_share_4q_avg": 24.8,
            "equity": 1912268,
            "current_ratio": 206.08,
            "debt_ratio": 28.6,
            "inventory_turnover_ratio": 1.21,
            "account_receivable_turnover_ratio": 3.99,
            "reinvestment_rate": 58.92,
            "research_to_sale_ratio": 4.71,
            "price_fair": 128,
            "eps_avg_yearly": 3.66,
            "eps_latest_yearly": 4.12,
            "eps_growth_yearly": 319.56
        },
        "20213": {
            "year_quarter": 20213,
            "year": 2021,
            "quarter": 3,
            "eps": 1.69,
            "eps_growth_year": -1.17,
            "eps_4q": 4.7,
            "eps_4q_growth_year": 84.06,
            "roe": 6.49,
            "roe_4q": 18.46,
            "gross_profit": 276508,
            "gross_margin": 25.7,
            "gross_margin_4q_avg": 25.93,
            "net_income": 123391,
            "revenue": 1076087,
            "common_shares": 754997,
            "book_valuer_per_share": 25.85,
            "book_valuer_per_share_4q_avg": 25.39,
            "equity": 1888112,
            "current_ratio": 169.98,
            "debt_ratio": 36.74,
            "inventory_turnover_ratio": 1.65,
            "account_receivable_turnover_ratio": 4.05,
            "reinvestment_rate": 52.68,
            "research_to_sale_ratio": 3.46,
            "price_fair": 138.1,
            "eps_avg_yearly": 3.95,
            "eps_latest_yearly": 6.76,
            "eps_growth_yearly": 301.68
        },
        "20214": {
            "year_quarter": 20214,
            "year": 2021,
            "quarter": 4,
            "eps": 0.97,
            "eps_growth_year": 12.61,
            "eps_4q": 4.8,
            "eps_4q_growth_year": 50.48,
            "roe": 3.68,
            "roe_4q": 18.53,
            "gross_profit": 221206,
            "gross_margin": 22.33,
            "gross_margin_4q_avg": 25.54,
            "net_income": 70877,
            "revenue": 990748,
            "common_shares": 745287,
            "book_valuer_per_share": 26.82,
            "book_valuer_per_share_4q_avg": 26.03,
            "equity": 1958715,
            "current_ratio": 170.37,
            "debt_ratio": 36.53,
            "inventory_turnover_ratio": 1.66,
            "account_receivable_turnover_ratio": 3.82,
            "reinvestment_rate": 46.31,
            "research_to_sale_ratio": 3.62,
            "price_fair": 136.6,
            "eps_avg_yearly": 3.9,
            "eps_latest_yearly": 3.88,
            "eps_growth_yearly": 271.02
        },
        "20221": {
            "year_quarter": 20221,
            "year": 2022,
            "quarter": 1,
            "eps": 1.02,
            "eps_growth_year": -5.56,
            "eps_4q": 4.71,
            "eps_4q_growth_year": 14.42,
            "roe": 3.72,
            "roe_4q": 17.89,
            "gross_profit": 201814,
            "gross_margin": 22.58,
            "gross_margin_4q_avg": 24.23,
            "net_income": 74307,
            "revenue": 893942,
            "common_shares": 745287,
            "book_valuer_per_share": 27.93,
            "book_valuer_per_share_4q_avg": 26.7,
            "equity": 2039462,
            "current_ratio": 178.11,
            "debt_ratio": 31.58,
            "inventory_turnover_ratio": 1.51,
            "account_receivable_turnover_ratio": 4.2,
            "reinvestment_rate": 49.18,
            "research_to_sale_ratio": 3.59,
            "price_fair": 137.01,
            "eps_avg_yearly": 3.91,
            "eps_latest_yearly": 4.08,
            "eps_growth_yearly": 254.33
        },
        "20222": {
            "year_quarter": 20222,
            "year": 2022,
            "quarter": 2,
            "eps": 0.92,
            "eps_growth_year": -10.68,
            "eps_4q": 4.6,
            "eps_4q_growth_year": -3.44,
            "roe": 3.43,
            "roe_4q": 17.32,
            "gross_profit": 186809,
            "gross_margin": 22.08,
            "gross_margin_4q_avg": 23.17,
            "net_income": 67307,
            "revenue": 845994,
            "common_shares": 745287,
            "book_valuer_per_share": 25.75,
            "book_valuer_per_share_4q_avg": 26.59,
            "equity": 1880330,
            "current_ratio": 146.79,
            "debt_ratio": 38.07,
            "inventory_turnover_ratio": 1.28,
            "account_receivable_turnover_ratio": 3.81,
            "reinvestment_rate": 45.65,
            "research_to_sale_ratio": 3.7,
            "price_fair": 136.5,
            "eps_avg_yearly": 3.9,
            "eps_latest_yearly": 3.68,
            "eps_growth_yearly": 235.98
        },
        "20223": {
            "year_quarter": 20223,
            "year": 2022,
            "quarter": 3,
            "eps": 1.23,
            "eps_growth_year": -27.22,
            "eps_4q": 4.14,
            "eps_4q_growth_year": -11.94,
            "roe": 4.69,
            "roe_4q": 15.520000000000001,
            "gross_profit": 205985,
            "gross_margin": 22.77,
            "gross_margin_4q_avg": 22.44,
            "net_income": 90049,
            "revenue": 904651,
            "common_shares": 745287,
            "book_valuer_per_share": 26.84,
            "book_valuer_per_share_4q_avg": 26.84,
            "equity": 1960372,
            "current_ratio": 153.63,
            "debt_ratio": 36.83,
            "inventory_turnover_ratio": 1.18,
            "account_receivable_turnover_ratio": 3.61,
            "reinvestment_rate": 52.75,
            "research_to_sale_ratio": 3.53,
            "price_fair": 125.39,
            "eps_avg_yearly": 3.58,
            "eps_latest_yearly": 4.92,
            "eps_growth_yearly": 67.79
        },
        "20224": {
            "year_quarter": 20224,
            "year": 2022,
            "quarter": 4,
            "eps": 0.59,
            "eps_growth_year": -39.05,
            "eps_4q": 3.76,
            "eps_4q_growth_year": -21.51,
            "roe": 2.17,
            "roe_4q": 14.010000000000002,
            "gross_profit": 169375,
            "gross_margin": 23.04,
            "gross_margin_4q_avg": 22.62,
            "net_income": 43200,
            "revenue": 735220,
            "common_shares": 745287,
            "book_valuer_per_share": 27.62,
            "book_valuer_per_share_4q_avg": 27.04,
            "equity": 2017340,
            "current_ratio": 222.58,
            "debt_ratio": 35.05,
            "inventory_turnover_ratio": 1.01,
            "account_receivable_turnover_ratio": 3.44,
            "reinvestment_rate": 56.22,
            "research_to_sale_ratio": 4.49,
            "price_fair": 122.06,
            "eps_avg_yearly": 3.49,
            "eps_latest_yearly": 2.36,
            "eps_growth_yearly": 70.08
        },
        "20231": {
            "year_quarter": 20231,
            "year": 2023,
            "quarter": 1,
            "eps": -0.68,
            "eps_growth_year": -166.67,
            "eps_4q": 2.07,
            "eps_4q_growth_year": -56.13,
            "roe": -2.56,
            "roe_4q": 7.73,
            "gross_profit": 49512,
            "gross_margin": 14.58,
            "gross_margin_4q_avg": 20.62,
            "net_income": -49525,
            "revenue": 339511,
            "common_shares": 745287,
            "book_valuer_per_share": 25.33,
            "book_valuer_per_share_4q_avg": 26.39,
            "equity": 1850034,
            "current_ratio": 237.14,
            "debt_ratio": 32.83,
            "inventory_turnover_ratio": 0.53,
            "account_receivable_turnover_ratio": 3.17,
            "reinvestment_rate": 59.63,
            "research_to_sale_ratio": 11.04,
            "price_fair": 121.99,
            "eps_avg_yearly": 3.49,
            "eps_latest_yearly": 2.36,
            "eps_growth_yearly": 77.23
        }
    },
    "months": {
        "2011-10": {
            "month": "2011-10",
            "price": "39.49",
            "revenue": 199585
        },
        "2011-11": {
            "month": "2011-11",
            "price": "39.78",
            "revenue": 135320
        },
        "2011-12": {
            "month": "2011-12",
            "price": "40.56",
            "revenue": 120455
        },
        "2012-01": {
            "month": "2012-01",
            "price": "42.95",
            "revenue": 122469
        },
        "2012-02": {
            "month": "2012-02",
            "price": "45.90",
            "revenue": 99847
        },
        "2012-03": {
            "month": "2012-03",
            "price": "56.06",
            "revenue": 173257
        },
        "2012-04": {
            "month": "2012-04",
            "price": "64.40",
            "revenue": 121126
        },
        "2012-05": {
            "month": "2012-05",
            "price": "66.45",
            "revenue": 146654
        },
        "2012-06": {
            "month": "2012-06",
            "price": "63.98",
            "revenue": 111137
        },
        "2012-07": {
            "month": "2012-07",
            "price": "63.11",
            "revenue": 123354
        },
        "2012-08": {
            "month": "2012-08",
            "price": "59.07",
            "revenue": 219256
        },
        "2012-09": {
            "month": "2012-09",
            "price": "64.52",
            "revenue": 297796
        },
        "2012-10": {
            "month": "2012-10",
            "price": "64.45",
            "revenue": 241911
        },
        "2012-11": {
            "month": "2012-11",
            "price": "66.36",
            "revenue": 193455
        },
        "2012-12": {
            "month": "2012-12",
            "price": "59.70",
            "revenue": 182266
        },
        "2013-01": {
            "month": "2013-01",
            "price": "58.35",
            "revenue": 51431
        },
        "2013-02": {
            "month": "2013-02",
            "price": "53.28",
            "revenue": 72977
        },
        "2013-03": {
            "month": "2013-03",
            "price": "58.39",
            "revenue": 179976
        },
        "2013-04": {
            "month": "2013-04",
            "price": "57.30",
            "revenue": 196407
        },
        "2013-05": {
            "month": "2013-05",
            "price": "56.06",
            "revenue": 184403
        },
        "2013-06": {
            "month": "2013-06",
            "price": "55.74",
            "revenue": 134274
        },
        "2013-07": {
            "month": "2013-07",
            "price": "55.58",
            "revenue": 206860
        },
        "2013-08": {
            "month": "2013-08",
            "price": "49.34",
            "revenue": 239443
        },
        "2013-09": {
            "month": "2013-09",
            "price": "47.70",
            "revenue": 361474
        },
        "2013-10": {
            "month": "2013-10",
            "price": "53.27",
            "revenue": 241982
        },
        "2013-11": {
            "month": "2013-11",
            "price": "48.25",
            "revenue": 135698
        },
        "2013-12": {
            "month": "2013-12",
            "price": "45.98",
            "revenue": 130150
        },
        "2014-01": {
            "month": "2014-01",
            "price": "43.54",
            "revenue": 201599
        },
        "2014-02": {
            "month": "2014-02",
            "price": "44.65",
            "revenue": 118104
        },
        "2014-03": {
            "month": "2014-03",
            "price": "45.99",
            "revenue": 176162
        },
        "2014-04": {
            "month": "2014-04",
            "price": "45.75",
            "revenue": 154070
        },
        "2014-05": {
            "month": "2014-05",
            "price": "43.90",
            "revenue": 135154
        },
        "2014-06": {
            "month": "2014-06",
            "price": "43.46",
            "revenue": 141548
        },
        "2014-07": {
            "month": "2014-07",
            "price": "43.62",
            "revenue": 207773
        },
        "2014-08": {
            "month": "2014-08",
            "price": "40.31",
            "revenue": 232748
        },
        "2014-09": {
            "month": "2014-09",
            "price": "42.74",
            "revenue": 319173
        },
        "2014-10": {
            "month": "2014-10",
            "price": "37.05",
            "revenue": 385425
        },
        "2014-11": {
            "month": "2014-11",
            "price": "37.26",
            "revenue": 233527
        },
        "2014-12": {
            "month": "2014-12",
            "price": "37.85",
            "revenue": 107377
        },
        "2015-01": {
            "month": "2015-01",
            "price": "37.53",
            "revenue": 152007
        },
        "2015-02": {
            "month": "2015-02",
            "price": "30.63",
            "revenue": 79335
        },
        "2015-03": {
            "month": "2015-03",
            "price": "31.89",
            "revenue": 161368
        },
        "2015-04": {
            "month": "2015-04",
            "price": "34.62",
            "revenue": 258183
        },
        "2015-05": {
            "month": "2015-05",
            "price": "33.00",
            "revenue": 249172
        },
        "2015-06": {
            "month": "2015-06",
            "price": "31.82",
            "revenue": 199792
        },
        "2015-07": {
            "month": "2015-07",
            "price": "31.02",
            "revenue": 338905
        },
        "2015-08": {
            "month": "2015-08",
            "price": "37.76",
            "revenue": 264999
        },
        "2015-09": {
            "month": "2015-09",
            "price": "48.14",
            "revenue": 385803
        },
        "2015-10": {
            "month": "2015-10",
            "price": "55.56",
            "revenue": 417918
        },
        "2015-11": {
            "month": "2015-11",
            "price": "62.68",
            "revenue": 134428
        },
        "2015-12": {
            "month": "2015-12",
            "price": "51.89",
            "revenue": 122701
        },
        "2016-01": {
            "month": "2016-01",
            "price": "42.23",
            "revenue": 205661
        },
        "2016-02": {
            "month": "2016-02",
            "price": "46.01",
            "revenue": 154273
        },
        "2016-03": {
            "month": "2016-03",
            "price": "57.41",
            "revenue": 202229
        },
        "2016-04": {
            "month": "2016-04",
            "price": "66.56",
            "revenue": 178656
        },
        "2016-05": {
            "month": "2016-05",
            "price": "58.98",
            "revenue": 127965
        },
        "2016-06": {
            "month": "2016-06",
            "price": "56.84",
            "revenue": 141223
        },
        "2016-07": {
            "month": "2016-07",
            "price": "58.58",
            "revenue": 279446
        },
        "2016-08": {
            "month": "2016-08",
            "price": "60.44",
            "revenue": 298990
        },
        "2016-09": {
            "month": "2016-09",
            "price": "54.11",
            "revenue": 399915
        },
        "2016-10": {
            "month": "2016-10",
            "price": "50.82",
            "revenue": 258257
        },
        "2016-11": {
            "month": "2016-11",
            "price": "49.17",
            "revenue": 131250
        },
        "2016-12": {
            "month": "2016-12",
            "price": "49.33",
            "revenue": 132026
        },
        "2017-01": {
            "month": "2017-01",
            "price": "48.84",
            "revenue": 167300
        },
        "2017-02": {
            "month": "2017-02",
            "price": "50.07",
            "revenue": 119381
        },
        "2017-03": {
            "month": "2017-03",
            "price": "52.45",
            "revenue": 205287
        },
        "2017-04": {
            "month": "2017-04",
            "price": "52.59",
            "revenue": 127140
        },
        "2017-05": {
            "month": "2017-05",
            "price": "51.12",
            "revenue": 162163
        },
        "2017-06": {
            "month": "2017-06",
            "price": "51.30",
            "revenue": 146648
        },
        "2017-07": {
            "month": "2017-07",
            "price": "51.25",
            "revenue": 140144
        },
        "2017-08": {
            "month": "2017-08",
            "price": "50.49",
            "revenue": 218052
        },
        "2017-09": {
            "month": "2017-09",
            "price": "43.43",
            "revenue": 331320
        },
        "2017-10": {
            "month": "2017-10",
            "price": "40.16",
            "revenue": 376768
        },
        "2017-11": {
            "month": "2017-11",
            "price": "43.14",
            "revenue": 314254
        },
        "2017-12": {
            "month": "2017-12",
            "price": "42.46",
            "revenue": 121963
        },
        "2018-01": {
            "month": "2018-01",
            "price": "41.93",
            "revenue": 126681
        },
        "2018-02": {
            "month": "2018-02",
            "price": "40.48",
            "revenue": 97624
        },
        "2018-03": {
            "month": "2018-03",
            "price": "39.69",
            "revenue": 131302
        },
        "2018-04": {
            "month": "2018-04",
            "price": "38.74",
            "revenue": 187291
        },
        "2018-05": {
            "month": "2018-05",
            "price": "38.17",
            "revenue": 243126
        },
        "2018-06": {
            "month": "2018-06",
            "price": "36.98",
            "revenue": 188226
        },
        "2018-07": {
            "month": "2018-07",
            "price": "35.66",
            "revenue": 347272
        },
        "2018-08": {
            "month": "2018-08",
            "price": "34.53",
            "revenue": 352589
        },
        "2018-09": {
            "month": "2018-09",
            "price": "36.19",
            "revenue": 419813
        },
        "2018-10": {
            "month": "2018-10",
            "price": "36.65",
            "revenue": 243613
        },
        "2018-11": {
            "month": "2018-11",
            "price": "36.22",
            "revenue": 199238
        },
        "2018-12": {
            "month": "2018-12",
            "price": "36.23",
            "revenue": 62574
        },
        "2019-01": {
            "month": "2019-01",
            "price": "35.60",
            "revenue": 254581
        },
        "2019-02": {
            "month": "2019-02",
            "price": "37.89",
            "revenue": 125089
        },
        "2019-03": {
            "month": "2019-03",
            "price": "39.09",
            "revenue": 188934
        },
        "2019-04": {
            "month": "2019-04",
            "price": "42.07",
            "revenue": 277741
        },
        "2019-05": {
            "month": "2019-05",
            "price": "42.37",
            "revenue": 231478
        },
        "2019-06": {
            "month": "2019-06",
            "price": "42.16",
            "revenue": 110245
        },
        "2019-07": {
            "month": "2019-07",
            "price": "43.49",
            "revenue": 142214
        },
        "2019-08": {
            "month": "2019-08",
            "price": "42.97",
            "revenue": 238479
        },
        "2019-09": {
            "month": "2019-09",
            "price": "39.16",
            "revenue": 205731
        },
        "2019-10": {
            "month": "2019-10",
            "price": "40.08",
            "revenue": 310407
        },
        "2019-11": {
            "month": "2019-11",
            "price": "38.39",
            "revenue": 143446
        },
        "2019-12": {
            "month": "2019-12",
            "price": "37.70",
            "revenue": 170803
        },
        "2020-01": {
            "month": "2020-01",
            "price": "37.32",
            "revenue": 149693
        },
        "2020-02": {
            "month": "2020-02",
            "price": "36.80",
            "revenue": 177761
        },
        "2020-03": {
            "month": "2020-03",
            "price": "30.33",
            "revenue": 204659
        },
        "2020-04": {
            "month": "2020-04",
            "price": "28.95",
            "revenue": 260326
        },
        "2020-05": {
            "month": "2020-05",
            "price": "29.82",
            "revenue": 213669
        },
        "2020-06": {
            "month": "2020-06",
            "price": "30.86",
            "revenue": 140180
        },
        "2020-07": {
            "month": "2020-07",
            "price": "30.97",
            "revenue": 209895
        },
        "2020-08": {
            "month": "2020-08",
            "price": "31.66",
            "revenue": 368427
        },
        "2020-09": {
            "month": "2020-09",
            "price": "31.88",
            "revenue": 537982
        },
        "2020-10": {
            "month": "2020-10",
            "price": "32.67",
            "revenue": 289654
        },
        "2020-11": {
            "month": "2020-11",
            "price": "32.68",
            "revenue": 337206
        },
        "2020-12": {
            "month": "2020-12",
            "price": "34.75",
            "revenue": 336160
        },
        "2021-01": {
            "month": "2021-01",
            "price": "37.79",
            "revenue": 265211
        },
        "2021-02": {
            "month": "2021-02",
            "price": "36.84",
            "revenue": 189095
        },
        "2021-03": {
            "month": "2021-03",
            "price": "38.64",
            "revenue": 303986
        },
        "2021-04": {
            "month": "2021-04",
            "price": "44.52",
            "revenue": 227624
        },
        "2021-05": {
            "month": "2021-05",
            "price": "40.53",
            "revenue": 294811
        },
        "2021-06": {
            "month": "2021-06",
            "price": "41.80",
            "revenue": 263434
        },
        "2021-07": {
            "month": "2021-07",
            "price": "42.44",
            "revenue": 290680
        },
        "2021-08": {
            "month": "2021-08",
            "price": "40.89",
            "revenue": 349757
        },
        "2021-09": {
            "month": "2021-09",
            "price": "40.29",
            "revenue": 435651
        },
        "2021-10": {
            "month": "2021-10",
            "price": "38.19",
            "revenue": 284481
        },
        "2021-11": {
            "month": "2021-11",
            "price": "43.93",
            "revenue": 322249
        },
        "2021-12": {
            "month": "2021-12",
            "price": "44.98",
            "revenue": 384018
        },
        "2022-01": {
            "month": "2022-01",
            "price": "51.82",
            "revenue": 282526
        },
        "2022-02": {
            "month": "2022-02",
            "price": "54.11",
            "revenue": 195119
        },
        "2022-03": {
            "month": "2022-03",
            "price": "52.40",
            "revenue": 416297
        },
        "2022-04": {
            "month": "2022-04",
            "price": "55.94",
            "revenue": 259565
        },
        "2022-05": {
            "month": "2022-05",
            "price": "48.97",
            "revenue": 276384
        },
        "2022-06": {
            "month": "2022-06",
            "price": "46.55",
            "revenue": 310045
        },
        "2022-07": {
            "month": "2022-07",
            "price": "43.85",
            "revenue": 266309
        },
        "2022-08": {
            "month": "2022-08",
            "price": "45.95",
            "revenue": 330066
        },
        "2022-09": {
            "month": "2022-09",
            "price": "47.23",
            "revenue": 308276
        },
        "2022-10": {
            "month": "2022-10",
            "price": "40.12",
            "revenue": 269781
        },
        "2022-11": {
            "month": "2022-11",
            "price": "41.66",
            "revenue": 252210
        },
        "2022-12": {
            "month": "2022-12",
            "price": "40.37",
            "revenue": 213230
        },
        "2023-01": {
            "month": "2023-01",
            "price": "39.09",
            "revenue": 66840
        },
        "2023-02": {
            "month": "2023-02",
            "price": "39.54",
            "revenue": 166206
        },
        "2023-03": {
            "month": "2023-03",
            "price": "39.02",
            "revenue": 106465
        },
        "2023-04": {
            "month": "2023-04",
            "price": "38.52",
            "revenue": 181294
        }
    }
}
