{
    "summary": {
        "stock_name": "華電",
        "stock_id": "1603",
        "category": "電器電纜",
        "main_business": "鋁線、鋁電線電纜、交連聚乙烯電纜及其配件等製造及買賣等業務。<br>鋁門窗、鋁型材、帷幕牆之設計、製造、按裝及買賣等業務。<br>其他。",
        "website_url": "http://www.cwcowin.com.tw",
        "ceo": "陳鶴原",
        "pe_ratio": 13,
        "report_year_from": 2001,
        "report_year_to": 2023,
        "age": 23,
        "eps_negative_percentage": 9,
        "eps_growth_avg": {
            "last_all": 22.89,
            "last_2y": 15.84,
            "last_4y": 33.11,
            "last_8y": 24.21,
            "last_12y": 20.7,
            "last_16y": 26.31,
            "last_20y": 22.89,
            "at_2006_last_3y": 3.51,
            "at_2007_last_3y": 3.51,
            "at_2008_last_3y": 49.19,
            "at_2009_last_3y": 61.89,
            "at_2010_last_3y": 44.54,
            "at_2011_last_3y": 15.31,
            "at_2012_last_3y": 31.05,
            "at_2013_last_3y": -2.78,
            "at_2014_last_3y": 12.81,
            "at_2015_last_3y": 39.51,
            "at_2016_last_3y": 8,
            "at_2017_last_3y": 27.44,
            "at_2018_last_3y": 13.08,
            "at_2019_last_3y": 10.43,
            "at_2020_last_3y": 26.63,
            "at_2021_last_3y": 12.84,
            "at_2022_last_3y": 30.4,
            "at_2023_last_3y": 21.57,
            "at_2024_last_3y": 21.57,
            "at_2006_last_all": 3.51,
            "at_2007_last_all": 27.63,
            "at_2008_last_all": 29.51,
            "at_2009_last_all": 41.26,
            "at_2010_last_all": 26.96,
            "at_2011_last_all": 21.47,
            "at_2012_last_all": 30.2,
            "at_2013_last_all": 23.64,
            "at_2014_last_all": 21.81,
            "at_2015_last_all": 27.48,
            "at_2016_last_all": 23.37,
            "at_2017_last_all": 24.73,
            "at_2018_last_all": 19.48,
            "at_2019_last_all": 23.22,
            "at_2020_last_all": 24.13,
            "at_2021_last_all": 22.09,
            "at_2022_last_all": 21.78,
            "at_2023_last_all": 22.89,
            "at_2024_last_all": 22.89
        },
        "latest_eps": 2.99,
        "latest_price": 37.55,
        "latest_roe": 7.65,
        "latest_gross_margin": 15.83,
        "latest_equity": 6503850,
        "latest_revenue": 963789,
        "latest_gross_profit": 152564,
        "latest_net_income": 124707,
        "latest_debt_ratio": 36.64,
        "latest_current_ratio": 187.09,
        "latest_account_receivable_turnover_ratio": 0.61,
        "latest_inventory_turnover_ratio": 0.47,
        "latest_reinvestment_rate": 12.52,
        "latest_research_to_sale_ratio": null
    },
    "eps_dividends": {
        "1991": {
            "cash": 0.3,
            "stock": 1,
            "eps": 0
        },
        "1992": {
            "cash": 0.3,
            "stock": 2,
            "eps": 0
        },
        "1993": {
            "cash": 0.26,
            "stock": 0,
            "eps": 0
        },
        "1994": {
            "cash": 1.12,
            "stock": 3,
            "eps": 0
        },
        "1997": {
            "cash": 0,
            "stock": 1,
            "eps": 0
        },
        "2001": {
            "cash": 0,
            "stock": 0,
            "eps": -1.1
        },
        "2002": {
            "cash": 0,
            "stock": 0,
            "eps": 0.06
        },
        "2003": {
            "cash": 0,
            "stock": 0,
            "eps": 0.61
        },
        "2004": {
            "cash": 0,
            "stock": 0,
            "eps": -1.24
        },
        "2005": {
            "cash": 0,
            "stock": 0,
            "eps": 0.19
        },
        "2006": {
            "cash": 0,
            "stock": 0,
            "eps": 0.21
        },
        "2007": {
            "cash": 0,
            "stock": 0,
            "eps": 0.54
        },
        "2008": {
            "cash": 0,
            "stock": 0,
            "eps": 0.74
        },
        "2009": {
            "cash": 0,
            "stock": 0,
            "eps": 1.58
        },
        "2010": {
            "cash": 0,
            "stock": 0,
            "eps": 0.65
        },
        "2011": {
            "cash": 0,
            "stock": 0,
            "eps": 0.54
        },
        "2012": {
            "cash": 0,
            "stock": 0,
            "eps": 1.33
        },
        "2013": {
            "cash": 0,
            "stock": 0,
            "eps": 0.86
        },
        "2014": {
            "cash": 0,
            "stock": 0,
            "eps": 0.89
        },
        "2015": {
            "cash": 0,
            "stock": 0,
            "eps": 1.69
        },
        "2016": {
            "cash": 0.5,
            "stock": 0,
            "eps": 1.25
        },
        "2017": {
            "cash": 0.5,
            "stock": 0,
            "eps": 1.78
        },
        "2018": {
            "cash": 1,
            "stock": 0,
            "eps": 0.82
        },
        "2019": {
            "cash": 0.5,
            "stock": 0,
            "eps": 1.47
        },
        "2020": {
            "cash": 0.5,
            "stock": 0,
            "eps": 2.04
        },
        "2021": {
            "cash": 0.5,
            "stock": 0,
            "eps": 1.78
        },
        "2022": {
            "cash": 0.5,
            "stock": 0,
            "eps": 2.07
        },
        "2023": {
            "cash": 0.5,
            "stock": 0,
            "eps": 2.98
        },
        "2024": {
            "cash": 1.3,
            "stock": 0,
            "eps": 0
        }
    },
    "dividends": {
        "1991-05-23": {
            "cash": 0.3,
            "stock": 1
        },
        "1992-05-26": {
            "cash": 0.3,
            "stock": 2
        },
        "1993-05-26": {
            "cash": 0.26,
            "stock": 0
        },
        "1994-05-23": {
            "cash": 1.12,
            "stock": 3
        },
        "1997-04-26": {
            "cash": 0,
            "stock": 1
        },
        "2016-09-30": {
            "cash": 0.5,
            "stock": 0
        },
        "2017-09-28": {
            "cash": 0.5,
            "stock": 0
        },
        "2018-09-28": {
            "cash": 1,
            "stock": 0
        },
        "2019-11-20": {
            "cash": 0.5,
            "stock": 0
        },
        "2020-09-30": {
            "cash": 0.5,
            "stock": 0
        },
        "2021-09-30": {
            "cash": 0.5,
            "stock": 0
        },
        "2022-09-28": {
            "cash": 0.5,
            "stock": 0
        },
        "2023-09-20": {
            "cash": 0.5,
            "stock": 0
        },
        "2024-03-14": {
            "cash": 1.3,
            "stock": 0
        }
    },
    "prices": {
        "200101": "3.77",
        "200102": "6.10",
        "200103": "5.84",
        "200104": "4.68",
        "200105": "3.71",
        "200106": "3.34",
        "200107": "2.72",
        "200108": "2.77",
        "200109": "2.62",
        "200110": "2.38",
        "200111": "2.33",
        "200112": "3.32",
        "200201": "3.58",
        "200202": "3.74",
        "200203": "5.11",
        "200204": "6.55",
        "200205": "5.68",
        "200206": "5.24",
        "200207": "5.23",
        "200208": "4.83",
        "200209": "5.72",
        "200210": "4.99",
        "200211": "5.27",
        "200212": "5.30",
        "200301": "5.81",
        "200302": "5.83",
        "200303": "5.07",
        "200304": "4.61",
        "200305": "4.13",
        "200306": "4.54",
        "200307": "4.54",
        "200308": "4.31",
        "200309": "4.39",
        "200310": "5.09",
        "200311": "5.48",
        "200312": "5.67",
        "200401": "6.95",
        "200402": "8.48",
        "200403": "9.10",
        "200404": "8.85",
        "200405": "7.04",
        "200406": "6.65",
        "200407": "5.89",
        "200408": "5.44",
        "200409": "5.78",
        "200410": "6.19",
        "200411": "5.87",
        "200412": "5.97",
        "200501": "6.04",
        "200502": "5.59",
        "200503": "5.25",
        "200504": "4.42",
        "200505": "4.11",
        "200506": "4.39",
        "200507": "4.34",
        "200508": "3.98",
        "200509": "4.16",
        "200510": "4.11",
        "200511": "3.95",
        "200512": "4.04",
        "200601": "4.14",
        "200602": "4.40",
        "200603": "4.63",
        "200604": "4.98",
        "200605": "6.08",
        "200606": "5.18",
        "200607": "4.99",
        "200608": "4.76",
        "200609": "4.35",
        "200610": "4.81",
        "200611": "5.18",
        "200612": "7.04",
        "200701": "7.26",
        "200702": "6.93",
        "200703": "6.59",
        "200704": "7.16",
        "200705": "6.74",
        "200706": "7.06",
        "200707": "9.26",
        "200708": "8.76",
        "200709": "8.85",
        "200710": "8.61",
        "200711": "7.34",
        "200712": "6.48",
        "200801": "6.31",
        "200802": "6.99",
        "200803": "8.29",
        "200804": "10.51",
        "200805": "12.39",
        "200806": "11.43",
        "200807": "8.79",
        "200808": "7.31",
        "200809": "6.50",
        "200810": "5.65",
        "200811": "5.70",
        "200812": "5.49",
        "200901": "5.08",
        "200902": "5.02",
        "200903": "5.40",
        "200904": "6.24",
        "200905": "6.99",
        "200906": "6.90",
        "200907": "7.76",
        "200908": "8.51",
        "200909": "8.80",
        "200910": "9.08",
        "200911": "11.16",
        "200912": "12.51",
        "201001": "13.01",
        "201002": "10.99",
        "201003": "11.79",
        "201004": "12.50",
        "201005": "10.52",
        "201006": "10.17",
        "201007": "11.14",
        "201008": "11.72",
        "201009": "11.52",
        "201010": "11.90",
        "201011": "11.65",
        "201012": "12.11",
        "201101": "12.66",
        "201102": "12.11",
        "201103": "11.16",
        "201104": "11.52",
        "201105": "11.21",
        "201106": "10.53",
        "201107": "10.45",
        "201108": "9.44",
        "201109": "9.05",
        "201110": "9.13",
        "201111": "8.80",
        "201112": "7.76",
        "201201": "7.49",
        "201202": "8.65",
        "201203": "8.81",
        "201204": "8.18",
        "201205": "8.06",
        "201206": "7.67",
        "201207": "7.77",
        "201208": "9.35",
        "201209": "10.39",
        "201210": "10.20",
        "201211": "10.29",
        "201212": "10.70",
        "201301": "11.21",
        "201302": "11.11",
        "201303": "11.01",
        "201304": "11.09",
        "201305": "11.65",
        "201306": "12.81",
        "201307": "12.94",
        "201308": "12.91",
        "201309": "12.92",
        "201310": "13.53",
        "201311": "13.30",
        "201312": "13.61",
        "201401": "13.68",
        "201402": "13.44",
        "201403": "13.30",
        "201404": "12.88",
        "201405": "12.03",
        "201406": "12.24",
        "201407": "12.63",
        "201408": "12.86",
        "201409": "12.75",
        "201410": "12.39",
        "201411": "11.94",
        "201412": "12.09",
        "201501": "11.82",
        "201502": "11.70",
        "201503": "11.86",
        "201504": "12.12",
        "201505": "12.29",
        "201506": "11.66",
        "201507": "11.41",
        "201508": "10.65",
        "201509": "10.77",
        "201510": "11.57",
        "201511": "11.87",
        "201512": "12.14",
        "201601": "11.96",
        "201602": "12.05",
        "201603": "12.79",
        "201604": "13.07",
        "201605": "12.59",
        "201606": "12.86",
        "201607": "12.92",
        "201608": "13.51",
        "201609": "13.23",
        "201610": "13.93",
        "201611": "15.92",
        "201612": "22.32",
        "201701": "21.77",
        "201702": "26.53",
        "201703": "27.19",
        "201704": "25.28",
        "201705": "24.68",
        "201706": "26.00",
        "201707": "26.52",
        "201708": "25.17",
        "201709": "26.55",
        "201710": "26.43",
        "201711": "26.97",
        "201712": "29.55",
        "201801": "25.87",
        "201802": "24.48",
        "201803": "25.49",
        "201804": "26.83",
        "201805": "26.06",
        "201806": "25.88",
        "201807": "25.99",
        "201808": "25.10",
        "201809": "24.63",
        "201810": "24.11",
        "201811": "24.00",
        "201812": "23.76",
        "201901": "23.31",
        "201902": "21.57",
        "201903": "21.50",
        "201904": "21.18",
        "201905": "無",
        "201906": "無",
        "201907": "無",
        "201908": "21.21",
        "201909": "20.80",
        "201910": "23.51",
        "201911": "28.03",
        "201912": "28.47",
        "202001": "27.36",
        "202002": "26.34",
        "202003": "28.38",
        "202004": "28.23",
        "202005": "27.06",
        "202006": "27.71",
        "202007": "29.15",
        "202008": "28.76",
        "202009": "28.24",
        "202010": "29.03",
        "202011": "28.31",
        "202012": "28.37",
        "202101": "27.48",
        "202102": "27.08",
        "202103": "26.73",
        "202104": "28.63",
        "202105": "32.88",
        "202106": "31.00",
        "202107": "29.59",
        "202108": "27.55",
        "202109": "26.10",
        "202110": "26.33",
        "202111": "27.41",
        "202112": "26.69",
        "202201": "26.82",
        "202202": "26.82",
        "202203": "28.37",
        "202204": "28.96",
        "202205": "29.61",
        "202206": "28.48",
        "202207": "27.22",
        "202208": "26.71",
        "202209": "26.60",
        "202210": "25.82",
        "202211": "26.31",
        "202212": "26.44",
        "202301": "26.21",
        "202302": "26.22",
        "202303": "27.82",
        "202304": "27.11",
        "202305": "26.97",
        "202306": "30.64",
        "202307": "36.67",
        "202308": "36.04",
        "202309": "33.52",
        "202310": "37.62",
        "202311": "36.00",
        "202312": "38.47"
    },
    "quarters": {
        "20011": {
            "year_quarter": 20011,
            "year": 2001,
            "quarter": 1,
            "eps": 0.3,
            "eps_growth_year": -67.74,
            "eps_4q": -1.84,
            "eps_4q_growth_year": -1118.64,
            "roe": 2.91,
            "roe_4q": 2.91,
            "gross_profit": 5964,
            "gross_margin": 1.52,
            "gross_margin_4q_avg": 1.52,
            "net_income": 101394,
            "net_income_4q": null,
            "revenue": 392605,
            "revenue_4q": null,
            "common_shares": 3423000,
            "book_valuer_per_share": 10.32,
            "book_valuer_per_share_4q_avg": 10.32,
            "equity": 3532387,
            "current_ratio": 86.07,
            "debt_ratio": 58.95,
            "inventory_turnover_ratio": 0.34,
            "account_receivable_turnover_ratio": null,
            "reinvestment_rate": null,
            "research_to_sale_ratio": null,
            "price_fair": 0,
            "eps_avg_yearly": 0,
            "eps_latest_yearly": 0,
            "eps_growth_yearly": 0
        },
        "20012": {
            "year_quarter": 20012,
            "year": 2001,
            "quarter": 2,
            "eps": -0.77,
            "eps_growth_year": null,
            "eps_4q": -1.67,
            "eps_4q_growth_year": null,
            "roe": -7.76,
            "roe_4q": -4.85,
            "gross_profit": 29907,
            "gross_margin": 5.57,
            "gross_margin_4q_avg": 3.55,
            "net_income": -264503,
            "net_income_4q": null,
            "revenue": 536804,
            "revenue_4q": null,
            "common_shares": 3423000,
            "book_valuer_per_share": 9.59,
            "book_valuer_per_share_4q_avg": 9.96,
            "equity": 3283856,
            "current_ratio": 82.55,
            "debt_ratio": 61.16,
            "inventory_turnover_ratio": 0.48,
            "account_receivable_turnover_ratio": null,
            "reinvestment_rate": null,
            "research_to_sale_ratio": null,
            "price_fair": 0,
            "eps_avg_yearly": 0,
            "eps_latest_yearly": 0,
            "eps_growth_yearly": 0
        },
        "20013": {
            "year_quarter": 20013,
            "year": 2001,
            "quarter": 3,
            "eps": -0.42,
            "eps_growth_year": null,
            "eps_4q": -1.29,
            "eps_4q_growth_year": null,
            "roe": -4.45,
            "roe_4q": -9.3,
            "gross_profit": 42707,
            "gross_margin": 8.49,
            "gross_margin_4q_avg": 5.19,
            "net_income": -142926,
            "net_income_4q": null,
            "revenue": 502811,
            "revenue_4q": null,
            "common_shares": 3423000,
            "book_valuer_per_share": 9.18,
            "book_valuer_per_share_4q_avg": 9.7,
            "equity": 3141576,
            "current_ratio": 81.1,
            "debt_ratio": 62.74,
            "inventory_turnover_ratio": 0.45,
            "account_receivable_turnover_ratio": null,
            "reinvestment_rate": null,
            "research_to_sale_ratio": null,
            "price_fair": 0,
            "eps_avg_yearly": 0,
            "eps_latest_yearly": 0,
            "eps_growth_yearly": 0
        },
        "20014": {
            "year_quarter": 20014,
            "year": 2001,
            "quarter": 4,
            "eps": -0.21,
            "eps_growth_year": null,
            "eps_4q": -1.1,
            "eps_4q_growth_year": null,
            "roe": -2.28,
            "roe_4q": -11.58,
            "gross_profit": 875,
            "gross_margin": 0.14,
            "gross_margin_4q_avg": 3.93,
            "net_income": -71021,
            "net_income_4q": null,
            "revenue": 634544,
            "revenue_4q": null,
            "common_shares": 3423000,
            "book_valuer_per_share": 8.98,
            "book_valuer_per_share_4q_avg": 9.52,
            "equity": 3074866,
            "current_ratio": 79.27,
            "debt_ratio": 63.41,
            "inventory_turnover_ratio": 0.63,
            "account_receivable_turnover_ratio": null,
            "reinvestment_rate": null,
            "research_to_sale_ratio": null,
            "price_fair": 0,
            "eps_avg_yearly": 0,
            "eps_latest_yearly": 0,
            "eps_growth_yearly": 0
        },
        "20021": {
            "year_quarter": 20021,
            "year": 2002,
            "quarter": 1,
            "eps": 0.26,
            "eps_growth_year": -13.33,
            "eps_4q": -1.42,
            "eps_4q_growth_year": null,
            "roe": 2.45,
            "roe_4q": -12.04,
            "gross_profit": 123394,
            "gross_margin": 14.79,
            "gross_margin_4q_avg": 7.25,
            "net_income": 73970,
            "net_income_4q": null,
            "revenue": 834029,
            "revenue_4q": null,
            "common_shares": 3423000,
            "book_valuer_per_share": 8.63,
            "book_valuer_per_share_4q_avg": 9.1,
            "equity": 2954403,
            "current_ratio": 82.8,
            "debt_ratio": 65.32,
            "inventory_turnover_ratio": 0.78,
            "account_receivable_turnover_ratio": null,
            "reinvestment_rate": null,
            "research_to_sale_ratio": null,
            "price_fair": 0,
            "eps_avg_yearly": 0,
            "eps_latest_yearly": 0,
            "eps_growth_yearly": 0
        },
        "20022": {
            "year_quarter": 20022,
            "year": 2002,
            "quarter": 2,
            "eps": 0.04,
            "eps_growth_year": null,
            "eps_4q": -0.47,
            "eps_4q_growth_year": null,
            "roe": 0.37,
            "roe_4q": -3.9099999999999997,
            "gross_profit": 76262,
            "gross_margin": 9.79,
            "gross_margin_4q_avg": 8.3,
            "net_income": 10874,
            "net_income_4q": null,
            "revenue": 778933,
            "revenue_4q": null,
            "common_shares": 3423000,
            "book_valuer_per_share": 8.64,
            "book_valuer_per_share_4q_avg": 8.86,
            "equity": 2958212,
            "current_ratio": 83.42,
            "debt_ratio": 65.1,
            "inventory_turnover_ratio": 0.81,
            "account_receivable_turnover_ratio": null,
            "reinvestment_rate": null,
            "research_to_sale_ratio": null,
            "price_fair": 0.48,
            "eps_avg_yearly": 0.16,
            "eps_latest_yearly": 0.16,
            "eps_growth_yearly": -338.46
        },
        "20023": {
            "year_quarter": 20023,
            "year": 2002,
            "quarter": 3,
            "eps": -0.13,
            "eps_growth_year": null,
            "eps_4q": -0.07,
            "eps_4q_growth_year": null,
            "roe": -1.29,
            "roe_4q": -0.7499999999999996,
            "gross_profit": 72750,
            "gross_margin": 11.27,
            "gross_margin_4q_avg": 9,
            "net_income": -37824,
            "net_income_4q": null,
            "revenue": 645788,
            "revenue_4q": null,
            "common_shares": 3423000,
            "book_valuer_per_share": 8.55,
            "book_valuer_per_share_4q_avg": 8.7,
            "equity": 2926918,
            "current_ratio": 83.07,
            "debt_ratio": 65.4,
            "inventory_turnover_ratio": 0.6,
            "account_receivable_turnover_ratio": null,
            "reinvestment_rate": null,
            "research_to_sale_ratio": null,
            "price_fair": 0.48,
            "eps_avg_yearly": 0.16,
            "eps_latest_yearly": 0.16,
            "eps_growth_yearly": -338.46
        },
        "20024": {
            "year_quarter": 20024,
            "year": 2002,
            "quarter": 4,
            "eps": -0.11,
            "eps_growth_year": null,
            "eps_4q": 0.05,
            "eps_4q_growth_year": null,
            "roe": -1.11,
            "roe_4q": 0.41999999999999993,
            "gross_profit": 39448,
            "gross_margin": 6.65,
            "gross_margin_4q_avg": 10.63,
            "net_income": -31683,
            "net_income_4q": null,
            "revenue": 593105,
            "revenue_4q": null,
            "common_shares": 3423000,
            "book_valuer_per_share": 8.13,
            "book_valuer_per_share_4q_avg": 8.49,
            "equity": 2782058,
            "current_ratio": 104.6,
            "debt_ratio": 66.71,
            "inventory_turnover_ratio": 0.55,
            "account_receivable_turnover_ratio": null,
            "reinvestment_rate": null,
            "research_to_sale_ratio": null,
            "price_fair": 0.48,
            "eps_avg_yearly": 0.16,
            "eps_latest_yearly": 0.16,
            "eps_growth_yearly": -338.46
        },
        "20031": {
            "year_quarter": 20031,
            "year": 2003,
            "quarter": 1,
            "eps": 0.17,
            "eps_growth_year": -34.62,
            "eps_4q": -0.04,
            "eps_4q_growth_year": null,
            "roe": 1.71,
            "roe_4q": -0.3200000000000002,
            "gross_profit": 109400,
            "gross_margin": 13.73,
            "gross_margin_4q_avg": 10.36,
            "net_income": 48044,
            "net_income_4q": null,
            "revenue": 797006,
            "revenue_4q": null,
            "common_shares": 3423000,
            "book_valuer_per_share": 8.27,
            "book_valuer_per_share_4q_avg": 8.4,
            "equity": 2829914,
            "current_ratio": 104.34,
            "debt_ratio": 66.53,
            "inventory_turnover_ratio": 0.72,
            "account_receivable_turnover_ratio": null,
            "reinvestment_rate": null,
            "research_to_sale_ratio": null,
            "price_fair": 0.48,
            "eps_avg_yearly": 0.16,
            "eps_latest_yearly": 0.16,
            "eps_growth_yearly": -338.46
        },
        "20032": {
            "year_quarter": 20032,
            "year": 2003,
            "quarter": 2,
            "eps": 0.09,
            "eps_growth_year": 125,
            "eps_4q": 0.01,
            "eps_4q_growth_year": null,
            "roe": 0.86,
            "roe_4q": 0.1699999999999997,
            "gross_profit": 57687,
            "gross_margin": 10.49,
            "gross_margin_4q_avg": 10.54,
            "net_income": 24622,
            "net_income_4q": null,
            "revenue": 549756,
            "revenue_4q": null,
            "common_shares": 3423000,
            "book_valuer_per_share": 8.37,
            "book_valuer_per_share_4q_avg": 8.33,
            "equity": 2863596,
            "current_ratio": 109.9,
            "debt_ratio": 65.94,
            "inventory_turnover_ratio": 0.54,
            "account_receivable_turnover_ratio": null,
            "reinvestment_rate": null,
            "research_to_sale_ratio": null,
            "price_fair": 0.78,
            "eps_avg_yearly": 0.26,
            "eps_latest_yearly": 0.36,
            "eps_growth_yearly": -263.35
        },
        "20033": {
            "year_quarter": 20033,
            "year": 2003,
            "quarter": 3,
            "eps": 0.08,
            "eps_growth_year": null,
            "eps_4q": 0.22,
            "eps_4q_growth_year": null,
            "roe": 0.83,
            "roe_4q": 2.29,
            "gross_profit": 50557,
            "gross_margin": 8.54,
            "gross_margin_4q_avg": 9.85,
            "net_income": 23726,
            "net_income_4q": null,
            "revenue": 591927,
            "revenue_4q": null,
            "common_shares": 3423000,
            "book_valuer_per_share": 8.4,
            "book_valuer_per_share_4q_avg": 8.29,
            "equity": 2875281,
            "current_ratio": 112.03,
            "debt_ratio": 66.39,
            "inventory_turnover_ratio": 0.56,
            "account_receivable_turnover_ratio": null,
            "reinvestment_rate": null,
            "research_to_sale_ratio": null,
            "price_fair": 0.84,
            "eps_avg_yearly": 0.28,
            "eps_latest_yearly": 0.32,
            "eps_growth_yearly": -190.38
        },
        "20034": {
            "year_quarter": 20034,
            "year": 2003,
            "quarter": 4,
            "eps": 0.27,
            "eps_growth_year": null,
            "eps_4q": 0.6,
            "eps_4q_growth_year": 1108.47,
            "roe": 2.67,
            "roe_4q": 6.07,
            "gross_profit": 115372,
            "gross_margin": 11.54,
            "gross_margin_4q_avg": 11.08,
            "net_income": 77867,
            "net_income_4q": null,
            "revenue": 999405,
            "revenue_4q": null,
            "common_shares": 3423000,
            "book_valuer_per_share": 8.67,
            "book_valuer_per_share_4q_avg": 8.43,
            "equity": 2967722,
            "current_ratio": 94.63,
            "debt_ratio": 65.1,
            "inventory_turnover_ratio": 1,
            "account_receivable_turnover_ratio": null,
            "reinvestment_rate": null,
            "research_to_sale_ratio": null,
            "price_fair": 16.8,
            "eps_avg_yearly": 0.48,
            "eps_latest_yearly": 1.08,
            "eps_growth_yearly": 94.71
        },
        "20041": {
            "year_quarter": 20041,
            "year": 2004,
            "quarter": 1,
            "eps": 0.12,
            "eps_growth_year": -29.41,
            "eps_4q": 0.57,
            "eps_4q_growth_year": null,
            "roe": 1.12,
            "roe_4q": 5.48,
            "gross_profit": 67628,
            "gross_margin": 9.75,
            "gross_margin_4q_avg": 10.08,
            "net_income": 33367,
            "net_income_4q": null,
            "revenue": 693864,
            "revenue_4q": null,
            "common_shares": 3423000,
            "book_valuer_per_share": 8.76,
            "book_valuer_per_share_4q_avg": 8.55,
            "equity": 2997662,
            "current_ratio": 97.67,
            "debt_ratio": 63.34,
            "inventory_turnover_ratio": 0.82,
            "account_receivable_turnover_ratio": null,
            "reinvestment_rate": null,
            "research_to_sale_ratio": null,
            "price_fair": 16.8,
            "eps_avg_yearly": 0.48,
            "eps_latest_yearly": 0.48,
            "eps_growth_yearly": 31.33
        },
        "20042": {
            "year_quarter": 20042,
            "year": 2004,
            "quarter": 2,
            "eps": -0.16,
            "eps_growth_year": -277.78,
            "eps_4q": 0.26,
            "eps_4q_growth_year": 2184.91,
            "roe": -1.5,
            "roe_4q": 3.12,
            "gross_profit": 54330,
            "gross_margin": 7.84,
            "gross_margin_4q_avg": 9.42,
            "net_income": -44648,
            "net_income_4q": null,
            "revenue": 692937,
            "revenue_4q": null,
            "common_shares": 3423000,
            "book_valuer_per_share": 8.63,
            "book_valuer_per_share_4q_avg": 8.62,
            "equity": 2955451,
            "current_ratio": 97.95,
            "debt_ratio": 64.51,
            "inventory_turnover_ratio": 0.76,
            "account_receivable_turnover_ratio": null,
            "reinvestment_rate": null,
            "research_to_sale_ratio": null,
            "price_fair": 16.8,
            "eps_avg_yearly": 0.48,
            "eps_latest_yearly": 0.48,
            "eps_growth_yearly": 31.33
        },
        "20043": {
            "year_quarter": 20043,
            "year": 2004,
            "quarter": 3,
            "eps": 0.02,
            "eps_growth_year": -75,
            "eps_4q": 0.25,
            "eps_4q_growth_year": 12.7,
            "roe": 0.2,
            "roe_4q": 2.49,
            "gross_profit": 74690,
            "gross_margin": 8.77,
            "gross_margin_4q_avg": 9.48,
            "net_income": 5895,
            "net_income_4q": null,
            "revenue": 851624,
            "revenue_4q": null,
            "common_shares": 3423000,
            "book_valuer_per_share": 8.65,
            "book_valuer_per_share_4q_avg": 8.68,
            "equity": 2962067,
            "current_ratio": 99.75,
            "debt_ratio": 64.47,
            "inventory_turnover_ratio": 0.86,
            "account_receivable_turnover_ratio": null,
            "reinvestment_rate": null,
            "research_to_sale_ratio": null,
            "price_fair": 16.8,
            "eps_avg_yearly": 0.48,
            "eps_latest_yearly": 0.48,
            "eps_growth_yearly": 31.33
        },
        "20044": {
            "year_quarter": 20044,
            "year": 2004,
            "quarter": 4,
            "eps": -1.22,
            "eps_growth_year": -551.85,
            "eps_4q": -1.24,
            "eps_4q_growth_year": -305.22,
            "roe": -12.46,
            "roe_4q": -12.64,
            "gross_profit": 23788,
            "gross_margin": 3.23,
            "gross_margin_4q_avg": 7.4,
            "net_income": -347369,
            "net_income_4q": null,
            "revenue": 735692,
            "revenue_4q": null,
            "common_shares": 3423000,
            "book_valuer_per_share": 7.64,
            "book_valuer_per_share_4q_avg": 8.42,
            "equity": 2614337,
            "current_ratio": 95.53,
            "debt_ratio": 66.15,
            "inventory_turnover_ratio": 0.81,
            "account_receivable_turnover_ratio": null,
            "reinvestment_rate": null,
            "research_to_sale_ratio": null,
            "price_fair": 16.8,
            "eps_avg_yearly": 0.48,
            "eps_latest_yearly": 0.48,
            "eps_growth_yearly": 31.33
        },
        "20051": {
            "year_quarter": 20051,
            "year": 2005,
            "quarter": 1,
            "eps": 0.03,
            "eps_growth_year": -75,
            "eps_4q": -1.5,
            "eps_4q_growth_year": -361.43,
            "roe": 0.26,
            "roe_4q": -13.500000000000002,
            "gross_profit": 74003,
            "gross_margin": 12.42,
            "gross_margin_4q_avg": 8.07,
            "net_income": 7569,
            "net_income_4q": null,
            "revenue": 596056,
            "revenue_4q": null,
            "common_shares": 3423000,
            "book_valuer_per_share": 9.43,
            "book_valuer_per_share_4q_avg": 8.59,
            "equity": 3226288,
            "current_ratio": 72.47,
            "debt_ratio": 57.21,
            "inventory_turnover_ratio": 0.58,
            "account_receivable_turnover_ratio": null,
            "reinvestment_rate": null,
            "research_to_sale_ratio": null,
            "price_fair": 16.8,
            "eps_avg_yearly": 0.48,
            "eps_latest_yearly": 0.48,
            "eps_growth_yearly": 31.33
        },
        "20052": {
            "year_quarter": 20052,
            "year": 2005,
            "quarter": 2,
            "eps": 0.09,
            "eps_growth_year": null,
            "eps_4q": -1.12,
            "eps_4q_growth_year": -522.84,
            "roe": 0.77,
            "roe_4q": -11.230000000000002,
            "gross_profit": 88596,
            "gross_margin": 11.61,
            "gross_margin_4q_avg": 9.01,
            "net_income": 24926,
            "net_income_4q": null,
            "revenue": 762957,
            "revenue_4q": null,
            "common_shares": 3423000,
            "book_valuer_per_share": 9.5,
            "book_valuer_per_share_4q_avg": 8.81,
            "equity": 3251229,
            "current_ratio": 74.74,
            "debt_ratio": 57.17,
            "inventory_turnover_ratio": 0.75,
            "account_receivable_turnover_ratio": null,
            "reinvestment_rate": null,
            "research_to_sale_ratio": null,
            "price_fair": 16.1,
            "eps_avg_yearly": 0.46,
            "eps_latest_yearly": 0.36,
            "eps_growth_yearly": 159.44
        },
        "20053": {
            "year_quarter": 20053,
            "year": 2005,
            "quarter": 3,
            "eps": 0.04,
            "eps_growth_year": 100,
            "eps_4q": -1.2,
            "eps_4q_growth_year": -589.15,
            "roe": 0.31,
            "roe_4q": -11.120000000000001,
            "gross_profit": 119163,
            "gross_margin": 13.64,
            "gross_margin_4q_avg": 10.23,
            "net_income": 10134,
            "net_income_4q": null,
            "revenue": 873749,
            "revenue_4q": null,
            "common_shares": 3423000,
            "book_valuer_per_share": 9.53,
            "book_valuer_per_share_4q_avg": 9.03,
            "equity": 3261835,
            "current_ratio": 70.3,
            "debt_ratio": 55.78,
            "inventory_turnover_ratio": 0.92,
            "account_receivable_turnover_ratio": null,
            "reinvestment_rate": null,
            "research_to_sale_ratio": null,
            "price_fair": 14.6,
            "eps_avg_yearly": 0.42,
            "eps_latest_yearly": 0.16,
            "eps_growth_yearly": 104.92
        },
        "20054": {
            "year_quarter": 20054,
            "year": 2005,
            "quarter": 4,
            "eps": 0.03,
            "eps_growth_year": null,
            "eps_4q": 0.19,
            "eps_4q_growth_year": null,
            "roe": 0.24,
            "roe_4q": 1.58,
            "gross_profit": 79420,
            "gross_margin": 10.9,
            "gross_margin_4q_avg": 12.14,
            "net_income": 7800,
            "net_income_4q": null,
            "revenue": 728852,
            "revenue_4q": null,
            "common_shares": 3423000,
            "book_valuer_per_share": 9.58,
            "book_valuer_per_share_4q_avg": 9.51,
            "equity": 3285814,
            "current_ratio": 66.97,
            "debt_ratio": 55.84,
            "inventory_turnover_ratio": 0.82,
            "account_receivable_turnover_ratio": null,
            "reinvestment_rate": null,
            "research_to_sale_ratio": null,
            "price_fair": 13.3,
            "eps_avg_yearly": 0.38,
            "eps_latest_yearly": 0.12,
            "eps_growth_yearly": 79.3
        },
        "20061": {
            "year_quarter": 20061,
            "year": 2006,
            "quarter": 1,
            "eps": 0.09,
            "eps_growth_year": 200,
            "eps_4q": 0.23,
            "eps_4q_growth_year": null,
            "roe": 0.81,
            "roe_4q": 2.13,
            "gross_profit": 90512,
            "gross_margin": 11.74,
            "gross_margin_4q_avg": 11.97,
            "net_income": 26732,
            "net_income_4q": null,
            "revenue": 770834,
            "revenue_4q": null,
            "common_shares": 3423000,
            "book_valuer_per_share": 9.63,
            "book_valuer_per_share_4q_avg": 9.56,
            "equity": 3296481,
            "current_ratio": 72.95,
            "debt_ratio": 55.41,
            "inventory_turnover_ratio": 0.88,
            "account_receivable_turnover_ratio": null,
            "reinvestment_rate": null,
            "research_to_sale_ratio": null,
            "price_fair": 13.22,
            "eps_avg_yearly": 0.38,
            "eps_latest_yearly": 0.36,
            "eps_growth_yearly": 159.38
        },
        "20062": {
            "year_quarter": 20062,
            "year": 2006,
            "quarter": 2,
            "eps": -0.03,
            "eps_growth_year": -133.33,
            "eps_4q": 0.11,
            "eps_4q_growth_year": null,
            "roe": -0.24,
            "roe_4q": 1.12,
            "gross_profit": 50201,
            "gross_margin": 9.4,
            "gross_margin_4q_avg": 11.42,
            "net_income": -8105,
            "net_income_4q": null,
            "revenue": 533776,
            "revenue_4q": null,
            "common_shares": 3423000,
            "book_valuer_per_share": 9.71,
            "book_valuer_per_share_4q_avg": 9.61,
            "equity": 3322393,
            "current_ratio": 74.54,
            "debt_ratio": 55.14,
            "inventory_turnover_ratio": 0.65,
            "account_receivable_turnover_ratio": null,
            "reinvestment_rate": null,
            "research_to_sale_ratio": null,
            "price_fair": 14.18,
            "eps_avg_yearly": 0.41,
            "eps_latest_yearly": 0.36,
            "eps_growth_yearly": 221.61
        },
        "20063": {
            "year_quarter": 20063,
            "year": 2006,
            "quarter": 3,
            "eps": 0.08,
            "eps_growth_year": 100,
            "eps_4q": 0.18,
            "eps_4q_growth_year": null,
            "roe": 0.65,
            "roe_4q": 1.4600000000000002,
            "gross_profit": 75765,
            "gross_margin": 11.55,
            "gross_margin_4q_avg": 10.9,
            "net_income": 21698,
            "net_income_4q": null,
            "revenue": 656112,
            "revenue_4q": null,
            "common_shares": 3423000,
            "book_valuer_per_share": 9.76,
            "book_valuer_per_share_4q_avg": 9.67,
            "equity": 3339602,
            "current_ratio": 75.47,
            "debt_ratio": 56.42,
            "inventory_turnover_ratio": 0.65,
            "account_receivable_turnover_ratio": null,
            "reinvestment_rate": null,
            "research_to_sale_ratio": null,
            "price_fair": 14.18,
            "eps_avg_yearly": 0.41,
            "eps_latest_yearly": 0.36,
            "eps_growth_yearly": 221.61
        },
        "20064": {
            "year_quarter": 20064,
            "year": 2006,
            "quarter": 4,
            "eps": 0.07,
            "eps_growth_year": 133.33,
            "eps_4q": 0.22,
            "eps_4q_growth_year": 14.64,
            "roe": 0.54,
            "roe_4q": 1.76,
            "gross_profit": 82976,
            "gross_margin": 9.53,
            "gross_margin_4q_avg": 10.56,
            "net_income": 18528,
            "net_income_4q": null,
            "revenue": 870818,
            "revenue_4q": null,
            "common_shares": 3423000,
            "book_valuer_per_share": 10.13,
            "book_valuer_per_share_4q_avg": 9.81,
            "equity": 3474005,
            "current_ratio": 74.42,
            "debt_ratio": 54.45,
            "inventory_turnover_ratio": 0.8,
            "account_receivable_turnover_ratio": null,
            "reinvestment_rate": null,
            "research_to_sale_ratio": null,
            "price_fair": 13.69,
            "eps_avg_yearly": 0.39,
            "eps_latest_yearly": 0.28,
            "eps_growth_yearly": 191.43
        },
        "20071": {
            "year_quarter": 20071,
            "year": 2007,
            "quarter": 1,
            "eps": 0.08,
            "eps_growth_year": -11.11,
            "eps_4q": 0.19,
            "eps_4q_growth_year": -17.62,
            "roe": 0.66,
            "roe_4q": 1.61,
            "gross_profit": 54152,
            "gross_margin": 9.88,
            "gross_margin_4q_avg": 10.09,
            "net_income": 22736,
            "net_income_4q": null,
            "revenue": 547927,
            "revenue_4q": null,
            "common_shares": 3423000,
            "book_valuer_per_share": 10.13,
            "book_valuer_per_share_4q_avg": 9.93,
            "equity": 3467663,
            "current_ratio": 75.83,
            "debt_ratio": 52.29,
            "inventory_turnover_ratio": 0.56,
            "account_receivable_turnover_ratio": null,
            "reinvestment_rate": null,
            "research_to_sale_ratio": null,
            "price_fair": 13.44,
            "eps_avg_yearly": 0.38,
            "eps_latest_yearly": 0.32,
            "eps_growth_yearly": 178
        },
        "20072": {
            "year_quarter": 20072,
            "year": 2007,
            "quarter": 2,
            "eps": 0.16,
            "eps_growth_year": null,
            "eps_4q": 0.38,
            "eps_4q_growth_year": 251.98,
            "roe": 1.33,
            "roe_4q": 3.18,
            "gross_profit": 97982,
            "gross_margin": 12.04,
            "gross_margin_4q_avg": 10.75,
            "net_income": 46649,
            "net_income_4q": null,
            "revenue": 814063,
            "revenue_4q": null,
            "common_shares": 3423000,
            "book_valuer_per_share": 10.36,
            "book_valuer_per_share_4q_avg": 10.1,
            "equity": 3545957,
            "current_ratio": 82.46,
            "debt_ratio": 52.3,
            "inventory_turnover_ratio": 0.92,
            "account_receivable_turnover_ratio": null,
            "reinvestment_rate": null,
            "research_to_sale_ratio": null,
            "price_fair": 14.42,
            "eps_avg_yearly": 0.41,
            "eps_latest_yearly": 0.64,
            "eps_growth_yearly": 236.83
        },
        "20073": {
            "year_quarter": 20073,
            "year": 2007,
            "quarter": 3,
            "eps": 0.16,
            "eps_growth_year": 100,
            "eps_4q": 0.47,
            "eps_4q_growth_year": 164.94,
            "roe": 1.27,
            "roe_4q": 3.8000000000000003,
            "gross_profit": 76917,
            "gross_margin": 8.99,
            "gross_margin_4q_avg": 10.11,
            "net_income": 45359,
            "net_income_4q": null,
            "revenue": 855914,
            "revenue_4q": null,
            "common_shares": 3423000,
            "book_valuer_per_share": 10.48,
            "book_valuer_per_share_4q_avg": 10.28,
            "equity": 3586243,
            "current_ratio": 85.2,
            "debt_ratio": 52.58,
            "inventory_turnover_ratio": 1.1,
            "account_receivable_turnover_ratio": null,
            "reinvestment_rate": null,
            "research_to_sale_ratio": null,
            "price_fair": 15.54,
            "eps_avg_yearly": 0.44,
            "eps_latest_yearly": 0.64,
            "eps_growth_yearly": 241.27
        },
        "20074": {
            "year_quarter": 20074,
            "year": 2007,
            "quarter": 4,
            "eps": 0.14,
            "eps_growth_year": 100,
            "eps_4q": 0.54,
            "eps_4q_growth_year": 142.21,
            "roe": 1.13,
            "roe_4q": 4.39,
            "gross_profit": 84299,
            "gross_margin": 12.79,
            "gross_margin_4q_avg": 10.93,
            "net_income": 40307,
            "net_income_4q": null,
            "revenue": 659004,
            "revenue_4q": null,
            "common_shares": 3423000,
            "book_valuer_per_share": 10.38,
            "book_valuer_per_share_4q_avg": 10.34,
            "equity": 3561812,
            "current_ratio": 72.1,
            "debt_ratio": 52.89,
            "inventory_turnover_ratio": 0.78,
            "account_receivable_turnover_ratio": null,
            "reinvestment_rate": null,
            "research_to_sale_ratio": null,
            "price_fair": 13.72,
            "eps_avg_yearly": 0.39,
            "eps_latest_yearly": 0.56,
            "eps_growth_yearly": 141.27
        },
        "20081": {
            "year_quarter": 20081,
            "year": 2008,
            "quarter": 1,
            "eps": 0.38,
            "eps_growth_year": 375,
            "eps_4q": 0.85,
            "eps_4q_growth_year": 337.81,
            "roe": 2.98,
            "roe_4q": 6.709999999999999,
            "gross_profit": 140187,
            "gross_margin": 15.59,
            "gross_margin_4q_avg": 12.35,
            "net_income": 108112,
            "net_income_4q": null,
            "revenue": 899186,
            "revenue_4q": null,
            "common_shares": 3423000,
            "book_valuer_per_share": 10.77,
            "book_valuer_per_share_4q_avg": 10.5,
            "equity": 3695441,
            "current_ratio": 73.69,
            "debt_ratio": 51.28,
            "inventory_turnover_ratio": 1,
            "account_receivable_turnover_ratio": null,
            "reinvestment_rate": null,
            "research_to_sale_ratio": null,
            "price_fair": 17.36,
            "eps_avg_yearly": 0.5,
            "eps_latest_yearly": 1.52,
            "eps_growth_yearly": 232.06
        },
        "20082": {
            "year_quarter": 20082,
            "year": 2008,
            "quarter": 2,
            "eps": 0.18,
            "eps_growth_year": 12.5,
            "eps_4q": 0.88,
            "eps_4q_growth_year": 134.21,
            "roe": 1.35,
            "roe_4q": 6.73,
            "gross_profit": 118997,
            "gross_margin": 15.83,
            "gross_margin_4q_avg": 13.3,
            "net_income": 49793,
            "net_income_4q": null,
            "revenue": 751779,
            "revenue_4q": null,
            "common_shares": 3423000,
            "book_valuer_per_share": 10.66,
            "book_valuer_per_share_4q_avg": 10.57,
            "equity": 3658398,
            "current_ratio": 73.76,
            "debt_ratio": 52.79,
            "inventory_turnover_ratio": 0.7,
            "account_receivable_turnover_ratio": null,
            "reinvestment_rate": -676.81,
            "research_to_sale_ratio": null,
            "price_fair": 18.07,
            "eps_avg_yearly": 0.52,
            "eps_latest_yearly": 0.72,
            "eps_growth_yearly": 191.83
        },
        "20083": {
            "year_quarter": 20083,
            "year": 2008,
            "quarter": 3,
            "eps": 0.11,
            "eps_growth_year": -31.25,
            "eps_4q": 0.79,
            "eps_4q_growth_year": 68.53,
            "roe": 0.89,
            "roe_4q": 6.3500000000000005,
            "gross_profit": 103252,
            "gross_margin": 8.95,
            "gross_margin_4q_avg": 13.29,
            "net_income": 31953,
            "net_income_4q": null,
            "revenue": 1153350,
            "revenue_4q": null,
            "common_shares": 3423000,
            "book_valuer_per_share": 10.33,
            "book_valuer_per_share_4q_avg": 10.54,
            "equity": 3542308,
            "current_ratio": 72.76,
            "debt_ratio": 55.16,
            "inventory_turnover_ratio": 1.02,
            "account_receivable_turnover_ratio": null,
            "reinvestment_rate": -497.5,
            "research_to_sale_ratio": null,
            "price_fair": 17.85,
            "eps_avg_yearly": 0.51,
            "eps_latest_yearly": 0.44,
            "eps_growth_yearly": 162.88
        },
        "20084": {
            "year_quarter": 20084,
            "year": 2008,
            "quarter": 4,
            "eps": 0.07,
            "eps_growth_year": -50,
            "eps_4q": 0.73,
            "eps_4q_growth_year": 36.01,
            "roe": 0.57,
            "roe_4q": 5.79,
            "gross_profit": 121231,
            "gross_margin": 13.58,
            "gross_margin_4q_avg": 13.49,
            "net_income": 20059,
            "net_income_4q": null,
            "revenue": 892504,
            "revenue_4q": null,
            "common_shares": 3423000,
            "book_valuer_per_share": 10.04,
            "book_valuer_per_share_4q_avg": 10.45,
            "equity": 3446237,
            "current_ratio": 63.87,
            "debt_ratio": 52.81,
            "inventory_turnover_ratio": 0.84,
            "account_receivable_turnover_ratio": null,
            "reinvestment_rate": -106.47,
            "research_to_sale_ratio": null,
            "price_fair": 17.23,
            "eps_avg_yearly": 0.49,
            "eps_latest_yearly": 0.28,
            "eps_growth_yearly": 139.16
        },
        "20091": {
            "year_quarter": 20091,
            "year": 2009,
            "quarter": 1,
            "eps": 0.14,
            "eps_growth_year": -63.16,
            "eps_4q": 0.49,
            "eps_4q_growth_year": -41.62,
            "roe": 1.16,
            "roe_4q": 3.97,
            "gross_profit": 89307,
            "gross_margin": 15.5,
            "gross_margin_4q_avg": 13.47,
            "net_income": 40326,
            "net_income_4q": null,
            "revenue": 576118,
            "revenue_4q": null,
            "common_shares": 3423000,
            "book_valuer_per_share": 10.24,
            "book_valuer_per_share_4q_avg": 10.32,
            "equity": 3513929,
            "current_ratio": 63.54,
            "debt_ratio": 50.26,
            "inventory_turnover_ratio": 0.61,
            "account_receivable_turnover_ratio": null,
            "reinvestment_rate": -100.77,
            "research_to_sale_ratio": null,
            "price_fair": 17.4,
            "eps_avg_yearly": 0.5,
            "eps_latest_yearly": 0.56,
            "eps_growth_yearly": 157.79
        },
        "20092": {
            "year_quarter": 20092,
            "year": 2009,
            "quarter": 2,
            "eps": 0.34,
            "eps_growth_year": 88.89,
            "eps_4q": 0.67,
            "eps_4q_growth_year": -24.02,
            "roe": 2.64,
            "roe_4q": 5.26,
            "gross_profit": 148303,
            "gross_margin": 20.66,
            "gross_margin_4q_avg": 14.67,
            "net_income": 95411,
            "net_income_4q": null,
            "revenue": 717834,
            "revenue_4q": null,
            "common_shares": 3423000,
            "book_valuer_per_share": 10.79,
            "book_valuer_per_share_4q_avg": 10.35,
            "equity": 3701117,
            "current_ratio": 68.64,
            "debt_ratio": 47.97,
            "inventory_turnover_ratio": 0.81,
            "account_receivable_turnover_ratio": 2.28,
            "reinvestment_rate": -85.01,
            "research_to_sale_ratio": null,
            "price_fair": 19.9,
            "eps_avg_yearly": 0.57,
            "eps_latest_yearly": 1.36,
            "eps_growth_yearly": 141.47
        },
        "20093": {
            "year_quarter": 20093,
            "year": 2009,
            "quarter": 3,
            "eps": 0.75,
            "eps_growth_year": 581.82,
            "eps_4q": 1.3,
            "eps_4q_growth_year": 63.75,
            "roe": 5.55,
            "roe_4q": 9.92,
            "gross_profit": 154585,
            "gross_margin": 22.1,
            "gross_margin_4q_avg": 17.96,
            "net_income": 213499,
            "net_income_4q": null,
            "revenue": 699379,
            "revenue_4q": null,
            "common_shares": 3423000,
            "book_valuer_per_share": 11.65,
            "book_valuer_per_share_4q_avg": 10.68,
            "equity": 3996370,
            "current_ratio": 78.13,
            "debt_ratio": 45.17,
            "inventory_turnover_ratio": 0.8,
            "account_receivable_turnover_ratio": 1.07,
            "reinvestment_rate": -60.89,
            "research_to_sale_ratio": null,
            "price_fair": 27,
            "eps_avg_yearly": 0.77,
            "eps_latest_yearly": 3,
            "eps_growth_yearly": 191.79
        },
        "20094": {
            "year_quarter": 20094,
            "year": 2009,
            "quarter": 4,
            "eps": 0.35,
            "eps_growth_year": 400,
            "eps_4q": 1.57,
            "eps_4q_growth_year": 114.48,
            "roe": 2.45,
            "roe_4q": 11.8,
            "gross_profit": 153949,
            "gross_margin": 16.64,
            "gross_margin_4q_avg": 18.73,
            "net_income": 100087,
            "net_income_4q": null,
            "revenue": 925341,
            "revenue_4q": null,
            "common_shares": 3423000,
            "book_valuer_per_share": 12.17,
            "book_valuer_per_share_4q_avg": 11.21,
            "equity": 4174380,
            "current_ratio": 87.55,
            "debt_ratio": 43.26,
            "inventory_turnover_ratio": 1.27,
            "account_receivable_turnover_ratio": 1.19,
            "reinvestment_rate": -56.79,
            "research_to_sale_ratio": null,
            "price_fair": 30.2,
            "eps_avg_yearly": 0.86,
            "eps_latest_yearly": 1.4,
            "eps_growth_yearly": 183.7
        },
        "20101": {
            "year_quarter": 20101,
            "year": 2010,
            "quarter": 1,
            "eps": null,
            "eps_growth_year": null,
            "eps_4q": null,
            "eps_4q_growth_year": null,
            "roe": null,
            "roe_4q": 10.64,
            "gross_profit": 114490,
            "gross_margin": null,
            "gross_margin_4q_avg": 14.85,
            "net_income": 80013,
            "net_income_4q": null,
            "revenue": 562678,
            "revenue_4q": null,
            "common_shares": 3423000,
            "book_valuer_per_share": 12.35,
            "book_valuer_per_share_4q_avg": 11.74,
            "equity": 4234647,
            "current_ratio": 90.61,
            "debt_ratio": 42.56,
            "inventory_turnover_ratio": null,
            "account_receivable_turnover_ratio": null,
            "reinvestment_rate": null,
            "research_to_sale_ratio": null,
            "price_fair": 31.55,
            "eps_avg_yearly": 0.9,
            "eps_latest_yearly": 1.4,
            "eps_growth_yearly": 136.29
        },
        "20102": {
            "year_quarter": 20102,
            "year": 2010,
            "quarter": 2,
            "eps": 0.21,
            "eps_growth_year": -37.8,
            "eps_4q": 1.32,
            "eps_4q_growth_year": 96.83,
            "roe": 1.41,
            "roe_4q": 9.41,
            "gross_profit": 93287,
            "gross_margin": 12.45,
            "gross_margin_4q_avg": 12.8,
            "net_income": 59987,
            "net_income_4q": null,
            "revenue": 749526,
            "revenue_4q": null,
            "common_shares": 3423000,
            "book_valuer_per_share": 14.94,
            "book_valuer_per_share_4q_avg": 12.78,
            "equity": 4244600,
            "current_ratio": 90.75,
            "debt_ratio": 41.21,
            "inventory_turnover_ratio": 1.01,
            "account_receivable_turnover_ratio": 2.31,
            "reinvestment_rate": 2.54,
            "research_to_sale_ratio": null,
            "price_fair": 31.55,
            "eps_avg_yearly": 0.9,
            "eps_latest_yearly": 1.4,
            "eps_growth_yearly": 136.29
        },
        "20103": {
            "year_quarter": 20103,
            "year": 2010,
            "quarter": 3,
            "eps": 0.21,
            "eps_growth_year": -72.26,
            "eps_4q": 0.77,
            "eps_4q_growth_year": -40.48,
            "roe": 1.37,
            "roe_4q": 5.23,
            "gross_profit": 72269,
            "gross_margin": 13.75,
            "gross_margin_4q_avg": 10.71,
            "net_income": 59022,
            "net_income_4q": null,
            "revenue": 525552,
            "revenue_4q": null,
            "common_shares": 3423000,
            "book_valuer_per_share": 15.45,
            "book_valuer_per_share_4q_avg": 13.73,
            "equity": 4390924,
            "current_ratio": 97.74,
            "debt_ratio": 39.22,
            "inventory_turnover_ratio": 0.66,
            "account_receivable_turnover_ratio": 0.9,
            "reinvestment_rate": 5.04,
            "research_to_sale_ratio": null,
            "price_fair": 31.4,
            "eps_avg_yearly": 0.9,
            "eps_latest_yearly": 0.84,
            "eps_growth_yearly": 126.55
        },
        "20104": {
            "year_quarter": 20104,
            "year": 2010,
            "quarter": 4,
            "eps": 0.23,
            "eps_growth_year": -34.68,
            "eps_4q": 0.65,
            "eps_4q_growth_year": -58.74,
            "roe": 1.46,
            "roe_4q": 4.24,
            "gross_profit": 79226,
            "gross_margin": 8.42,
            "gross_margin_4q_avg": 8.66,
            "net_income": 64842,
            "net_income_4q": null,
            "revenue": 940445,
            "revenue_4q": null,
            "common_shares": 3423000,
            "book_valuer_per_share": 15.78,
            "book_valuer_per_share_4q_avg": 14.63,
            "equity": 4485395,
            "current_ratio": 100.57,
            "debt_ratio": 39.95,
            "inventory_turnover_ratio": 1.29,
            "account_receivable_turnover_ratio": 1.52,
            "reinvestment_rate": 27.84,
            "research_to_sale_ratio": null,
            "price_fair": 33,
            "eps_avg_yearly": 0.94,
            "eps_latest_yearly": 0.92,
            "eps_growth_yearly": 132.85
        },
        "20111": {
            "year_quarter": 20111,
            "year": 2011,
            "quarter": 1,
            "eps": -0.01,
            "eps_growth_year": null,
            "eps_4q": 0.63,
            "eps_4q_growth_year": null,
            "roe": -0.09,
            "roe_4q": 4.15,
            "gross_profit": 38089,
            "gross_margin": 7.82,
            "gross_margin_4q_avg": 10.61,
            "net_income": -3970,
            "net_income_4q": null,
            "revenue": 487082,
            "revenue_4q": null,
            "common_shares": 3423000,
            "book_valuer_per_share": 15.66,
            "book_valuer_per_share_4q_avg": 15.46,
            "equity": 4450921,
            "current_ratio": 99.21,
            "debt_ratio": 40.46,
            "inventory_turnover_ratio": 0.61,
            "account_receivable_turnover_ratio": 0.77,
            "reinvestment_rate": 34.33,
            "research_to_sale_ratio": null,
            "price_fair": 34.68,
            "eps_avg_yearly": 0.99,
            "eps_latest_yearly": 0.92,
            "eps_growth_yearly": 138.67
        },
        "20112": {
            "year_quarter": 20112,
            "year": 2011,
            "quarter": 2,
            "eps": 0.27,
            "eps_growth_year": 25.49,
            "eps_4q": 0.69,
            "eps_4q_growth_year": -47.75,
            "roe": 1.68,
            "roe_4q": 4.42,
            "gross_profit": 104981,
            "gross_margin": 11.74,
            "gross_margin_4q_avg": 10.43,
            "net_income": 75279,
            "net_income_4q": null,
            "revenue": 894443,
            "revenue_4q": null,
            "common_shares": 3423000,
            "book_valuer_per_share": 15.92,
            "book_valuer_per_share_4q_avg": 15.7,
            "equity": 4524004,
            "current_ratio": 102.43,
            "debt_ratio": 41.63,
            "inventory_turnover_ratio": 0.93,
            "account_receivable_turnover_ratio": 1.45,
            "reinvestment_rate": 34.58,
            "research_to_sale_ratio": null,
            "price_fair": 35.7,
            "eps_avg_yearly": 1.02,
            "eps_latest_yearly": 0.92,
            "eps_growth_yearly": 116.89
        },
        "20113": {
            "year_quarter": 20113,
            "year": 2011,
            "quarter": 3,
            "eps": 0.05,
            "eps_growth_year": -76.25,
            "eps_4q": 0.53,
            "eps_4q_growth_year": -31.43,
            "roe": 0.32,
            "roe_4q": 3.37,
            "gross_profit": 80883,
            "gross_margin": 7.3,
            "gross_margin_4q_avg": 8.82,
            "net_income": 14023,
            "net_income_4q": null,
            "revenue": 1108389,
            "revenue_4q": null,
            "common_shares": 3423000,
            "book_valuer_per_share": 15.42,
            "book_valuer_per_share_4q_avg": 15.7,
            "equity": 4380775,
            "current_ratio": 97.29,
            "debt_ratio": 45.02,
            "inventory_turnover_ratio": 1.08,
            "account_receivable_turnover_ratio": 1.41,
            "reinvestment_rate": 36.49,
            "research_to_sale_ratio": null,
            "price_fair": 34.42,
            "eps_avg_yearly": 0.98,
            "eps_latest_yearly": 0.2,
            "eps_growth_yearly": 89.73
        },
        "20114": {
            "year_quarter": 20114,
            "year": 2011,
            "quarter": 4,
            "eps": 0.23,
            "eps_growth_year": -1.32,
            "eps_4q": 0.53,
            "eps_4q_growth_year": -18.78,
            "roe": 1.46,
            "roe_4q": 3.37,
            "gross_profit": 67693,
            "gross_margin": 7.01,
            "gross_margin_4q_avg": 8.47,
            "net_income": 63984,
            "net_income_4q": null,
            "revenue": 965706,
            "revenue_4q": null,
            "common_shares": 3423000,
            "book_valuer_per_share": 15.49,
            "book_valuer_per_share_4q_avg": 15.62,
            "equity": 4401982,
            "current_ratio": 98.2,
            "debt_ratio": 40.83,
            "inventory_turnover_ratio": 0.99,
            "account_receivable_turnover_ratio": 1.21,
            "reinvestment_rate": 35.81,
            "research_to_sale_ratio": null,
            "price_fair": 35.47,
            "eps_avg_yearly": 1.01,
            "eps_latest_yearly": 0.92,
            "eps_growth_yearly": 213.9
        },
        "20121": {
            "year_quarter": 20121,
            "year": 2012,
            "quarter": 1,
            "eps": 0.22,
            "eps_growth_year": null,
            "eps_4q": 0.76,
            "eps_4q_growth_year": 20.25,
            "roe": 1.41,
            "roe_4q": 4.87,
            "gross_profit": 91848,
            "gross_margin": 13.54,
            "gross_margin_4q_avg": 9.9,
            "net_income": 63026,
            "net_income_4q": null,
            "revenue": 678101,
            "revenue_4q": null,
            "common_shares": 3423000,
            "book_valuer_per_share": 15.9,
            "book_valuer_per_share_4q_avg": 15.68,
            "equity": 4517614,
            "current_ratio": 104.18,
            "debt_ratio": 38.23,
            "inventory_turnover_ratio": 0.81,
            "account_receivable_turnover_ratio": 0.97,
            "reinvestment_rate": 38.37,
            "research_to_sale_ratio": null,
            "price_fair": 33.6,
            "eps_avg_yearly": 0.96,
            "eps_latest_yearly": 0.88,
            "eps_growth_yearly": 155.31
        },
        "20122": {
            "year_quarter": 20122,
            "year": 2012,
            "quarter": 2,
            "eps": 0.14,
            "eps_growth_year": -48.61,
            "eps_4q": 0.63,
            "eps_4q_growth_year": -7.92,
            "roe": 0.86,
            "roe_4q": 4.05,
            "gross_profit": 70374,
            "gross_margin": 9.96,
            "gross_margin_4q_avg": 9.45,
            "net_income": 38689,
            "net_income_4q": null,
            "revenue": 706598,
            "revenue_4q": null,
            "common_shares": 3423000,
            "book_valuer_per_share": 15.94,
            "book_valuer_per_share_4q_avg": 15.69,
            "equity": 4528491,
            "current_ratio": 105.23,
            "debt_ratio": 38.56,
            "inventory_turnover_ratio": 0.95,
            "account_receivable_turnover_ratio": 0.95,
            "reinvestment_rate": 39.87,
            "research_to_sale_ratio": null,
            "price_fair": 33.13,
            "eps_avg_yearly": 0.95,
            "eps_latest_yearly": 0.56,
            "eps_growth_yearly": 160.73
        },
        "20123": {
            "year_quarter": 20123,
            "year": 2012,
            "quarter": 3,
            "eps": 0.62,
            "eps_growth_year": 1161.65,
            "eps_4q": 1.21,
            "eps_4q_growth_year": 128.11,
            "roe": 3.81,
            "roe_4q": 7.54,
            "gross_profit": 91334,
            "gross_margin": 14.3,
            "gross_margin_4q_avg": 11.2,
            "net_income": 176846,
            "net_income_4q": null,
            "revenue": 638548,
            "revenue_4q": null,
            "common_shares": 3423000,
            "book_valuer_per_share": 16.69,
            "book_valuer_per_share_4q_avg": 16.01,
            "equity": 4742996,
            "current_ratio": 117.27,
            "debt_ratio": 37.8,
            "inventory_turnover_ratio": 0.74,
            "account_receivable_turnover_ratio": 0.76,
            "reinvestment_rate": 32.69,
            "research_to_sale_ratio": null,
            "price_fair": 39.08,
            "eps_avg_yearly": 1.12,
            "eps_latest_yearly": 2.48,
            "eps_growth_yearly": 287.98
        },
        "20124": {
            "year_quarter": 20124,
            "year": 2012,
            "quarter": 4,
            "eps": 0.35,
            "eps_growth_year": 54.04,
            "eps_4q": 1.33,
            "eps_4q_growth_year": 152.57,
            "roe": 2.06,
            "roe_4q": 8.14,
            "gross_profit": 122563,
            "gross_margin": 16.47,
            "gross_margin_4q_avg": 13.57,
            "net_income": 98579,
            "net_income_4q": null,
            "revenue": 744157,
            "revenue_4q": null,
            "common_shares": 3423000,
            "book_valuer_per_share": 17,
            "book_valuer_per_share_4q_avg": 16.38,
            "equity": 4829088,
            "current_ratio": 124.93,
            "debt_ratio": 35.14,
            "inventory_turnover_ratio": 0.86,
            "account_receivable_turnover_ratio": 0.85,
            "reinvestment_rate": 30.93,
            "research_to_sale_ratio": null,
            "price_fair": 42.35,
            "eps_avg_yearly": 1.21,
            "eps_latest_yearly": 1.4,
            "eps_growth_yearly": 285.58
        },
        "20131": {
            "year_quarter": 20131,
            "year": 2013,
            "quarter": 1,
            "eps": 0.04,
            "eps_growth_year": -81.82,
            "eps_4q": 1.15,
            "eps_4q_growth_year": 50.77,
            "roe": 0.25,
            "roe_4q": 6.98,
            "gross_profit": 58987,
            "gross_margin": 11.9,
            "gross_margin_4q_avg": 13.16,
            "net_income": 12030,
            "net_income_4q": null,
            "revenue": 495672,
            "revenue_4q": null,
            "common_shares": 3423000,
            "book_valuer_per_share": 17.01,
            "book_valuer_per_share_4q_avg": 16.66,
            "equity": 4831736,
            "current_ratio": 121.26,
            "debt_ratio": 36.49,
            "inventory_turnover_ratio": 0.62,
            "account_receivable_turnover_ratio": 0.58,
            "reinvestment_rate": 53.53,
            "research_to_sale_ratio": null,
            "price_fair": 41.18,
            "eps_avg_yearly": 1.18,
            "eps_latest_yearly": 0.16,
            "eps_growth_yearly": 222.73
        },
        "20132": {
            "year_quarter": 20132,
            "year": 2013,
            "quarter": 2,
            "eps": 0.26,
            "eps_growth_year": 90.62,
            "eps_4q": 1.28,
            "eps_4q_growth_year": 101.72,
            "roe": 1.54,
            "roe_4q": 7.66,
            "gross_profit": 120265,
            "gross_margin": 14.91,
            "gross_margin_4q_avg": 14.4,
            "net_income": 75094,
            "net_income_4q": null,
            "revenue": 806594,
            "revenue_4q": null,
            "common_shares": 3423000,
            "book_valuer_per_share": 17.24,
            "book_valuer_per_share_4q_avg": 16.99,
            "equity": 4898696,
            "current_ratio": 125.61,
            "debt_ratio": 35.54,
            "inventory_turnover_ratio": 0.91,
            "account_receivable_turnover_ratio": 0.95,
            "reinvestment_rate": 54.82,
            "research_to_sale_ratio": null,
            "price_fair": 40.25,
            "eps_avg_yearly": 1.15,
            "eps_latest_yearly": 1.04,
            "eps_growth_yearly": 358.44
        },
        "20133": {
            "year_quarter": 20133,
            "year": 2013,
            "quarter": 3,
            "eps": 0.28,
            "eps_growth_year": -55.09,
            "eps_4q": 0.93,
            "eps_4q_growth_year": -22.85,
            "roe": 1.59,
            "roe_4q": 5.4399999999999995,
            "gross_profit": 95111,
            "gross_margin": 14.58,
            "gross_margin_4q_avg": 14.47,
            "net_income": 78589,
            "net_income_4q": null,
            "revenue": 652515,
            "revenue_4q": null,
            "common_shares": 3423000,
            "book_valuer_per_share": 17.61,
            "book_valuer_per_share_4q_avg": 17.22,
            "equity": 5002945,
            "current_ratio": 130.87,
            "debt_ratio": 35.4,
            "inventory_turnover_ratio": 0.74,
            "account_receivable_turnover_ratio": 0.77,
            "reinvestment_rate": 62.09,
            "research_to_sale_ratio": null,
            "price_fair": 34.77,
            "eps_avg_yearly": 0.99,
            "eps_latest_yearly": 1.12,
            "eps_growth_yearly": 320.81
        },
        "20134": {
            "year_quarter": 20134,
            "year": 2013,
            "quarter": 4,
            "eps": 0.28,
            "eps_growth_year": -18.82,
            "eps_4q": 0.87,
            "eps_4q_growth_year": -34.84,
            "roe": 1.58,
            "roe_4q": 4.96,
            "gross_profit": 182826,
            "gross_margin": 19.29,
            "gross_margin_4q_avg": 15.17,
            "net_income": 80018,
            "net_income_4q": null,
            "revenue": 947817,
            "revenue_4q": null,
            "common_shares": 3423000,
            "book_valuer_per_share": 18.07,
            "book_valuer_per_share_4q_avg": 17.48,
            "equity": 5133438,
            "current_ratio": 118.08,
            "debt_ratio": 39.82,
            "inventory_turnover_ratio": 0.99,
            "account_receivable_turnover_ratio": 0.88,
            "reinvestment_rate": 63.38,
            "research_to_sale_ratio": null,
            "price_fair": 33.95,
            "eps_avg_yearly": 0.97,
            "eps_latest_yearly": 1.12,
            "eps_growth_yearly": 338.59
        },
        "20141": {
            "year_quarter": 20141,
            "year": 2014,
            "quarter": 1,
            "eps": 0.12,
            "eps_growth_year": 200,
            "eps_4q": 0.94,
            "eps_4q_growth_year": -17.99,
            "roe": 0.66,
            "roe_4q": 5.37,
            "gross_profit": 93627,
            "gross_margin": 13.19,
            "gross_margin_4q_avg": 15.49,
            "net_income": 33774,
            "net_income_4q": null,
            "revenue": 709783,
            "revenue_4q": null,
            "common_shares": 3423000,
            "book_valuer_per_share": 18.21,
            "book_valuer_per_share_4q_avg": 17.78,
            "equity": 5173087,
            "current_ratio": 119.97,
            "debt_ratio": 38.75,
            "inventory_turnover_ratio": 0.86,
            "account_receivable_turnover_ratio": 0.57,
            "reinvestment_rate": 68.12,
            "research_to_sale_ratio": null,
            "price_fair": 32.63,
            "eps_avg_yearly": 0.93,
            "eps_latest_yearly": 0.48,
            "eps_growth_yearly": 294.96
        },
        "20142": {
            "year_quarter": 20142,
            "year": 2014,
            "quarter": 2,
            "eps": 0.21,
            "eps_growth_year": -19.23,
            "eps_4q": 0.89,
            "eps_4q_growth_year": -30.73,
            "roe": 1.13,
            "roe_4q": 4.96,
            "gross_profit": 73177,
            "gross_margin": 8.98,
            "gross_margin_4q_avg": 14.01,
            "net_income": 58764,
            "net_income_4q": null,
            "revenue": 815047,
            "revenue_4q": null,
            "common_shares": 3423000,
            "book_valuer_per_share": 18.5,
            "book_valuer_per_share_4q_avg": 18.1,
            "equity": 5255304,
            "current_ratio": 125.29,
            "debt_ratio": 37.43,
            "inventory_turnover_ratio": 1.13,
            "account_receivable_turnover_ratio": 0.69,
            "reinvestment_rate": 23.15,
            "research_to_sale_ratio": null,
            "price_fair": 32.4,
            "eps_avg_yearly": 0.93,
            "eps_latest_yearly": 0.84,
            "eps_growth_yearly": 295.32
        },
        "20143": {
            "year_quarter": 20143,
            "year": 2014,
            "quarter": 3,
            "eps": 0.14,
            "eps_growth_year": -50,
            "eps_4q": 0.75,
            "eps_4q_growth_year": -19.74,
            "roe": 0.75,
            "roe_4q": 4.12,
            "gross_profit": 60586,
            "gross_margin": 11.1,
            "gross_margin_4q_avg": 13.14,
            "net_income": 39559,
            "net_income_4q": null,
            "revenue": 546066,
            "revenue_4q": null,
            "common_shares": 3423000,
            "book_valuer_per_share": 18.65,
            "book_valuer_per_share_4q_avg": 18.36,
            "equity": 5297060,
            "current_ratio": 127.54,
            "debt_ratio": 36.89,
            "inventory_turnover_ratio": 0.66,
            "account_receivable_turnover_ratio": 0.51,
            "reinvestment_rate": 22.63,
            "research_to_sale_ratio": null,
            "price_fair": 31.7,
            "eps_avg_yearly": 0.91,
            "eps_latest_yearly": 0.56,
            "eps_growth_yearly": 285.8
        },
        "20144": {
            "year_quarter": 20144,
            "year": 2014,
            "quarter": 4,
            "eps": 0.42,
            "eps_growth_year": 48.09,
            "eps_4q": 0.88,
            "eps_4q_growth_year": 1.98,
            "roe": 2.2,
            "roe_4q": 4.74,
            "gross_profit": 60790,
            "gross_margin": 10.92,
            "gross_margin_4q_avg": 11.05,
            "net_income": 118506,
            "net_income_4q": null,
            "revenue": 556458,
            "revenue_4q": null,
            "common_shares": 3423000,
            "book_valuer_per_share": 19.34,
            "book_valuer_per_share_4q_avg": 18.68,
            "equity": 5494775,
            "current_ratio": 144.32,
            "debt_ratio": 34.91,
            "inventory_turnover_ratio": 0.56,
            "account_receivable_turnover_ratio": 0.57,
            "reinvestment_rate": 20.25,
            "research_to_sale_ratio": null,
            "price_fair": 33.6,
            "eps_avg_yearly": 0.96,
            "eps_latest_yearly": 1.68,
            "eps_growth_yearly": 340.22
        },
        "20151": {
            "year_quarter": 20151,
            "year": 2015,
            "quarter": 1,
            "eps": 0.39,
            "eps_growth_year": 225,
            "eps_4q": 1.16,
            "eps_4q_growth_year": 22.88,
            "roe": 2.01,
            "roe_4q": 6.09,
            "gross_profit": 45938,
            "gross_margin": 7.36,
            "gross_margin_4q_avg": 9.59,
            "net_income": 111861,
            "net_income_4q": null,
            "revenue": 624407,
            "revenue_4q": null,
            "common_shares": 3423000,
            "book_valuer_per_share": 19.77,
            "book_valuer_per_share_4q_avg": 19.07,
            "equity": 5616343,
            "current_ratio": 158.37,
            "debt_ratio": 32.94,
            "inventory_turnover_ratio": 0.62,
            "account_receivable_turnover_ratio": 0.65,
            "reinvestment_rate": 17.76,
            "research_to_sale_ratio": null,
            "price_fair": 35,
            "eps_avg_yearly": 1,
            "eps_latest_yearly": 1.56,
            "eps_growth_yearly": 315.63
        },
        "20152": {
            "year_quarter": 20152,
            "year": 2015,
            "quarter": 2,
            "eps": 0.17,
            "eps_growth_year": -19.05,
            "eps_4q": 1.12,
            "eps_4q_growth_year": 26.56,
            "roe": 0.85,
            "roe_4q": 5.8100000000000005,
            "gross_profit": 70437,
            "gross_margin": 8.66,
            "gross_margin_4q_avg": 9.51,
            "net_income": 47923,
            "net_income_4q": null,
            "revenue": 813349,
            "revenue_4q": null,
            "common_shares": 3423000,
            "book_valuer_per_share": 19.93,
            "book_valuer_per_share_4q_avg": 19.42,
            "equity": 5660121,
            "current_ratio": 157.95,
            "debt_ratio": 33.77,
            "inventory_turnover_ratio": 0.88,
            "account_receivable_turnover_ratio": 0.74,
            "reinvestment_rate": 18.27,
            "research_to_sale_ratio": null,
            "price_fair": 34.3,
            "eps_avg_yearly": 0.98,
            "eps_latest_yearly": 0.68,
            "eps_growth_yearly": 281.8
        },
        "20153": {
            "year_quarter": 20153,
            "year": 2015,
            "quarter": 3,
            "eps": 0.52,
            "eps_growth_year": 271.43,
            "eps_4q": 1.98,
            "eps_4q_growth_year": 164.46,
            "roe": 2.73,
            "roe_4q": 7.79,
            "gross_profit": 74620,
            "gross_margin": 9.75,
            "gross_margin_4q_avg": 9.17,
            "net_income": 147280,
            "net_income_4q": null,
            "revenue": 765538,
            "revenue_4q": null,
            "common_shares": 2738400,
            "book_valuer_per_share": 23.77,
            "book_valuer_per_share_4q_avg": 20.7,
            "equity": 5123833,
            "current_ratio": 123.17,
            "debt_ratio": 41.95,
            "inventory_turnover_ratio": 0.9,
            "account_receivable_turnover_ratio": 0.59,
            "reinvestment_rate": 17.12,
            "research_to_sale_ratio": null,
            "price_fair": 38.41,
            "eps_avg_yearly": 1.1,
            "eps_latest_yearly": 2.08,
            "eps_growth_yearly": 353.64
        },
        "20154": {
            "year_quarter": 20154,
            "year": 2015,
            "quarter": 4,
            "eps": 0.61,
            "eps_growth_year": 46.36,
            "eps_4q": 1.96,
            "eps_4q_growth_year": 122.38,
            "roe": 2.66,
            "roe_4q": 8.25,
            "gross_profit": 88083,
            "gross_margin": 10.39,
            "gross_margin_4q_avg": 9.04,
            "net_income": 138758,
            "net_income_4q": null,
            "revenue": 848059,
            "revenue_4q": null,
            "common_shares": 2738400,
            "book_valuer_per_share": 23.3,
            "book_valuer_per_share_4q_avg": 21.69,
            "equity": 5294829,
            "current_ratio": 138.34,
            "debt_ratio": 37.93,
            "inventory_turnover_ratio": 1,
            "account_receivable_turnover_ratio": 0.63,
            "reinvestment_rate": 16.38,
            "research_to_sale_ratio": null,
            "price_fair": 41.74,
            "eps_avg_yearly": 1.19,
            "eps_latest_yearly": 2.44,
            "eps_growth_yearly": 267.97
        },
        "20161": {
            "year_quarter": 20161,
            "year": 2016,
            "quarter": 1,
            "eps": 0.34,
            "eps_growth_year": -12.82,
            "eps_4q": 1.81,
            "eps_4q_growth_year": 56.06,
            "roe": 1.43,
            "roe_4q": 7.67,
            "gross_profit": 38989,
            "gross_margin": 6.83,
            "gross_margin_4q_avg": 8.91,
            "net_income": 76401,
            "net_income_4q": null,
            "revenue": 571010,
            "revenue_4q": null,
            "common_shares": 2738400,
            "book_valuer_per_share": 23.62,
            "book_valuer_per_share_4q_avg": 22.66,
            "equity": 5367454,
            "current_ratio": 138.79,
            "debt_ratio": 39.12,
            "inventory_turnover_ratio": 0.64,
            "account_receivable_turnover_ratio": 0.44,
            "reinvestment_rate": 17.19,
            "research_to_sale_ratio": null,
            "price_fair": 42.79,
            "eps_avg_yearly": 1.22,
            "eps_latest_yearly": 1.36,
            "eps_growth_yearly": 257.99
        },
        "20162": {
            "year_quarter": 20162,
            "year": 2016,
            "quarter": 2,
            "eps": 0.32,
            "eps_growth_year": 88.24,
            "eps_4q": 1.92,
            "eps_4q_growth_year": 71.18,
            "roe": 1.37,
            "roe_4q": 8.19,
            "gross_profit": 117111,
            "gross_margin": 15.7,
            "gross_margin_4q_avg": 10.67,
            "net_income": 72825,
            "net_income_4q": null,
            "revenue": 746123,
            "revenue_4q": null,
            "common_shares": 2738400,
            "book_valuer_per_share": 23.23,
            "book_valuer_per_share_4q_avg": 23.48,
            "equity": 5278643,
            "current_ratio": 152.9,
            "debt_ratio": 37.39,
            "inventory_turnover_ratio": 0.7,
            "account_receivable_turnover_ratio": 0.64,
            "reinvestment_rate": 16.67,
            "research_to_sale_ratio": null,
            "price_fair": 44.36,
            "eps_avg_yearly": 1.27,
            "eps_latest_yearly": 1.28,
            "eps_growth_yearly": 265.61
        },
        "20163": {
            "year_quarter": 20163,
            "year": 2016,
            "quarter": 3,
            "eps": 0.8,
            "eps_growth_year": 53.85,
            "eps_4q": 3.25,
            "eps_4q_growth_year": 64.29,
            "roe": 3.62,
            "roe_4q": 9.08,
            "gross_profit": 138284,
            "gross_margin": 14.8,
            "gross_margin_4q_avg": 11.93,
            "net_income": 182623,
            "net_income_4q": null,
            "revenue": 934304,
            "revenue_4q": null,
            "common_shares": 1916880,
            "book_valuer_per_share": 33.18,
            "book_valuer_per_share_4q_avg": 25.83,
            "equity": 4812859,
            "current_ratio": 126.51,
            "debt_ratio": 44.35,
            "inventory_turnover_ratio": 0.96,
            "account_receivable_turnover_ratio": 0.74,
            "reinvestment_rate": 19.22,
            "research_to_sale_ratio": null,
            "price_fair": 45.94,
            "eps_avg_yearly": 1.31,
            "eps_latest_yearly": 3.2,
            "eps_growth_yearly": 217.4
        },
        "20164": {
            "year_quarter": 20164,
            "year": 2016,
            "quarter": 4,
            "eps": -0.21,
            "eps_growth_year": -134.56,
            "eps_4q": 1.88,
            "eps_4q_growth_year": -4.5,
            "roe": -0.7,
            "roe_4q": 5.72,
            "gross_profit": 21752,
            "gross_margin": 3.78,
            "gross_margin_4q_avg": 10.28,
            "net_income": -33577,
            "net_income_4q": null,
            "revenue": 575021,
            "revenue_4q": null,
            "common_shares": 1916880,
            "book_valuer_per_share": 30.1,
            "book_valuer_per_share_4q_avg": 27.53,
            "equity": 4790925,
            "current_ratio": 136.92,
            "debt_ratio": 38.22,
            "inventory_turnover_ratio": 0.77,
            "account_receivable_turnover_ratio": 0.45,
            "reinvestment_rate": 21.88,
            "research_to_sale_ratio": null,
            "price_fair": 45.73,
            "eps_avg_yearly": 1.31,
            "eps_latest_yearly": 3.2,
            "eps_growth_yearly": 243.5
        },
        "20171": {
            "year_quarter": 20171,
            "year": 2017,
            "quarter": 1,
            "eps": 0.57,
            "eps_growth_year": 67.65,
            "eps_4q": 1.96,
            "eps_4q_growth_year": 8.45,
            "roe": 1.85,
            "roe_4q": 6.140000000000001,
            "gross_profit": 66081,
            "gross_margin": 11.52,
            "gross_margin_4q_avg": 11.45,
            "net_income": 89904,
            "net_income_4q": null,
            "revenue": 573811,
            "revenue_4q": null,
            "common_shares": 1916880,
            "book_valuer_per_share": 30.82,
            "book_valuer_per_share_4q_avg": 29.33,
            "equity": 4905974,
            "current_ratio": 149.79,
            "debt_ratio": 35.95,
            "inventory_turnover_ratio": 0.69,
            "account_receivable_turnover_ratio": 0.52,
            "reinvestment_rate": 2.86,
            "research_to_sale_ratio": null,
            "price_fair": 48.6,
            "eps_avg_yearly": 1.39,
            "eps_latest_yearly": 3.2,
            "eps_growth_yearly": 286.2
        },
        "20172": {
            "year_quarter": 20172,
            "year": 2017,
            "quarter": 2,
            "eps": 0.18,
            "eps_growth_year": -43.75,
            "eps_4q": 1.69,
            "eps_4q_growth_year": -12.04,
            "roe": 0.6,
            "roe_4q": 5.37,
            "gross_profit": 94926,
            "gross_margin": 14.14,
            "gross_margin_4q_avg": 11.06,
            "net_income": 29281,
            "net_income_4q": null,
            "revenue": 671348,
            "revenue_4q": null,
            "common_shares": 1916880,
            "book_valuer_per_share": 30.65,
            "book_valuer_per_share_4q_avg": 31.19,
            "equity": 4880033,
            "current_ratio": 143.09,
            "debt_ratio": 38.27,
            "inventory_turnover_ratio": 0.72,
            "account_receivable_turnover_ratio": 0.62,
            "reinvestment_rate": 2.3,
            "research_to_sale_ratio": null,
            "price_fair": 47.8,
            "eps_avg_yearly": 1.37,
            "eps_latest_yearly": 0.72,
            "eps_growth_yearly": 109.51
        },
        "20173": {
            "year_quarter": 20173,
            "year": 2017,
            "quarter": 3,
            "eps": 0.77,
            "eps_growth_year": -3.75,
            "eps_4q": 1.3,
            "eps_4q_growth_year": -59.84,
            "roe": 2.47,
            "roe_4q": 4.22,
            "gross_profit": 125836,
            "gross_margin": 15,
            "gross_margin_4q_avg": 11.11,
            "net_income": 122256,
            "net_income_4q": null,
            "revenue": 838945,
            "revenue_4q": null,
            "common_shares": 1916880,
            "book_valuer_per_share": 31.42,
            "book_valuer_per_share_4q_avg": 30.75,
            "equity": 5002342,
            "current_ratio": 155.04,
            "debt_ratio": 35.46,
            "inventory_turnover_ratio": 0.93,
            "account_receivable_turnover_ratio": 0.74,
            "reinvestment_rate": 3.14,
            "research_to_sale_ratio": null,
            "price_fair": 52.7,
            "eps_avg_yearly": 1.51,
            "eps_latest_yearly": 3.08,
            "eps_growth_yearly": 200.96
        },
        "20174": {
            "year_quarter": 20174,
            "year": 2017,
            "quarter": 4,
            "eps": 0.26,
            "eps_growth_year": null,
            "eps_4q": 1.77,
            "eps_4q_growth_year": -5.58,
            "roe": 0.8,
            "roe_4q": 5.720000000000001,
            "gross_profit": 30671,
            "gross_margin": 5,
            "gross_margin_4q_avg": 11.42,
            "net_income": 40468,
            "net_income_4q": null,
            "revenue": 613810,
            "revenue_4q": null,
            "common_shares": 1916880,
            "book_valuer_per_share": 31.94,
            "book_valuer_per_share_4q_avg": 31.21,
            "equity": 5085922,
            "current_ratio": 167.44,
            "debt_ratio": 33.34,
            "inventory_turnover_ratio": 0.89,
            "account_receivable_turnover_ratio": 0.54,
            "reinvestment_rate": 0.9,
            "research_to_sale_ratio": null,
            "price_fair": 52.5,
            "eps_avg_yearly": 1.5,
            "eps_latest_yearly": 1.04,
            "eps_growth_yearly": 182.04
        },
        "20181": {
            "year_quarter": 20181,
            "year": 2018,
            "quarter": 1,
            "eps": 0.1,
            "eps_growth_year": -82.46,
            "eps_4q": 1.31,
            "eps_4q_growth_year": -33.32,
            "roe": 0.32,
            "roe_4q": 4.19,
            "gross_profit": 59105,
            "gross_margin": 10.1,
            "gross_margin_4q_avg": 11.06,
            "net_income": 16244,
            "net_income_4q": null,
            "revenue": 585386,
            "revenue_4q": null,
            "common_shares": 1916880,
            "book_valuer_per_share": 31.56,
            "book_valuer_per_share_4q_avg": 31.39,
            "equity": 5025940,
            "current_ratio": 171.54,
            "debt_ratio": 34.08,
            "inventory_turnover_ratio": 0.87,
            "account_receivable_turnover_ratio": 0.51,
            "reinvestment_rate": -14.6,
            "research_to_sale_ratio": null,
            "price_fair": 52.3,
            "eps_avg_yearly": 1.49,
            "eps_latest_yearly": 0.4,
            "eps_growth_yearly": 180.78
        },
        "20182": {
            "year_quarter": 20182,
            "year": 2018,
            "quarter": 2,
            "eps": -0.02,
            "eps_growth_year": -111.11,
            "eps_4q": 1.1,
            "eps_4q_growth_year": -34.7,
            "roe": -0.07,
            "roe_4q": 3.5200000000000005,
            "gross_profit": 37110,
            "gross_margin": 7.4,
            "gross_margin_4q_avg": 9.38,
            "net_income": -3451,
            "net_income_4q": null,
            "revenue": 501178,
            "revenue_4q": null,
            "common_shares": 1916880,
            "book_valuer_per_share": 30.31,
            "book_valuer_per_share_4q_avg": 31.31,
            "equity": 4827672,
            "current_ratio": 152.31,
            "debt_ratio": 37.62,
            "inventory_turnover_ratio": 0.7,
            "account_receivable_turnover_ratio": 0.47,
            "reinvestment_rate": -15.97,
            "research_to_sale_ratio": null,
            "price_fair": 54.06,
            "eps_avg_yearly": 1.54,
            "eps_latest_yearly": 0.4,
            "eps_growth_yearly": 171.61
        },
        "20183": {
            "year_quarter": 20183,
            "year": 2018,
            "quarter": 3,
            "eps": 0.63,
            "eps_growth_year": -18.18,
            "eps_4q": 0.97,
            "eps_4q_growth_year": -25.86,
            "roe": 2.07,
            "roe_4q": 3.12,
            "gross_profit": 105434,
            "gross_margin": 13.78,
            "gross_margin_4q_avg": 9.07,
            "net_income": 101029,
            "net_income_4q": null,
            "revenue": 765019,
            "revenue_4q": null,
            "common_shares": 1916880,
            "book_valuer_per_share": 31.05,
            "book_valuer_per_share_4q_avg": 31.22,
            "equity": 4947564,
            "current_ratio": 153.65,
            "debt_ratio": 38.36,
            "inventory_turnover_ratio": 0.91,
            "account_receivable_turnover_ratio": 0.7,
            "reinvestment_rate": -14.52,
            "research_to_sale_ratio": null,
            "price_fair": 56.93,
            "eps_avg_yearly": 1.63,
            "eps_latest_yearly": 0.4,
            "eps_growth_yearly": 197.03
        },
        "20184": {
            "year_quarter": 20184,
            "year": 2018,
            "quarter": 4,
            "eps": 0.11,
            "eps_growth_year": -58.6,
            "eps_4q": 0.82,
            "eps_4q_growth_year": -53.84,
            "roe": 0.34,
            "roe_4q": 2.6599999999999997,
            "gross_profit": 49120,
            "gross_margin": 7.5,
            "gross_margin_4q_avg": 9.7,
            "net_income": 16715,
            "net_income_4q": null,
            "revenue": 654511,
            "revenue_4q": null,
            "common_shares": 1916880,
            "book_valuer_per_share": 30.79,
            "book_valuer_per_share_4q_avg": 30.93,
            "equity": 4905274,
            "current_ratio": 154.69,
            "debt_ratio": 37.36,
            "inventory_turnover_ratio": 0.83,
            "account_receivable_turnover_ratio": 0.58,
            "reinvestment_rate": -17.9,
            "research_to_sale_ratio": null,
            "price_fair": 53.32,
            "eps_avg_yearly": 1.52,
            "eps_latest_yearly": 0.44,
            "eps_growth_yearly": 102.85
        },
        "20191": {
            "year_quarter": 20191,
            "year": 2019,
            "quarter": 1,
            "eps": 0.05,
            "eps_growth_year": -50,
            "eps_4q": 0.76,
            "eps_4q_growth_year": -41.57,
            "roe": 0.16,
            "roe_4q": 2.5,
            "gross_profit": 52427,
            "gross_margin": 11.56,
            "gross_margin_4q_avg": 10.06,
            "net_income": 7717,
            "net_income_4q": null,
            "revenue": 453631,
            "revenue_4q": null,
            "common_shares": 1916880,
            "book_valuer_per_share": 31.06,
            "book_valuer_per_share_4q_avg": 30.8,
            "equity": 4948066,
            "current_ratio": 162.5,
            "debt_ratio": 35.62,
            "inventory_turnover_ratio": 0.52,
            "account_receivable_turnover_ratio": 0.5,
            "reinvestment_rate": -19.87,
            "research_to_sale_ratio": null,
            "price_fair": 49.35,
            "eps_avg_yearly": 1.41,
            "eps_latest_yearly": 0.2,
            "eps_growth_yearly": 87.04
        },
        "20192": {
            "year_quarter": 20192,
            "year": 2019,
            "quarter": 2,
            "eps": 0.35,
            "eps_growth_year": null,
            "eps_4q": 1.14,
            "eps_4q_growth_year": 3.03,
            "roe": 1.12,
            "roe_4q": 3.69,
            "gross_profit": 107958,
            "gross_margin": 15.23,
            "gross_margin_4q_avg": 12.02,
            "net_income": 55481,
            "net_income_4q": null,
            "revenue": 708852,
            "revenue_4q": null,
            "common_shares": 1916880,
            "book_valuer_per_share": 31.38,
            "book_valuer_per_share_4q_avg": 31.07,
            "equity": 4997217,
            "current_ratio": 162.61,
            "debt_ratio": 35.99,
            "inventory_turnover_ratio": 0.78,
            "account_receivable_turnover_ratio": 0.85,
            "reinvestment_rate": -19.25,
            "research_to_sale_ratio": null,
            "price_fair": 51.45,
            "eps_avg_yearly": 1.47,
            "eps_latest_yearly": 1.4,
            "eps_growth_yearly": 305.85
        },
        "20193": {
            "year_quarter": 20193,
            "year": 2019,
            "quarter": 3,
            "eps": 0.53,
            "eps_growth_year": -15.87,
            "eps_4q": 1.03,
            "eps_4q_growth_year": 6.71,
            "roe": 1.69,
            "roe_4q": 3.31,
            "gross_profit": 102751,
            "gross_margin": 14.72,
            "gross_margin_4q_avg": 12.25,
            "net_income": 84611,
            "net_income_4q": null,
            "revenue": 697961,
            "revenue_4q": null,
            "common_shares": 1916880,
            "book_valuer_per_share": 31.31,
            "book_valuer_per_share_4q_avg": 31.14,
            "equity": 4987652,
            "current_ratio": 163.26,
            "debt_ratio": 35.75,
            "inventory_turnover_ratio": 0.84,
            "account_receivable_turnover_ratio": 0.73,
            "reinvestment_rate": -21.39,
            "research_to_sale_ratio": null,
            "price_fair": 51.57,
            "eps_avg_yearly": 1.47,
            "eps_latest_yearly": 2.12,
            "eps_growth_yearly": 254.36
        },
        "20194": {
            "year_quarter": 20194,
            "year": 2019,
            "quarter": 4,
            "eps": 0.54,
            "eps_growth_year": 407.26,
            "eps_4q": 1.46,
            "eps_4q_growth_year": 78.89,
            "roe": 1.68,
            "roe_4q": 4.65,
            "gross_profit": 132744,
            "gross_margin": 15.55,
            "gross_margin_4q_avg": 14.27,
            "net_income": 85114,
            "net_income_4q": null,
            "revenue": 853820,
            "revenue_4q": null,
            "common_shares": 1916880,
            "book_valuer_per_share": 32.24,
            "book_valuer_per_share_4q_avg": 31.5,
            "equity": 5136629,
            "current_ratio": 165.91,
            "debt_ratio": 36.58,
            "inventory_turnover_ratio": 1.01,
            "account_receivable_turnover_ratio": 0.79,
            "reinvestment_rate": -22.71,
            "research_to_sale_ratio": null,
            "price_fair": 50.75,
            "eps_avg_yearly": 1.45,
            "eps_latest_yearly": 2.16,
            "eps_growth_yearly": 249.22
        },
        "20201": {
            "year_quarter": 20201,
            "year": 2020,
            "quarter": 1,
            "eps": 0.07,
            "eps_growth_year": 40,
            "eps_4q": 1.49,
            "eps_4q_growth_year": 94.69,
            "roe": 0.23,
            "roe_4q": 4.72,
            "gross_profit": 59705,
            "gross_margin": 9.1,
            "gross_margin_4q_avg": 13.65,
            "net_income": 11648,
            "net_income_4q": null,
            "revenue": 656146,
            "revenue_4q": null,
            "common_shares": 1916880,
            "book_valuer_per_share": 31.5,
            "book_valuer_per_share_4q_avg": 31.61,
            "equity": 5016444,
            "current_ratio": 165.7,
            "debt_ratio": 35.7,
            "inventory_turnover_ratio": 0.88,
            "account_receivable_turnover_ratio": 0.62,
            "reinvestment_rate": -25.64,
            "research_to_sale_ratio": null,
            "price_fair": 47.6,
            "eps_avg_yearly": 1.36,
            "eps_latest_yearly": 0.28,
            "eps_growth_yearly": 234.97
        },
        "20202": {
            "year_quarter": 20202,
            "year": 2020,
            "quarter": 2,
            "eps": 0.34,
            "eps_growth_year": -2.86,
            "eps_4q": 1.48,
            "eps_4q_growth_year": 30.26,
            "roe": 1.06,
            "roe_4q": 4.66,
            "gross_profit": 88353,
            "gross_margin": 17.1,
            "gross_margin_4q_avg": 14.12,
            "net_income": 54051,
            "net_income_4q": null,
            "revenue": 516645,
            "revenue_4q": null,
            "common_shares": 1916880,
            "book_valuer_per_share": 32.27,
            "book_valuer_per_share_4q_avg": 31.83,
            "equity": 5140952,
            "current_ratio": 164.15,
            "debt_ratio": 37.11,
            "inventory_turnover_ratio": 0.64,
            "account_receivable_turnover_ratio": 0.52,
            "reinvestment_rate": -26.36,
            "research_to_sale_ratio": null,
            "price_fair": 47.83,
            "eps_avg_yearly": 1.37,
            "eps_latest_yearly": 1.36,
            "eps_growth_yearly": 365.5
        },
        "20203": {
            "year_quarter": 20203,
            "year": 2020,
            "quarter": 3,
            "eps": 1.54,
            "eps_growth_year": 190.57,
            "eps_4q": 2.49,
            "eps_4q_growth_year": 141.54,
            "roe": 4.69,
            "roe_4q": 7.66,
            "gross_profit": 90790,
            "gross_margin": 17.93,
            "gross_margin_4q_avg": 14.92,
            "net_income": 245979,
            "net_income_4q": null,
            "revenue": 506233,
            "revenue_4q": null,
            "common_shares": 1916880,
            "book_valuer_per_share": 33.57,
            "book_valuer_per_share_4q_avg": 32.4,
            "equity": 5346441,
            "current_ratio": 158.27,
            "debt_ratio": 38.82,
            "inventory_turnover_ratio": 0.53,
            "account_receivable_turnover_ratio": 0.5,
            "reinvestment_rate": -25.04,
            "research_to_sale_ratio": null,
            "price_fair": 56.47,
            "eps_avg_yearly": 1.61,
            "eps_latest_yearly": 6.16,
            "eps_growth_yearly": 433.14
        },
        "20204": {
            "year_quarter": 20204,
            "year": 2020,
            "quarter": 4,
            "eps": 0.09,
            "eps_growth_year": -82.45,
            "eps_4q": 2.05,
            "eps_4q_growth_year": 40.22,
            "roe": 0.28,
            "roe_4q": 6.260000000000002,
            "gross_profit": 37642,
            "gross_margin": 6.66,
            "gross_margin_4q_avg": 12.7,
            "net_income": 14891,
            "net_income_4q": null,
            "revenue": 565243,
            "revenue_4q": null,
            "common_shares": 1916880,
            "book_valuer_per_share": 34.05,
            "book_valuer_per_share_4q_avg": 32.85,
            "equity": 5424937,
            "current_ratio": 174.14,
            "debt_ratio": 34.96,
            "inventory_turnover_ratio": 0.58,
            "account_receivable_turnover_ratio": 0.53,
            "reinvestment_rate": -7.63,
            "research_to_sale_ratio": null,
            "price_fair": 53.09,
            "eps_avg_yearly": 1.52,
            "eps_latest_yearly": 0.36,
            "eps_growth_yearly": 370.85
        },
        "20211": {
            "year_quarter": 20211,
            "year": 2021,
            "quarter": 1,
            "eps": 0.49,
            "eps_growth_year": 600,
            "eps_4q": 2.46,
            "eps_4q_growth_year": 65.69,
            "roe": 1.4,
            "roe_4q": 7.43,
            "gross_profit": 133474,
            "gross_margin": 18.08,
            "gross_margin_4q_avg": 14.94,
            "net_income": 77334,
            "net_income_4q": null,
            "revenue": 738424,
            "revenue_4q": null,
            "common_shares": 1916880,
            "book_valuer_per_share": 35.1,
            "book_valuer_per_share_4q_avg": 33.75,
            "equity": 5593178,
            "current_ratio": 178.88,
            "debt_ratio": 34.6,
            "inventory_turnover_ratio": 0.67,
            "account_receivable_turnover_ratio": 0.61,
            "reinvestment_rate": -10.68,
            "research_to_sale_ratio": null,
            "price_fair": 54.2,
            "eps_avg_yearly": 1.55,
            "eps_latest_yearly": 1.96,
            "eps_growth_yearly": 471.35
        },
        "20212": {
            "year_quarter": 20212,
            "year": 2021,
            "quarter": 2,
            "eps": 0.31,
            "eps_growth_year": -8.82,
            "eps_4q": 2.44,
            "eps_4q_growth_year": 64.95,
            "roe": 0.89,
            "roe_4q": 7.260000000000001,
            "gross_profit": 66480,
            "gross_margin": 14.35,
            "gross_margin_4q_avg": 14.26,
            "net_income": 49952,
            "net_income_4q": null,
            "revenue": 463147,
            "revenue_4q": null,
            "common_shares": 1916880,
            "book_valuer_per_share": 35.63,
            "book_valuer_per_share_4q_avg": 34.59,
            "equity": 5678077,
            "current_ratio": 188.87,
            "debt_ratio": 33.05,
            "inventory_turnover_ratio": 0.42,
            "account_receivable_turnover_ratio": 0.41,
            "reinvestment_rate": -3.57,
            "research_to_sale_ratio": null,
            "price_fair": 55.5,
            "eps_avg_yearly": 1.59,
            "eps_latest_yearly": 1.24,
            "eps_growth_yearly": 480.4
        },
        "20213": {
            "year_quarter": 20213,
            "year": 2021,
            "quarter": 3,
            "eps": 0.64,
            "eps_growth_year": -58.44,
            "eps_4q": 1.53,
            "eps_4q_growth_year": -38.56,
            "roe": 1.8,
            "roe_4q": 4.37,
            "gross_profit": 126511,
            "gross_margin": 18.69,
            "gross_margin_4q_avg": 14.45,
            "net_income": 102044,
            "net_income_4q": null,
            "revenue": 677057,
            "revenue_4q": null,
            "common_shares": 1916880,
            "book_valuer_per_share": 35.66,
            "book_valuer_per_share_4q_avg": 35.11,
            "equity": 5686603,
            "current_ratio": 181.67,
            "debt_ratio": 34.48,
            "inventory_turnover_ratio": 0.54,
            "account_receivable_turnover_ratio": 0.65,
            "reinvestment_rate": -4.07,
            "research_to_sale_ratio": null,
            "price_fair": 54.2,
            "eps_avg_yearly": 1.55,
            "eps_latest_yearly": 2.56,
            "eps_growth_yearly": 417.17
        },
        "20214": {
            "year_quarter": 20214,
            "year": 2021,
            "quarter": 4,
            "eps": 0.34,
            "eps_growth_year": 258.88,
            "eps_4q": 1.78,
            "eps_4q_growth_year": -13.43,
            "roe": 0.93,
            "roe_4q": 5.02,
            "gross_profit": 92730,
            "gross_margin": 13.52,
            "gross_margin_4q_avg": 16.16,
            "net_income": 53591,
            "net_income_4q": null,
            "revenue": 685771,
            "revenue_4q": null,
            "common_shares": 1916880,
            "book_valuer_per_share": 36.59,
            "book_valuer_per_share_4q_avg": 35.75,
            "equity": 5834861,
            "current_ratio": 193.29,
            "debt_ratio": 33.27,
            "inventory_turnover_ratio": 0.6,
            "account_receivable_turnover_ratio": 0.62,
            "reinvestment_rate": -1.37,
            "research_to_sale_ratio": null,
            "price_fair": 55,
            "eps_avg_yearly": 1.57,
            "eps_latest_yearly": 1.36,
            "eps_growth_yearly": 422.7
        },
        "20221": {
            "year_quarter": 20221,
            "year": 2022,
            "quarter": 1,
            "eps": 0.28,
            "eps_growth_year": -42.86,
            "eps_4q": 1.57,
            "eps_4q_growth_year": -36.26,
            "roe": 0.76,
            "roe_4q": 4.38,
            "gross_profit": 94998,
            "gross_margin": 13.44,
            "gross_margin_4q_avg": 15,
            "net_income": 44819,
            "net_income_4q": null,
            "revenue": 706643,
            "revenue_4q": null,
            "common_shares": 1916880,
            "book_valuer_per_share": 37.28,
            "book_valuer_per_share_4q_avg": 36.29,
            "equity": 5947280,
            "current_ratio": 182.5,
            "debt_ratio": 35.68,
            "inventory_turnover_ratio": 0.56,
            "account_receivable_turnover_ratio": 0.59,
            "reinvestment_rate": 16.16,
            "research_to_sale_ratio": null,
            "price_fair": 56.8,
            "eps_avg_yearly": 1.62,
            "eps_latest_yearly": 1.12,
            "eps_growth_yearly": 435.24
        },
        "20222": {
            "year_quarter": 20222,
            "year": 2022,
            "quarter": 2,
            "eps": 0.36,
            "eps_growth_year": 16.13,
            "eps_4q": 1.62,
            "eps_4q_growth_year": -33.74,
            "roe": 0.98,
            "roe_4q": 4.47,
            "gross_profit": 88535,
            "gross_margin": 11.28,
            "gross_margin_4q_avg": 14.23,
            "net_income": 57106,
            "net_income_4q": null,
            "revenue": 785219,
            "revenue_4q": null,
            "common_shares": 1916880,
            "book_valuer_per_share": 36.09,
            "book_valuer_per_share_4q_avg": 36.41,
            "equity": 5752963,
            "current_ratio": 172.42,
            "debt_ratio": 37.02,
            "inventory_turnover_ratio": 0.57,
            "account_receivable_turnover_ratio": 0.62,
            "reinvestment_rate": 15.98,
            "research_to_sale_ratio": null,
            "price_fair": 56.37,
            "eps_avg_yearly": 1.61,
            "eps_latest_yearly": 1.44,
            "eps_growth_yearly": 413.84
        },
        "20223": {
            "year_quarter": 20223,
            "year": 2022,
            "quarter": 3,
            "eps": 1.07,
            "eps_growth_year": 67.19,
            "eps_4q": 2.04,
            "eps_4q_growth_year": 33.45,
            "roe": 2.95,
            "roe_4q": 5.62,
            "gross_profit": 169251,
            "gross_margin": 17.55,
            "gross_margin_4q_avg": 13.95,
            "net_income": 170512,
            "net_income_4q": null,
            "revenue": 964588,
            "revenue_4q": null,
            "common_shares": 1916880,
            "book_valuer_per_share": 36.38,
            "book_valuer_per_share_4q_avg": 36.59,
            "equity": 5798138,
            "current_ratio": 169.79,
            "debt_ratio": 37.93,
            "inventory_turnover_ratio": 0.63,
            "account_receivable_turnover_ratio": 0.72,
            "reinvestment_rate": 15.21,
            "research_to_sale_ratio": null,
            "price_fair": 62.21,
            "eps_avg_yearly": 1.78,
            "eps_latest_yearly": 4.28,
            "eps_growth_yearly": 437.28
        },
        "20224": {
            "year_quarter": 20224,
            "year": 2022,
            "quarter": 4,
            "eps": 0.36,
            "eps_growth_year": 6.51,
            "eps_4q": 2.07,
            "eps_4q_growth_year": 16.38,
            "roe": 0.98,
            "roe_4q": 5.67,
            "gross_profit": 95310,
            "gross_margin": 9.44,
            "gross_margin_4q_avg": 12.93,
            "net_income": 57075,
            "net_income_4q": null,
            "revenue": 1010175,
            "revenue_4q": null,
            "common_shares": 1916880,
            "book_valuer_per_share": 37.06,
            "book_valuer_per_share_4q_avg": 36.7,
            "equity": 5907012,
            "current_ratio": 179.36,
            "debt_ratio": 36.02,
            "inventory_turnover_ratio": 0.69,
            "account_receivable_turnover_ratio": 0.76,
            "reinvestment_rate": 13.6,
            "research_to_sale_ratio": null,
            "price_fair": 64.4,
            "eps_avg_yearly": 1.84,
            "eps_latest_yearly": 1.44,
            "eps_growth_yearly": 441.33
        },
        "20231": {
            "year_quarter": 20231,
            "year": 2023,
            "quarter": 1,
            "eps": 0.41,
            "eps_growth_year": 46.43,
            "eps_4q": 2.2,
            "eps_4q_growth_year": 39.98,
            "roe": 1.11,
            "roe_4q": 6.02,
            "gross_profit": 105613,
            "gross_margin": 12.07,
            "gross_margin_4q_avg": 12.59,
            "net_income": 65865,
            "net_income_4q": null,
            "revenue": 874720,
            "revenue_4q": null,
            "common_shares": 1916880,
            "book_valuer_per_share": 37.72,
            "book_valuer_per_share_4q_avg": 36.81,
            "equity": 6011689,
            "current_ratio": 173.7,
            "debt_ratio": 37.89,
            "inventory_turnover_ratio": 0.52,
            "account_receivable_turnover_ratio": 0.72,
            "reinvestment_rate": 13.32,
            "research_to_sale_ratio": null,
            "price_fair": 67.55,
            "eps_avg_yearly": 1.93,
            "eps_latest_yearly": 1.64,
            "eps_growth_yearly": 458.44
        },
        "20232": {
            "year_quarter": 20232,
            "year": 2023,
            "quarter": 2,
            "eps": 0.7,
            "eps_growth_year": 94.44,
            "eps_4q": 2.54,
            "eps_4q_growth_year": 57.39,
            "roe": 1.85,
            "roe_4q": 6.890000000000001,
            "gross_profit": 155635,
            "gross_margin": 15.99,
            "gross_margin_4q_avg": 13.76,
            "net_income": 111822,
            "net_income_4q": null,
            "revenue": 973038,
            "revenue_4q": null,
            "common_shares": 1916880,
            "book_valuer_per_share": 38.14,
            "book_valuer_per_share_4q_avg": 37.33,
            "equity": 6079716,
            "current_ratio": 168.08,
            "debt_ratio": 39.79,
            "inventory_turnover_ratio": 0.48,
            "account_receivable_turnover_ratio": 0.75,
            "reinvestment_rate": 11.92,
            "research_to_sale_ratio": null,
            "price_fair": 70.61,
            "eps_avg_yearly": 2.02,
            "eps_latest_yearly": 2.8,
            "eps_growth_yearly": 326.12
        },
        "20233": {
            "year_quarter": 20233,
            "year": 2023,
            "quarter": 3,
            "eps": 1.08,
            "eps_growth_year": 0.93,
            "eps_4q": 2.56,
            "eps_4q_growth_year": 25.09,
            "roe": 2.79,
            "roe_4q": 6.73,
            "gross_profit": 191388,
            "gross_margin": 15.94,
            "gross_margin_4q_avg": 13.36,
            "net_income": 172199,
            "net_income_4q": null,
            "revenue": 1200441,
            "revenue_4q": null,
            "common_shares": 1916880,
            "book_valuer_per_share": 39.13,
            "book_valuer_per_share_4q_avg": 38.01,
            "equity": 6264432,
            "current_ratio": 169.38,
            "debt_ratio": 40.18,
            "inventory_turnover_ratio": 0.57,
            "account_receivable_turnover_ratio": 0.76,
            "reinvestment_rate": 11.3,
            "research_to_sale_ratio": null,
            "price_fair": 75.43,
            "eps_avg_yearly": 2.16,
            "eps_latest_yearly": 4.32,
            "eps_growth_yearly": 326.83
        },
        "20234": {
            "year_quarter": 20234,
            "year": 2023,
            "quarter": 4,
            "eps": 0.79,
            "eps_growth_year": 118.87,
            "eps_4q": 2.99,
            "eps_4q_growth_year": 44.45,
            "roe": 1.95,
            "roe_4q": 7.7,
            "gross_profit": 152564,
            "gross_margin": 15.83,
            "gross_margin_4q_avg": 14.96,
            "net_income": 124707,
            "net_income_4q": null,
            "revenue": 963789,
            "revenue_4q": null,
            "common_shares": 1916880,
            "book_valuer_per_share": 40.63,
            "book_valuer_per_share_4q_avg": 38.91,
            "equity": 6503850,
            "current_ratio": 187.09,
            "debt_ratio": 36.64,
            "inventory_turnover_ratio": 0.47,
            "account_receivable_turnover_ratio": 0.61,
            "reinvestment_rate": 12.52,
            "research_to_sale_ratio": null,
            "price_fair": 77.61,
            "eps_avg_yearly": 2.22,
            "eps_latest_yearly": 3.16,
            "eps_growth_yearly": 319.65
        }
    },
    "months": {
        "2001-06": {
            "month": "2001-06",
            "price": "3.34",
            "revenue": 167915
        },
        "2001-07": {
            "month": "2001-07",
            "price": "2.72",
            "revenue": 155976
        },
        "2001-08": {
            "month": "2001-08",
            "price": "2.77",
            "revenue": 179926
        },
        "2001-09": {
            "month": "2001-09",
            "price": "2.62",
            "revenue": 165621
        },
        "2001-10": {
            "month": "2001-10",
            "price": "2.38",
            "revenue": 233350
        },
        "2001-11": {
            "month": "2001-11",
            "price": "2.33",
            "revenue": 215035
        },
        "2001-12": {
            "month": "2001-12",
            "price": "3.32",
            "revenue": 187448
        },
        "2002-01": {
            "month": "2002-01",
            "price": "3.58",
            "revenue": 301973
        },
        "2002-02": {
            "month": "2002-02",
            "price": "3.74",
            "revenue": 189648
        },
        "2002-03": {
            "month": "2002-03",
            "price": "5.11",
            "revenue": 346142
        },
        "2002-04": {
            "month": "2002-04",
            "price": "6.55",
            "revenue": 256243
        },
        "2002-05": {
            "month": "2002-05",
            "price": "5.68",
            "revenue": 238633
        },
        "2002-06": {
            "month": "2002-06",
            "price": "5.24",
            "revenue": 280323
        },
        "2002-07": {
            "month": "2002-07",
            "price": "5.23",
            "revenue": 277074
        },
        "2002-08": {
            "month": "2002-08",
            "price": "4.83",
            "revenue": 199572
        },
        "2002-09": {
            "month": "2002-09",
            "price": "5.72",
            "revenue": 169142
        },
        "2002-10": {
            "month": "2002-10",
            "price": "4.99",
            "revenue": 233650
        },
        "2002-11": {
            "month": "2002-11",
            "price": "5.27",
            "revenue": 169160
        },
        "2002-12": {
            "month": "2002-12",
            "price": "5.30",
            "revenue": 190295
        },
        "2003-01": {
            "month": "2003-01",
            "price": "5.81",
            "revenue": 328745
        },
        "2003-02": {
            "month": "2003-02",
            "price": "5.83",
            "revenue": 135212
        },
        "2003-03": {
            "month": "2003-03",
            "price": "5.07",
            "revenue": 333050
        },
        "2003-04": {
            "month": "2003-04",
            "price": "4.61",
            "revenue": 142402
        },
        "2003-05": {
            "month": "2003-05",
            "price": "4.13",
            "revenue": 210716
        },
        "2003-06": {
            "month": "2003-06",
            "price": "4.54",
            "revenue": 196637
        },
        "2003-07": {
            "month": "2003-07",
            "price": "4.54",
            "revenue": 146998
        },
        "2003-08": {
            "month": "2003-08",
            "price": "4.31",
            "revenue": 158583
        },
        "2003-09": {
            "month": "2003-09",
            "price": "4.39",
            "revenue": 288995
        },
        "2003-10": {
            "month": "2003-10",
            "price": "5.09",
            "revenue": 292487
        },
        "2003-11": {
            "month": "2003-11",
            "price": "5.48",
            "revenue": 330486
        },
        "2003-12": {
            "month": "2003-12",
            "price": "5.67",
            "revenue": 377082
        },
        "2004-01": {
            "month": "2004-01",
            "price": "6.95",
            "revenue": 113997
        },
        "2004-02": {
            "month": "2004-02",
            "price": "8.48",
            "revenue": 239923
        },
        "2004-03": {
            "month": "2004-03",
            "price": "9.10",
            "revenue": 340415
        },
        "2004-04": {
            "month": "2004-04",
            "price": "8.85",
            "revenue": 173553
        },
        "2004-05": {
            "month": "2004-05",
            "price": "7.04",
            "revenue": 312907
        },
        "2004-06": {
            "month": "2004-06",
            "price": "6.65",
            "revenue": 199382
        },
        "2004-07": {
            "month": "2004-07",
            "price": "5.89",
            "revenue": 382407
        },
        "2004-08": {
            "month": "2004-08",
            "price": "5.44",
            "revenue": 201742
        },
        "2004-09": {
            "month": "2004-09",
            "price": "5.78",
            "revenue": 300964
        },
        "2004-10": {
            "month": "2004-10",
            "price": "6.19",
            "revenue": 181283
        },
        "2004-11": {
            "month": "2004-11",
            "price": "5.87",
            "revenue": 291681
        },
        "2004-12": {
            "month": "2004-12",
            "price": "5.97",
            "revenue": 271608
        },
        "2005-01": {
            "month": "2005-01",
            "price": "6.04",
            "revenue": 147506
        },
        "2005-02": {
            "month": "2005-02",
            "price": "5.59",
            "revenue": 135382
        },
        "2005-03": {
            "month": "2005-03",
            "price": "5.25",
            "revenue": 290002
        },
        "2005-04": {
            "month": "2005-04",
            "price": "4.42",
            "revenue": 261155
        },
        "2005-05": {
            "month": "2005-05",
            "price": "4.11",
            "revenue": 240422
        },
        "2005-06": {
            "month": "2005-06",
            "price": "4.39",
            "revenue": 284546
        },
        "2005-07": {
            "month": "2005-07",
            "price": "4.34",
            "revenue": 202370
        },
        "2005-08": {
            "month": "2005-08",
            "price": "3.98",
            "revenue": 432230
        },
        "2005-09": {
            "month": "2005-09",
            "price": "4.16",
            "revenue": 239148
        },
        "2005-10": {
            "month": "2005-10",
            "price": "4.11",
            "revenue": 185132
        },
        "2005-11": {
            "month": "2005-11",
            "price": "3.95",
            "revenue": 204362
        },
        "2005-12": {
            "month": "2005-12",
            "price": "4.04",
            "revenue": 339359
        },
        "2006-01": {
            "month": "2006-01",
            "price": "4.14",
            "revenue": 278403
        },
        "2006-02": {
            "month": "2006-02",
            "price": "4.40",
            "revenue": 193981
        },
        "2006-03": {
            "month": "2006-03",
            "price": "4.63",
            "revenue": 298450
        },
        "2006-04": {
            "month": "2006-04",
            "price": "4.98",
            "revenue": 207183
        },
        "2006-05": {
            "month": "2006-05",
            "price": "6.08",
            "revenue": 155153
        },
        "2006-06": {
            "month": "2006-06",
            "price": "5.18",
            "revenue": 173853
        },
        "2006-07": {
            "month": "2006-07",
            "price": "4.99",
            "revenue": 157658
        },
        "2006-08": {
            "month": "2006-08",
            "price": "4.76",
            "revenue": 309918
        },
        "2006-09": {
            "month": "2006-09",
            "price": "4.35",
            "revenue": 191177
        },
        "2006-10": {
            "month": "2006-10",
            "price": "4.81",
            "revenue": 194630
        },
        "2006-11": {
            "month": "2006-11",
            "price": "5.18",
            "revenue": 389676
        },
        "2006-12": {
            "month": "2006-12",
            "price": "7.04",
            "revenue": 282109
        },
        "2007-01": {
            "month": "2007-01",
            "price": "7.26",
            "revenue": 216981
        },
        "2007-02": {
            "month": "2007-02",
            "price": "6.93",
            "revenue": 113721
        },
        "2007-03": {
            "month": "2007-03",
            "price": "6.59",
            "revenue": 217926
        },
        "2007-04": {
            "month": "2007-04",
            "price": "7.16",
            "revenue": 359659
        },
        "2007-05": {
            "month": "2007-05",
            "price": "6.74",
            "revenue": 216519
        },
        "2007-06": {
            "month": "2007-06",
            "price": "7.06",
            "revenue": 236972
        },
        "2007-07": {
            "month": "2007-07",
            "price": "9.26",
            "revenue": 302820
        },
        "2007-08": {
            "month": "2007-08",
            "price": "8.76",
            "revenue": 273765
        },
        "2007-09": {
            "month": "2007-09",
            "price": "8.85",
            "revenue": 279329
        },
        "2007-10": {
            "month": "2007-10",
            "price": "8.61",
            "revenue": 221545
        },
        "2007-11": {
            "month": "2007-11",
            "price": "7.34",
            "revenue": 238251
        },
        "2007-12": {
            "month": "2007-12",
            "price": "6.48",
            "revenue": 200078
        },
        "2008-01": {
            "month": "2008-01",
            "price": "6.31",
            "revenue": 406697
        },
        "2008-02": {
            "month": "2008-02",
            "price": "6.99",
            "revenue": 254061
        },
        "2008-03": {
            "month": "2008-03",
            "price": "8.29",
            "revenue": 238428
        },
        "2008-04": {
            "month": "2008-04",
            "price": "10.51",
            "revenue": 276605
        },
        "2008-05": {
            "month": "2008-05",
            "price": "12.39",
            "revenue": 297593
        },
        "2008-06": {
            "month": "2008-06",
            "price": "11.43",
            "revenue": 177581
        },
        "2008-07": {
            "month": "2008-07",
            "price": "8.79",
            "revenue": 299517
        },
        "2008-08": {
            "month": "2008-08",
            "price": "7.31",
            "revenue": 348215
        },
        "2008-09": {
            "month": "2008-09",
            "price": "6.50",
            "revenue": 505568
        },
        "2008-10": {
            "month": "2008-10",
            "price": "5.65",
            "revenue": 311211
        },
        "2008-11": {
            "month": "2008-11",
            "price": "5.70",
            "revenue": 173927
        },
        "2008-12": {
            "month": "2008-12",
            "price": "5.49",
            "revenue": 405318
        },
        "2009-01": {
            "month": "2009-01",
            "price": "5.08",
            "revenue": 259217
        },
        "2009-02": {
            "month": "2009-02",
            "price": "5.02",
            "revenue": 174720
        },
        "2009-03": {
            "month": "2009-03",
            "price": "5.40",
            "revenue": 142181
        },
        "2009-04": {
            "month": "2009-04",
            "price": "6.24",
            "revenue": 260486
        },
        "2009-05": {
            "month": "2009-05",
            "price": "6.99",
            "revenue": 182124
        },
        "2009-06": {
            "month": "2009-06",
            "price": "6.90",
            "revenue": 275224
        },
        "2009-07": {
            "month": "2009-07",
            "price": "7.76",
            "revenue": 204071
        },
        "2009-08": {
            "month": "2009-08",
            "price": "8.51",
            "revenue": 284762
        },
        "2009-09": {
            "month": "2009-09",
            "price": "8.80",
            "revenue": 210546
        },
        "2009-10": {
            "month": "2009-10",
            "price": "9.08",
            "revenue": 424047
        },
        "2009-11": {
            "month": "2009-11",
            "price": "11.16",
            "revenue": 266753
        },
        "2009-12": {
            "month": "2009-12",
            "price": "12.51",
            "revenue": 234540
        },
        "2010-01": {
            "month": "2010-01",
            "price": "13.01",
            "revenue": 186499
        },
        "2010-02": {
            "month": "2010-02",
            "price": "10.99",
            "revenue": 113828
        },
        "2010-03": {
            "month": "2010-03",
            "price": "11.79",
            "revenue": 262351
        },
        "2010-04": {
            "month": "2010-04",
            "price": "12.50",
            "revenue": 210534
        },
        "2010-05": {
            "month": "2010-05",
            "price": "10.52",
            "revenue": 278622
        },
        "2010-06": {
            "month": "2010-06",
            "price": "10.17",
            "revenue": 260370
        },
        "2010-07": {
            "month": "2010-07",
            "price": "11.14",
            "revenue": 177956
        },
        "2010-08": {
            "month": "2010-08",
            "price": "11.72",
            "revenue": 191649
        },
        "2010-09": {
            "month": "2010-09",
            "price": "11.52",
            "revenue": 155947
        },
        "2010-10": {
            "month": "2010-10",
            "price": "11.90",
            "revenue": 243412
        },
        "2010-11": {
            "month": "2010-11",
            "price": "11.65",
            "revenue": 238931
        },
        "2010-12": {
            "month": "2010-12",
            "price": "12.11",
            "revenue": 458102
        },
        "2011-01": {
            "month": "2011-01",
            "price": "12.66",
            "revenue": 138470
        },
        "2011-02": {
            "month": "2011-02",
            "price": "12.11",
            "revenue": 144567
        },
        "2011-03": {
            "month": "2011-03",
            "price": "11.16",
            "revenue": 204045
        },
        "2011-04": {
            "month": "2011-04",
            "price": "11.52",
            "revenue": 389135
        },
        "2011-05": {
            "month": "2011-05",
            "price": "11.21",
            "revenue": 252079
        },
        "2011-06": {
            "month": "2011-06",
            "price": "10.53",
            "revenue": 253229
        },
        "2011-07": {
            "month": "2011-07",
            "price": "10.45",
            "revenue": 257645
        },
        "2011-08": {
            "month": "2011-08",
            "price": "9.44",
            "revenue": 408995
        },
        "2011-09": {
            "month": "2011-09",
            "price": "9.05",
            "revenue": 441749
        },
        "2011-10": {
            "month": "2011-10",
            "price": "9.13",
            "revenue": 504140
        },
        "2011-11": {
            "month": "2011-11",
            "price": "8.80",
            "revenue": 285723
        },
        "2011-12": {
            "month": "2011-12",
            "price": "7.76",
            "revenue": 184153
        },
        "2012-01": {
            "month": "2012-01",
            "price": "7.49",
            "revenue": 131466
        },
        "2012-02": {
            "month": "2012-02",
            "price": "8.65",
            "revenue": 256727
        },
        "2012-03": {
            "month": "2012-03",
            "price": "8.81",
            "revenue": 289908
        },
        "2012-04": {
            "month": "2012-04",
            "price": "8.18",
            "revenue": 281304
        },
        "2012-05": {
            "month": "2012-05",
            "price": "8.06",
            "revenue": 204083
        },
        "2012-06": {
            "month": "2012-06",
            "price": "7.67",
            "revenue": 221211
        },
        "2012-07": {
            "month": "2012-07",
            "price": "7.77",
            "revenue": 196972
        },
        "2012-08": {
            "month": "2012-08",
            "price": "9.35",
            "revenue": 216455
        },
        "2012-09": {
            "month": "2012-09",
            "price": "10.39",
            "revenue": 227765
        },
        "2012-10": {
            "month": "2012-10",
            "price": "10.20",
            "revenue": 294716
        },
        "2012-11": {
            "month": "2012-11",
            "price": "10.29",
            "revenue": 235257
        },
        "2012-12": {
            "month": "2012-12",
            "price": "10.70",
            "revenue": 214105
        },
        "2013-01": {
            "month": "2013-01",
            "price": "11.21",
            "revenue": 172921
        },
        "2013-02": {
            "month": "2013-02",
            "price": "11.11",
            "revenue": 119269
        },
        "2013-03": {
            "month": "2013-03",
            "price": "11.01",
            "revenue": 203483
        },
        "2013-04": {
            "month": "2013-04",
            "price": "11.09",
            "revenue": 361948
        },
        "2013-05": {
            "month": "2013-05",
            "price": "11.65",
            "revenue": 240185
        },
        "2013-06": {
            "month": "2013-06",
            "price": "12.81",
            "revenue": 204459
        },
        "2013-07": {
            "month": "2013-07",
            "price": "12.94",
            "revenue": 273554
        },
        "2013-08": {
            "month": "2013-08",
            "price": "12.91",
            "revenue": 224413
        },
        "2013-09": {
            "month": "2013-09",
            "price": "12.92",
            "revenue": 154548
        },
        "2013-10": {
            "month": "2013-10",
            "price": "13.53",
            "revenue": 204164
        },
        "2013-11": {
            "month": "2013-11",
            "price": "13.30",
            "revenue": 273980
        },
        "2013-12": {
            "month": "2013-12",
            "price": "13.61",
            "revenue": 469675
        },
        "2014-01": {
            "month": "2014-01",
            "price": "13.68",
            "revenue": 190149
        },
        "2014-02": {
            "month": "2014-02",
            "price": "13.44",
            "revenue": 256187
        },
        "2014-03": {
            "month": "2014-03",
            "price": "13.30",
            "revenue": 263447
        },
        "2014-04": {
            "month": "2014-04",
            "price": "12.88",
            "revenue": 308068
        },
        "2014-05": {
            "month": "2014-05",
            "price": "12.03",
            "revenue": 268802
        },
        "2014-06": {
            "month": "2014-06",
            "price": "12.24",
            "revenue": 238177
        },
        "2014-07": {
            "month": "2014-07",
            "price": "12.63",
            "revenue": 177684
        },
        "2014-08": {
            "month": "2014-08",
            "price": "12.86",
            "revenue": 205879
        },
        "2014-09": {
            "month": "2014-09",
            "price": "12.75",
            "revenue": 162503
        },
        "2014-10": {
            "month": "2014-10",
            "price": "12.39",
            "revenue": 131227
        },
        "2014-11": {
            "month": "2014-11",
            "price": "11.94",
            "revenue": 201146
        },
        "2014-12": {
            "month": "2014-12",
            "price": "12.09",
            "revenue": 224085
        },
        "2015-01": {
            "month": "2015-01",
            "price": "11.82",
            "revenue": 210744
        },
        "2015-02": {
            "month": "2015-02",
            "price": "11.70",
            "revenue": 137245
        },
        "2015-03": {
            "month": "2015-03",
            "price": "11.86",
            "revenue": 276418
        },
        "2015-04": {
            "month": "2015-04",
            "price": "12.12",
            "revenue": 264498
        },
        "2015-05": {
            "month": "2015-05",
            "price": "12.29",
            "revenue": 297338
        },
        "2015-06": {
            "month": "2015-06",
            "price": "11.66",
            "revenue": 251511
        },
        "2015-07": {
            "month": "2015-07",
            "price": "11.41",
            "revenue": 284203
        },
        "2015-08": {
            "month": "2015-08",
            "price": "10.65",
            "revenue": 272522
        },
        "2015-09": {
            "month": "2015-09",
            "price": "10.77",
            "revenue": 208814
        },
        "2015-10": {
            "month": "2015-10",
            "price": "11.57",
            "revenue": 258340
        },
        "2015-11": {
            "month": "2015-11",
            "price": "11.87",
            "revenue": 243104
        },
        "2015-12": {
            "month": "2015-12",
            "price": "12.14",
            "revenue": 346616
        },
        "2016-01": {
            "month": "2016-01",
            "price": "11.96",
            "revenue": 193538
        },
        "2016-02": {
            "month": "2016-02",
            "price": "12.05",
            "revenue": 145800
        },
        "2016-03": {
            "month": "2016-03",
            "price": "12.79",
            "revenue": 231673
        },
        "2016-04": {
            "month": "2016-04",
            "price": "13.07",
            "revenue": 207771
        },
        "2016-05": {
            "month": "2016-05",
            "price": "12.59",
            "revenue": 299534
        },
        "2016-06": {
            "month": "2016-06",
            "price": "12.86",
            "revenue": 238817
        },
        "2016-07": {
            "month": "2016-07",
            "price": "12.92",
            "revenue": 424007
        },
        "2016-08": {
            "month": "2016-08",
            "price": "13.51",
            "revenue": 244994
        },
        "2016-09": {
            "month": "2016-09",
            "price": "13.23",
            "revenue": 265303
        },
        "2016-10": {
            "month": "2016-10",
            "price": "13.93",
            "revenue": 206519
        },
        "2016-11": {
            "month": "2016-11",
            "price": "15.92",
            "revenue": 207374
        },
        "2016-12": {
            "month": "2016-12",
            "price": "22.32",
            "revenue": 161128
        },
        "2017-01": {
            "month": "2017-01",
            "price": "21.77",
            "revenue": 192680
        },
        "2017-02": {
            "month": "2017-02",
            "price": "26.53",
            "revenue": 166262
        },
        "2017-03": {
            "month": "2017-03",
            "price": "27.19",
            "revenue": 214869
        },
        "2017-04": {
            "month": "2017-04",
            "price": "25.28",
            "revenue": 179541
        },
        "2017-05": {
            "month": "2017-05",
            "price": "24.68",
            "revenue": 243798
        },
        "2017-06": {
            "month": "2017-06",
            "price": "26.00",
            "revenue": 248009
        },
        "2017-07": {
            "month": "2017-07",
            "price": "26.52",
            "revenue": 410220
        },
        "2017-08": {
            "month": "2017-08",
            "price": "25.17",
            "revenue": 230432
        },
        "2017-09": {
            "month": "2017-09",
            "price": "26.55",
            "revenue": 198294
        },
        "2017-10": {
            "month": "2017-10",
            "price": "26.43",
            "revenue": 160159
        },
        "2017-11": {
            "month": "2017-11",
            "price": "26.97",
            "revenue": 196923
        },
        "2017-12": {
            "month": "2017-12",
            "price": "29.55",
            "revenue": 256727
        },
        "2018-01": {
            "month": "2018-01",
            "price": "25.87",
            "revenue": 249315
        },
        "2018-02": {
            "month": "2018-02",
            "price": "24.48",
            "revenue": 163796
        },
        "2018-03": {
            "month": "2018-03",
            "price": "25.49",
            "revenue": 172275
        },
        "2018-04": {
            "month": "2018-04",
            "price": "26.83",
            "revenue": 182246
        },
        "2018-05": {
            "month": "2018-05",
            "price": "26.06",
            "revenue": 193683
        },
        "2018-06": {
            "month": "2018-06",
            "price": "25.88",
            "revenue": 125249
        },
        "2018-07": {
            "month": "2018-07",
            "price": "25.99",
            "revenue": 217767
        },
        "2018-08": {
            "month": "2018-08",
            "price": "25.10",
            "revenue": 262064
        },
        "2018-09": {
            "month": "2018-09",
            "price": "24.63",
            "revenue": 285188
        },
        "2018-10": {
            "month": "2018-10",
            "price": "24.11",
            "revenue": 242841
        },
        "2018-11": {
            "month": "2018-11",
            "price": "24.00",
            "revenue": 233115
        },
        "2018-12": {
            "month": "2018-12",
            "price": "23.76",
            "revenue": 178555
        },
        "2019-01": {
            "month": "2019-01",
            "price": "23.31",
            "revenue": 156589
        },
        "2019-02": {
            "month": "2019-02",
            "price": "21.57",
            "revenue": 81481
        },
        "2019-03": {
            "month": "2019-03",
            "price": "21.50",
            "revenue": 215561
        },
        "2019-04": {
            "month": "2019-04",
            "price": "21.18",
            "revenue": 282191
        },
        "2019-08": {
            "month": "2019-08",
            "price": "21.21",
            "revenue": 170712
        },
        "2019-09": {
            "month": "2019-09",
            "price": "20.80",
            "revenue": 243855
        },
        "2019-10": {
            "month": "2019-10",
            "price": "23.51",
            "revenue": 345203
        },
        "2019-11": {
            "month": "2019-11",
            "price": "28.03",
            "revenue": 251826
        },
        "2019-12": {
            "month": "2019-12",
            "price": "28.47",
            "revenue": 256791
        },
        "2020-01": {
            "month": "2020-01",
            "price": "27.36",
            "revenue": 197104
        },
        "2020-02": {
            "month": "2020-02",
            "price": "26.34",
            "revenue": 247028
        },
        "2020-03": {
            "month": "2020-03",
            "price": "28.38",
            "revenue": 212014
        },
        "2020-04": {
            "month": "2020-04",
            "price": "28.23",
            "revenue": 156566
        },
        "2020-05": {
            "month": "2020-05",
            "price": "27.06",
            "revenue": 107088
        },
        "2020-06": {
            "month": "2020-06",
            "price": "27.71",
            "revenue": 252991
        },
        "2020-07": {
            "month": "2020-07",
            "price": "29.15",
            "revenue": 200574
        },
        "2020-08": {
            "month": "2020-08",
            "price": "28.76",
            "revenue": 139681
        },
        "2020-09": {
            "month": "2020-09",
            "price": "28.24",
            "revenue": 165978
        },
        "2020-10": {
            "month": "2020-10",
            "price": "29.03",
            "revenue": 164642
        },
        "2020-11": {
            "month": "2020-11",
            "price": "28.31",
            "revenue": 205699
        },
        "2020-12": {
            "month": "2020-12",
            "price": "28.37",
            "revenue": 194902
        },
        "2021-01": {
            "month": "2021-01",
            "price": "27.48",
            "revenue": 265490
        },
        "2021-02": {
            "month": "2021-02",
            "price": "27.08",
            "revenue": 145291
        },
        "2021-03": {
            "month": "2021-03",
            "price": "26.73",
            "revenue": 327643
        },
        "2021-04": {
            "month": "2021-04",
            "price": "28.63",
            "revenue": 148748
        },
        "2021-05": {
            "month": "2021-05",
            "price": "32.88",
            "revenue": 161627
        },
        "2021-06": {
            "month": "2021-06",
            "price": "31.00",
            "revenue": 152772
        },
        "2021-07": {
            "month": "2021-07",
            "price": "29.59",
            "revenue": 143362
        },
        "2021-08": {
            "month": "2021-08",
            "price": "27.55",
            "revenue": 174638
        },
        "2021-09": {
            "month": "2021-09",
            "price": "26.10",
            "revenue": 359057
        },
        "2021-10": {
            "month": "2021-10",
            "price": "26.33",
            "revenue": 216189
        },
        "2021-11": {
            "month": "2021-11",
            "price": "27.41",
            "revenue": 254980
        },
        "2021-12": {
            "month": "2021-12",
            "price": "26.69",
            "revenue": 214602
        },
        "2022-01": {
            "month": "2022-01",
            "price": "26.82",
            "revenue": 244118
        },
        "2022-02": {
            "month": "2022-02",
            "price": "26.82",
            "revenue": 146174
        },
        "2022-03": {
            "month": "2022-03",
            "price": "28.37",
            "revenue": 316351
        },
        "2022-04": {
            "month": "2022-04",
            "price": "28.96",
            "revenue": 268837
        },
        "2022-05": {
            "month": "2022-05",
            "price": "29.61",
            "revenue": 223347
        },
        "2022-06": {
            "month": "2022-06",
            "price": "28.48",
            "revenue": 293035
        },
        "2022-07": {
            "month": "2022-07",
            "price": "27.22",
            "revenue": 214634
        },
        "2022-08": {
            "month": "2022-08",
            "price": "26.71",
            "revenue": 491483
        },
        "2022-09": {
            "month": "2022-09",
            "price": "26.60",
            "revenue": 258471
        },
        "2022-10": {
            "month": "2022-10",
            "price": "25.82",
            "revenue": 254260
        },
        "2022-11": {
            "month": "2022-11",
            "price": "26.31",
            "revenue": 469994
        },
        "2022-12": {
            "month": "2022-12",
            "price": "26.44",
            "revenue": 285921
        },
        "2023-01": {
            "month": "2023-01",
            "price": "26.21",
            "revenue": 252349
        },
        "2023-02": {
            "month": "2023-02",
            "price": "26.22",
            "revenue": 307450
        },
        "2023-03": {
            "month": "2023-03",
            "price": "27.82",
            "revenue": 314920
        },
        "2023-04": {
            "month": "2023-04",
            "price": "27.11",
            "revenue": 281436
        },
        "2023-05": {
            "month": "2023-05",
            "price": "26.97",
            "revenue": 360279
        },
        "2023-06": {
            "month": "2023-06",
            "price": "30.64",
            "revenue": 331324
        },
        "2023-07": {
            "month": "2023-07",
            "price": "36.67",
            "revenue": 296923
        },
        "2023-08": {
            "month": "2023-08",
            "price": "36.04",
            "revenue": 282068
        },
        "2023-09": {
            "month": "2023-09",
            "price": "33.52",
            "revenue": 621451
        },
        "2023-10": {
            "month": "2023-10",
            "price": "37.62",
            "revenue": 360165
        },
        "2023-11": {
            "month": "2023-11",
            "price": "36.00",
            "revenue": 313088
        },
        "2023-12": {
            "month": "2023-12",
            "price": "38.47",
            "revenue": 290535
        }
    }
}
