{
    "summary": {
        "stock_name": "聲寶",
        "stock_id": "1604",
        "category": "電器電纜",
        "main_business": "電子.電化等製品之製造.加工.承攬.批發.零售等業務<br>電子.電化等製品及汽車之買賣、保養、修理等業務<br>倉儲業務之經營，有關進出口業務",
        "website_url": "http://www.sampo.com.tw",
        "ceo": "許經朝",
        "pe_ratio": 15,
        "report_year_from": 2001,
        "report_year_to": 2023,
        "age": 23,
        "eps_negative_percentage": 22,
        "eps_growth_avg": {
            "last_all": 10.98,
            "last_2y": -24.46,
            "last_4y": 13.05,
            "last_8y": 16.75,
            "last_12y": 26.47,
            "last_16y": 17.44,
            "last_20y": 10.95,
            "at_2006_last_3y": -34.48,
            "at_2007_last_3y": -100,
            "at_2008_last_3y": null,
            "at_2009_last_3y": -100,
            "at_2010_last_3y": -100,
            "at_2011_last_3y": -23.81,
            "at_2012_last_3y": 17.46,
            "at_2013_last_3y": 45.47,
            "at_2014_last_3y": 48.35,
            "at_2015_last_3y": 30.41,
            "at_2016_last_3y": 21.41,
            "at_2017_last_3y": 10.62,
            "at_2018_last_3y": 21.37,
            "at_2019_last_3y": 35.87,
            "at_2020_last_3y": 44.87,
            "at_2021_last_3y": 57.85,
            "at_2022_last_3y": 17.96,
            "at_2023_last_3y": 6.66,
            "at_2024_last_3y": 6.66,
            "at_2006_last_all": -19.14,
            "at_2007_last_all": -19.14,
            "at_2008_last_all": -19.14,
            "at_2009_last_all": -39.36,
            "at_2010_last_all": -39.36,
            "at_2011_last_all": -21.01,
            "at_2012_last_all": -0.84,
            "at_2013_last_all": -3,
            "at_2014_last_all": 4.49,
            "at_2015_last_all": 1.84,
            "at_2016_last_all": 8.06,
            "at_2017_last_all": 1.95,
            "at_2018_last_all": 10.12,
            "at_2019_last_all": 12.31,
            "at_2020_last_all": 18.58,
            "at_2021_last_all": 16.86,
            "at_2022_last_all": 12.08,
            "at_2023_last_all": 10.98,
            "at_2024_last_all": 10.98
        },
        "latest_eps": 1.88,
        "latest_price": 28.85,
        "latest_roe": 8.74,
        "latest_gross_margin": 19.33,
        "latest_equity": 8524276,
        "latest_revenue": 2117276,
        "latest_gross_profit": 409309,
        "latest_net_income": 211764,
        "latest_debt_ratio": 40.18,
        "latest_current_ratio": 96.79,
        "latest_account_receivable_turnover_ratio": 2.11,
        "latest_inventory_turnover_ratio": 1.19,
        "latest_reinvestment_rate": 42.6,
        "latest_research_to_sale_ratio": 1.36
    },
    "eps_dividends": {
        "1990": {
            "cash": 0,
            "stock": 1.5,
            "eps": 0
        },
        "1991": {
            "cash": 0,
            "stock": 0.7,
            "eps": 0
        },
        "1992": {
            "cash": 0.5,
            "stock": 0.5,
            "eps": 0
        },
        "1993": {
            "cash": 0,
            "stock": 1.2,
            "eps": 0
        },
        "1994": {
            "cash": 0.5,
            "stock": 1,
            "eps": 0
        },
        "1995": {
            "cash": 0.5,
            "stock": 1.2,
            "eps": 0
        },
        "1996": {
            "cash": 0,
            "stock": 0.9,
            "eps": 0
        },
        "1997": {
            "cash": 0,
            "stock": 1,
            "eps": 0
        },
        "1998": {
            "cash": 0,
            "stock": 1,
            "eps": 0
        },
        "2001": {
            "cash": 0.45,
            "stock": 1.37,
            "eps": 0.78
        },
        "2002": {
            "cash": 0.2,
            "stock": 0,
            "eps": 0.87
        },
        "2003": {
            "cash": 0,
            "stock": 0,
            "eps": 1.14
        },
        "2004": {
            "cash": 0.5,
            "stock": 0.5,
            "eps": -0.79
        },
        "2005": {
            "cash": 0,
            "stock": 0,
            "eps": -4.38
        },
        "2006": {
            "cash": 0,
            "stock": 0,
            "eps": -4.71
        },
        "2007": {
            "cash": 0,
            "stock": 0,
            "eps": -2.55
        },
        "2008": {
            "cash": 0,
            "stock": 0,
            "eps": 4.4
        },
        "2009": {
            "cash": 0,
            "stock": 0,
            "eps": -0.11
        },
        "2010": {
            "cash": 0,
            "stock": 0,
            "eps": 0.21
        },
        "2011": {
            "cash": 0.38,
            "stock": 0,
            "eps": 0.32
        },
        "2012": {
            "cash": 0,
            "stock": 0,
            "eps": 0.94
        },
        "2013": {
            "cash": 0.6,
            "stock": 0,
            "eps": 0.79
        },
        "2014": {
            "cash": 0.7,
            "stock": 0,
            "eps": 1.24
        },
        "2015": {
            "cash": 1,
            "stock": 0,
            "eps": 1
        },
        "2016": {
            "cash": 1,
            "stock": 0,
            "eps": 1.64
        },
        "2017": {
            "cash": 1.4,
            "stock": 0,
            "eps": 0.67
        },
        "2018": {
            "cash": 0.2,
            "stock": 0,
            "eps": 1.45
        },
        "2019": {
            "cash": 1.4,
            "stock": 0,
            "eps": 2.01
        },
        "2020": {
            "cash": 1.5,
            "stock": 0,
            "eps": 4.85
        },
        "2021": {
            "cash": 2.5,
            "stock": 0,
            "eps": 4.5
        },
        "2022": {
            "cash": 2.7,
            "stock": 0,
            "eps": 1.82
        },
        "2023": {
            "cash": 1.5,
            "stock": 0,
            "eps": 1.7
        }
    },
    "dividends": {
        "1990-04-21": {
            "cash": 0,
            "stock": 1.5
        },
        "1991-05-25": {
            "cash": 0,
            "stock": 0.7
        },
        "1992-04-25": {
            "cash": 0.5,
            "stock": 0.5
        },
        "1993-04-24": {
            "cash": 0,
            "stock": 1.2
        },
        "1994-04-23": {
            "cash": 0.5,
            "stock": 1
        },
        "1995-05-06": {
            "cash": 0.5,
            "stock": 1.2
        },
        "1996-05-11": {
            "cash": 0,
            "stock": 0.9
        },
        "1997-05-27": {
            "cash": 0,
            "stock": 1
        },
        "1998-05-07": {
            "cash": 0,
            "stock": 1
        },
        "2001-05-15": {
            "cash": 0.45,
            "stock": 1.37
        },
        "2002-06-18": {
            "cash": 0.2,
            "stock": 0
        },
        "2004-03-16": {
            "cash": 0.5,
            "stock": 0.5
        },
        "2011-01-01": {
            "cash": 0.3,
            "stock": 0
        },
        "2011-04-28": {
            "cash": 0.08,
            "stock": 0
        },
        "2013-03-26": {
            "cash": 0.6,
            "stock": 0
        },
        "2014-09-12": {
            "cash": 0.7,
            "stock": 0
        },
        "2015-08-13": {
            "cash": 1,
            "stock": 0
        },
        "2016-09-08": {
            "cash": 1,
            "stock": 0
        },
        "2017-08-25": {
            "cash": 1.4,
            "stock": 0
        },
        "2018-09-13": {
            "cash": 0.2,
            "stock": 0
        },
        "2019-08-23": {
            "cash": 1.4,
            "stock": 0
        },
        "2020-07-17": {
            "cash": 1.5,
            "stock": 0
        },
        "2021-10-07": {
            "cash": 2.5,
            "stock": 0
        },
        "2022-07-28": {
            "cash": 2.7,
            "stock": 0
        },
        "2023-05-19": {
            "cash": 1.5,
            "stock": 0
        }
    },
    "prices": {
        "200101": "13.64",
        "200102": "15.69",
        "200103": "15.34",
        "200104": "13.54",
        "200105": "12.55",
        "200106": "10.30",
        "200107": "8.14",
        "200108": "8.70",
        "200109": "7.16",
        "200110": "6.90",
        "200111": "7.41",
        "200112": "8.36",
        "200201": "10.94",
        "200202": "15.86",
        "200203": "17.01",
        "200204": "16.40",
        "200205": "15.26",
        "200206": "13.75",
        "200207": "12.75",
        "200208": "12.77",
        "200209": "11.55",
        "200210": "10.37",
        "200211": "12.83",
        "200212": "12.49",
        "200301": "13.53",
        "200302": "12.40",
        "200303": "11.73",
        "200304": "12.13",
        "200305": "10.97",
        "200306": "11.89",
        "200307": "13.71",
        "200308": "15.39",
        "200309": "14.51",
        "200310": "15.08",
        "200311": "15.61",
        "200312": "14.64",
        "200401": "15.01",
        "200402": "15.37",
        "200403": "14.58",
        "200404": "13.74",
        "200405": "11.04",
        "200406": "10.26",
        "200407": "9.47",
        "200408": "8.73",
        "200409": "8.38",
        "200410": "7.41",
        "200411": "7.11",
        "200412": "6.92",
        "200501": "7.00",
        "200502": "7.27",
        "200503": "7.33",
        "200504": "6.61",
        "200505": "6.04",
        "200506": "5.93",
        "200507": "6.22",
        "200508": "5.58",
        "200509": "4.49",
        "200510": "3.89",
        "200511": "4.27",
        "200512": "4.54",
        "200601": "4.51",
        "200602": "4.22",
        "200603": "3.87",
        "200604": "4.08",
        "200605": "4.73",
        "200606": "4.60",
        "200607": "4.33",
        "200608": "4.13",
        "200609": "3.59",
        "200610": "4.29",
        "200611": "6.67",
        "200612": "8.41",
        "200701": "7.92",
        "200702": "7.68",
        "200703": "7.00",
        "200704": "7.05",
        "200705": "6.19",
        "200706": "6.34",
        "200707": "7.89",
        "200708": "6.76",
        "200709": "6.84",
        "200710": "7.65",
        "200711": "6.41",
        "200712": "6.31",
        "200801": "6.38",
        "200802": "6.69",
        "200803": "6.86",
        "200804": "7.71",
        "200805": "7.86",
        "200806": "6.63",
        "200807": "4.85",
        "200808": "4.65",
        "200809": "4.16",
        "200810": "3.78",
        "200811": "3.51",
        "200812": "3.63",
        "200901": "3.84",
        "200902": "3.38",
        "200903": "3.68",
        "200904": "6.09",
        "200905": "6.38",
        "200906": "5.60",
        "200907": "5.47",
        "200908": "5.19",
        "200909": "5.19",
        "200910": "5.26",
        "200911": "5.40",
        "200912": "5.56",
        "201001": "5.93",
        "201002": "5.21",
        "201003": "5.45",
        "201004": "5.52",
        "201005": "4.53",
        "201006": "4.43",
        "201007": "4.85",
        "201008": "5.00",
        "201009": "4.99",
        "201010": "7.07",
        "201011": "7.74",
        "201012": "8.36",
        "201101": "9.37",
        "201102": "10.26",
        "201103": "9.45",
        "201104": "10.06",
        "201105": "11.01",
        "201106": "10.56",
        "201107": "9.87",
        "201108": "9.12",
        "201109": "8.16",
        "201110": "7.81",
        "201111": "7.86",
        "201112": "8.33",
        "201201": "8.35",
        "201202": "9.08",
        "201203": "8.94",
        "201204": "8.08",
        "201205": "8.87",
        "201206": "8.84",
        "201207": "9.03",
        "201208": "9.70",
        "201209": "10.16",
        "201210": "9.65",
        "201211": "10.04",
        "201212": "9.97",
        "201301": "10.13",
        "201302": "10.09",
        "201303": "10.06",
        "201304": "10.06",
        "201305": "10.29",
        "201306": "10.32",
        "201307": "10.32",
        "201308": "9.63",
        "201309": "9.70",
        "201310": "10.08",
        "201311": "10.52",
        "201312": "11.55",
        "201401": "11.80",
        "201402": "11.64",
        "201403": "12.31",
        "201404": "12.29",
        "201405": "12.02",
        "201406": "12.24",
        "201407": "12.31",
        "201408": "12.87",
        "201409": "12.76",
        "201410": "12.12",
        "201411": "12.34",
        "201412": "12.66",
        "201501": "12.67",
        "201502": "12.88",
        "201503": "13.38",
        "201504": "13.80",
        "201505": "13.60",
        "201506": "13.40",
        "201507": "12.72",
        "201508": "12.03",
        "201509": "12.36",
        "201510": "12.77",
        "201511": "12.54",
        "201512": "11.88",
        "201601": "11.37",
        "201602": "12.01",
        "201603": "12.82",
        "201604": "13.61",
        "201605": "13.56",
        "201606": "13.79",
        "201607": "15.00",
        "201608": "17.37",
        "201609": "17.83",
        "201610": "19.08",
        "201611": "18.22",
        "201612": "17.88",
        "201701": "18.36",
        "201702": "18.75",
        "201703": "18.88",
        "201704": "18.74",
        "201705": "18.32",
        "201706": "17.48",
        "201707": "16.88",
        "201708": "15.05",
        "201709": "14.68",
        "201710": "14.40",
        "201711": "13.56",
        "201712": "12.86",
        "201801": "13.32",
        "201802": "13.08",
        "201803": "13.63",
        "201804": "13.52",
        "201805": "13.46",
        "201806": "13.87",
        "201807": "13.55",
        "201808": "13.60",
        "201809": "13.39",
        "201810": "12.53",
        "201811": "12.47",
        "201812": "13.90",
        "201901": "13.89",
        "201902": "14.55",
        "201903": "15.60",
        "201904": "16.74",
        "201905": "16.82",
        "201906": "17.63",
        "201907": "18.50",
        "201908": "17.01",
        "201909": "17.85",
        "201910": "19.08",
        "201911": "20.35",
        "201912": "20.22",
        "202001": "20.04",
        "202002": "19.39",
        "202003": "17.40",
        "202004": "18.44",
        "202005": "19.66",
        "202006": "21.18",
        "202007": "22.82",
        "202008": "22.78",
        "202009": "22.82",
        "202010": "22.90",
        "202011": "25.66",
        "202012": "25.88",
        "202101": "25.62",
        "202102": "26.09",
        "202103": "29.30",
        "202104": "31.01",
        "202105": "29.09",
        "202106": "29.72",
        "202107": "30.42",
        "202108": "30.23",
        "202109": "29.82",
        "202110": "29.86",
        "202111": "29.56",
        "202112": "29.59",
        "202201": "30.34",
        "202202": "31.11",
        "202203": "31.78",
        "202204": "31.65",
        "202205": "30.28",
        "202206": "30.31",
        "202207": "25.84",
        "202208": "27.65",
        "202209": "27.35",
        "202210": "24.70",
        "202211": "24.96",
        "202212": "25.63",
        "202301": "26.32",
        "202302": "26.72",
        "202303": "27.14",
        "202304": "27.57",
        "202305": "26.71",
        "202306": "27.02",
        "202307": "28.16",
        "202308": "27.48",
        "202309": "28.24",
        "202310": "28.91",
        "202311": "28.53",
        "202312": "28.80"
    },
    "quarters": {
        "20011": {
            "year_quarter": 20011,
            "year": 2001,
            "quarter": 1,
            "eps": 0.6,
            "eps_growth_year": -1.64,
            "eps_4q": 2.02,
            "eps_4q_growth_year": 329.13,
            "roe": 4.45,
            "roe_4q": 4.45,
            "gross_profit": 672461,
            "gross_margin": 20.42,
            "gross_margin_4q_avg": 20.42,
            "net_income": 630769,
            "net_income_4q": null,
            "revenue": 3292467,
            "revenue_4q": null,
            "common_shares": 10452897,
            "book_valuer_per_share": 13.81,
            "book_valuer_per_share_4q_avg": 13.81,
            "equity": 14439929,
            "current_ratio": 151.31,
            "debt_ratio": 34.23,
            "inventory_turnover_ratio": 0.95,
            "account_receivable_turnover_ratio": null,
            "reinvestment_rate": null,
            "research_to_sale_ratio": null,
            "price_fair": 0,
            "eps_avg_yearly": 0,
            "eps_latest_yearly": 0,
            "eps_growth_yearly": 0
        },
        "20012": {
            "year_quarter": 20012,
            "year": 2001,
            "quarter": 2,
            "eps": 0.14,
            "eps_growth_year": -75.86,
            "eps_4q": 1.45,
            "eps_4q_growth_year": 59.09,
            "roe": 1.13,
            "roe_4q": 5.58,
            "gross_profit": 662639,
            "gross_margin": 20.77,
            "gross_margin_4q_avg": 20.6,
            "net_income": 162447,
            "net_income_4q": null,
            "revenue": 3190571,
            "revenue_4q": null,
            "common_shares": 11947249,
            "book_valuer_per_share": 11.88,
            "book_valuer_per_share_4q_avg": 12.85,
            "equity": 14192522,
            "current_ratio": 177.69,
            "debt_ratio": 35.65,
            "inventory_turnover_ratio": 1.94,
            "account_receivable_turnover_ratio": null,
            "reinvestment_rate": null,
            "research_to_sale_ratio": null,
            "price_fair": 0,
            "eps_avg_yearly": 0,
            "eps_latest_yearly": 0,
            "eps_growth_yearly": 0
        },
        "20013": {
            "year_quarter": 20013,
            "year": 2001,
            "quarter": 3,
            "eps": 0.01,
            "eps_growth_year": -98.39,
            "eps_4q": 0.88,
            "eps_4q_growth_year": -49.22,
            "roe": 0.08,
            "roe_4q": 5.66,
            "gross_profit": 466491,
            "gross_margin": 14.21,
            "gross_margin_4q_avg": 18.47,
            "net_income": 11323,
            "net_income_4q": null,
            "revenue": 3283510,
            "revenue_4q": null,
            "common_shares": 11947249,
            "book_valuer_per_share": 11.42,
            "book_valuer_per_share_4q_avg": 12.37,
            "equity": 13643115,
            "current_ratio": 147.35,
            "debt_ratio": 34.31,
            "inventory_turnover_ratio": 3.08,
            "account_receivable_turnover_ratio": null,
            "reinvestment_rate": null,
            "research_to_sale_ratio": null,
            "price_fair": 0,
            "eps_avg_yearly": 0,
            "eps_latest_yearly": 0,
            "eps_growth_yearly": 0
        },
        "20014": {
            "year_quarter": 20014,
            "year": 2001,
            "quarter": 4,
            "eps": 0.03,
            "eps_growth_year": -86.96,
            "eps_4q": 0.61,
            "eps_4q_growth_year": -69.23,
            "roe": 0.3,
            "roe_4q": 5.96,
            "gross_profit": 371784,
            "gross_margin": 13.19,
            "gross_margin_4q_avg": 17.15,
            "net_income": 41346,
            "net_income_4q": null,
            "revenue": 2819733,
            "revenue_4q": null,
            "common_shares": 11947249,
            "book_valuer_per_share": 11.91,
            "book_valuer_per_share_4q_avg": 12.26,
            "equity": 14241843,
            "current_ratio": 216.79,
            "debt_ratio": 37.97,
            "inventory_turnover_ratio": 1.37,
            "account_receivable_turnover_ratio": null,
            "reinvestment_rate": null,
            "research_to_sale_ratio": null,
            "price_fair": 0,
            "eps_avg_yearly": 0,
            "eps_latest_yearly": 0,
            "eps_growth_yearly": 0
        },
        "20021": {
            "year_quarter": 20021,
            "year": 2002,
            "quarter": 1,
            "eps": 1.36,
            "eps_growth_year": 126.67,
            "eps_4q": 1.54,
            "eps_4q_growth_year": -23.81,
            "roe": 11.42,
            "roe_4q": 12.93,
            "gross_profit": 591518,
            "gross_margin": 18.4,
            "gross_margin_4q_avg": 16.64,
            "net_income": 1601119,
            "net_income_4q": null,
            "revenue": 3214106,
            "revenue_4q": null,
            "common_shares": 11947249,
            "book_valuer_per_share": 11.54,
            "book_valuer_per_share_4q_avg": 11.69,
            "equity": 13786664,
            "current_ratio": 222.96,
            "debt_ratio": 34.62,
            "inventory_turnover_ratio": 1.48,
            "account_receivable_turnover_ratio": null,
            "reinvestment_rate": null,
            "research_to_sale_ratio": null,
            "price_fair": 190.4,
            "eps_avg_yearly": 5.44,
            "eps_latest_yearly": 5.44,
            "eps_growth_yearly": 17733.33
        },
        "20022": {
            "year_quarter": 20022,
            "year": 2002,
            "quarter": 2,
            "eps": 0,
            "eps_growth_year": -100,
            "eps_4q": 1.61,
            "eps_4q_growth_year": 10.92,
            "roe": 0.02,
            "roe_4q": 11.82,
            "gross_profit": 746795,
            "gross_margin": 20.43,
            "gross_margin_4q_avg": 16.56,
            "net_income": 2562,
            "net_income_4q": null,
            "revenue": 3655164,
            "revenue_4q": null,
            "common_shares": 10288859,
            "book_valuer_per_share": 11.78,
            "book_valuer_per_share_4q_avg": 11.66,
            "equity": 12123062,
            "current_ratio": 132.72,
            "debt_ratio": 43.85,
            "inventory_turnover_ratio": 3.12,
            "account_receivable_turnover_ratio": null,
            "reinvestment_rate": null,
            "research_to_sale_ratio": null,
            "price_fair": 190.4,
            "eps_avg_yearly": 5.44,
            "eps_latest_yearly": 5.44,
            "eps_growth_yearly": 17733.33
        },
        "20023": {
            "year_quarter": 20023,
            "year": 2002,
            "quarter": 3,
            "eps": 0.01,
            "eps_growth_year": 0,
            "eps_4q": 1.61,
            "eps_4q_growth_year": 83.35,
            "roe": 0.07,
            "roe_4q": 11.81,
            "gross_profit": 480158,
            "gross_margin": 17.05,
            "gross_margin_4q_avg": 17.27,
            "net_income": 8369,
            "net_income_4q": null,
            "revenue": 2816956,
            "revenue_4q": null,
            "common_shares": 10288859,
            "book_valuer_per_share": 10.8,
            "book_valuer_per_share_4q_avg": 11.51,
            "equity": 11116149,
            "current_ratio": 140.48,
            "debt_ratio": 45.67,
            "inventory_turnover_ratio": 2.19,
            "account_receivable_turnover_ratio": null,
            "reinvestment_rate": null,
            "research_to_sale_ratio": null,
            "price_fair": 190.4,
            "eps_avg_yearly": 5.44,
            "eps_latest_yearly": 5.44,
            "eps_growth_yearly": 17733.33
        },
        "20024": {
            "year_quarter": 20024,
            "year": 2002,
            "quarter": 4,
            "eps": -0.5,
            "eps_growth_year": -1766.67,
            "eps_4q": 1.11,
            "eps_4q_growth_year": 80.37,
            "roe": -4.64,
            "roe_4q": 6.87,
            "gross_profit": 442179,
            "gross_margin": 12.84,
            "gross_margin_4q_avg": 17.18,
            "net_income": -510754,
            "net_income_4q": null,
            "revenue": 3443539,
            "revenue_4q": null,
            "common_shares": 10203819,
            "book_valuer_per_share": 10.68,
            "book_valuer_per_share_4q_avg": 11.2,
            "equity": 10918272,
            "current_ratio": 123.64,
            "debt_ratio": 54.39,
            "inventory_turnover_ratio": 1.52,
            "account_receivable_turnover_ratio": null,
            "reinvestment_rate": -12.83,
            "research_to_sale_ratio": null,
            "price_fair": 190.4,
            "eps_avg_yearly": 5.44,
            "eps_latest_yearly": 5.44,
            "eps_growth_yearly": 17733.33
        },
        "20031": {
            "year_quarter": 20031,
            "year": 2003,
            "quarter": 1,
            "eps": 0.31,
            "eps_growth_year": -77.21,
            "eps_4q": -0.2,
            "eps_4q_growth_year": -112.83,
            "roe": 2.76,
            "roe_4q": -1.7899999999999998,
            "gross_profit": 796180,
            "gross_margin": 17.61,
            "gross_margin_4q_avg": 16.98,
            "net_income": 305067,
            "net_income_4q": null,
            "revenue": 4521050,
            "revenue_4q": null,
            "common_shares": 10203819,
            "book_valuer_per_share": 10.93,
            "book_valuer_per_share_4q_avg": 11.05,
            "equity": 11149837,
            "current_ratio": 139.88,
            "debt_ratio": 53.56,
            "inventory_turnover_ratio": 1.83,
            "account_receivable_turnover_ratio": null,
            "reinvestment_rate": 42.25,
            "research_to_sale_ratio": null,
            "price_fair": 190.4,
            "eps_avg_yearly": 5.44,
            "eps_latest_yearly": 5.44,
            "eps_growth_yearly": 17733.33
        },
        "20032": {
            "year_quarter": 20032,
            "year": 2003,
            "quarter": 2,
            "eps": 0.21,
            "eps_growth_year": null,
            "eps_4q": 0,
            "eps_4q_growth_year": -99.71,
            "roe": 1.73,
            "roe_4q": -0.07999999999999946,
            "gross_profit": 851099,
            "gross_margin": 16.4,
            "gross_margin_4q_avg": 15.98,
            "net_income": 201738,
            "net_income_4q": null,
            "revenue": 5190995,
            "revenue_4q": null,
            "common_shares": 10203819,
            "book_valuer_per_share": 11.97,
            "book_valuer_per_share_4q_avg": 11.1,
            "equity": 12214314,
            "current_ratio": 134.92,
            "debt_ratio": 49.99,
            "inventory_turnover_ratio": 3.8,
            "account_receivable_turnover_ratio": null,
            "reinvestment_rate": 44.63,
            "research_to_sale_ratio": null,
            "price_fair": 109.9,
            "eps_avg_yearly": 3.14,
            "eps_latest_yearly": 0.84,
            "eps_growth_yearly": 8802.15
        },
        "20033": {
            "year_quarter": 20033,
            "year": 2003,
            "quarter": 3,
            "eps": 0.32,
            "eps_growth_year": 3100,
            "eps_4q": 0.32,
            "eps_4q_growth_year": -80.34,
            "roe": 2.49,
            "roe_4q": 2.3400000000000007,
            "gross_profit": 778367,
            "gross_margin": 14.94,
            "gross_margin_4q_avg": 15.45,
            "net_income": 310524,
            "net_income_4q": null,
            "revenue": 5210155,
            "revenue_4q": null,
            "common_shares": 10203819,
            "book_valuer_per_share": 12.49,
            "book_valuer_per_share_4q_avg": 11.52,
            "equity": 12741128,
            "current_ratio": 173.05,
            "debt_ratio": 47.82,
            "inventory_turnover_ratio": 4.31,
            "account_receivable_turnover_ratio": null,
            "reinvestment_rate": 40.41,
            "research_to_sale_ratio": null,
            "price_fair": 88.2,
            "eps_avg_yearly": 2.52,
            "eps_latest_yearly": 1.28,
            "eps_growth_yearly": 5937.94
        },
        "20034": {
            "year_quarter": 20034,
            "year": 2003,
            "quarter": 4,
            "eps": 0.3,
            "eps_growth_year": null,
            "eps_4q": 1.14,
            "eps_4q_growth_year": 2.93,
            "roe": 2,
            "roe_4q": 8.98,
            "gross_profit": 638697,
            "gross_margin": 13.29,
            "gross_margin_4q_avg": 15.56,
            "net_income": 292097,
            "net_income_4q": null,
            "revenue": 4805912,
            "revenue_4q": null,
            "common_shares": 12703819,
            "book_valuer_per_share": 12.95,
            "book_valuer_per_share_4q_avg": 12.09,
            "equity": 16478904,
            "current_ratio": 253.02,
            "debt_ratio": 42.27,
            "inventory_turnover_ratio": 1.59,
            "account_receivable_turnover_ratio": null,
            "reinvestment_rate": -24.68,
            "research_to_sale_ratio": null,
            "price_fair": 76.65,
            "eps_avg_yearly": 2.19,
            "eps_latest_yearly": 1.2,
            "eps_growth_yearly": 4447.21
        },
        "20041": {
            "year_quarter": 20041,
            "year": 2004,
            "quarter": 1,
            "eps": 0.04,
            "eps_growth_year": -87.1,
            "eps_4q": 0.67,
            "eps_4q_growth_year": null,
            "roe": 0.31,
            "roe_4q": 6.530000000000001,
            "gross_profit": 595357,
            "gross_margin": 14.43,
            "gross_margin_4q_avg": 14.77,
            "net_income": 50841,
            "net_income_4q": null,
            "revenue": 4124668,
            "revenue_4q": null,
            "common_shares": 12703819,
            "book_valuer_per_share": 13.07,
            "book_valuer_per_share_4q_avg": 12.62,
            "equity": 16608712,
            "current_ratio": 202.92,
            "debt_ratio": 36.31,
            "inventory_turnover_ratio": 0.82,
            "account_receivable_turnover_ratio": null,
            "reinvestment_rate": 43.23,
            "research_to_sale_ratio": null,
            "price_fair": 62.44,
            "eps_avg_yearly": 1.78,
            "eps_latest_yearly": 0.16,
            "eps_growth_yearly": 3488.43
        },
        "20042": {
            "year_quarter": 20042,
            "year": 2004,
            "quarter": 2,
            "eps": -0.05,
            "eps_growth_year": -123.81,
            "eps_4q": 0.47,
            "eps_4q_growth_year": 10075.7,
            "roe": -0.36,
            "roe_4q": 4.44,
            "gross_profit": 728334,
            "gross_margin": 14.32,
            "gross_margin_4q_avg": 14.25,
            "net_income": -58689,
            "net_income_4q": null,
            "revenue": 5084767,
            "revenue_4q": null,
            "common_shares": 12703819,
            "book_valuer_per_share": 12.25,
            "book_valuer_per_share_4q_avg": 12.69,
            "equity": 15564628,
            "current_ratio": 216.98,
            "debt_ratio": 40.08,
            "inventory_turnover_ratio": 1.03,
            "account_receivable_turnover_ratio": null,
            "reinvestment_rate": 52.03,
            "research_to_sale_ratio": null,
            "price_fair": 62.44,
            "eps_avg_yearly": 1.78,
            "eps_latest_yearly": 0.16,
            "eps_growth_yearly": 3488.43
        },
        "20043": {
            "year_quarter": 20043,
            "year": 2004,
            "quarter": 3,
            "eps": -0.11,
            "eps_growth_year": -134.38,
            "eps_4q": 0.1,
            "eps_4q_growth_year": -67.39,
            "roe": -0.95,
            "roe_4q": 1,
            "gross_profit": 424513,
            "gross_margin": 9.66,
            "gross_margin_4q_avg": 12.93,
            "net_income": -146204,
            "net_income_4q": null,
            "revenue": 4393678,
            "revenue_4q": null,
            "common_shares": 13400000,
            "book_valuer_per_share": 11.28,
            "book_valuer_per_share_4q_avg": 12.39,
            "equity": 15110753,
            "current_ratio": 210.35,
            "debt_ratio": 40.15,
            "inventory_turnover_ratio": 1.01,
            "account_receivable_turnover_ratio": null,
            "reinvestment_rate": 63.52,
            "research_to_sale_ratio": null,
            "price_fair": 62.44,
            "eps_avg_yearly": 1.78,
            "eps_latest_yearly": 0.16,
            "eps_growth_yearly": 3488.43
        },
        "20044": {
            "year_quarter": 20044,
            "year": 2004,
            "quarter": 4,
            "eps": -0.67,
            "eps_growth_year": -323.33,
            "eps_4q": -0.8,
            "eps_4q_growth_year": -170,
            "roe": -5.98,
            "roe_4q": -6.980000000000001,
            "gross_profit": -55739,
            "gross_margin": -1.63,
            "gross_margin_4q_avg": 9.2,
            "net_income": -860129,
            "net_income_4q": null,
            "revenue": 3420940,
            "revenue_4q": null,
            "common_shares": 13100000,
            "book_valuer_per_share": 10.41,
            "book_valuer_per_share_4q_avg": 11.75,
            "equity": 13667229,
            "current_ratio": 163.17,
            "debt_ratio": 48.38,
            "inventory_turnover_ratio": 0.89,
            "account_receivable_turnover_ratio": null,
            "reinvestment_rate": 65.67,
            "research_to_sale_ratio": null,
            "price_fair": 62.44,
            "eps_avg_yearly": 1.78,
            "eps_latest_yearly": 0.16,
            "eps_growth_yearly": 3488.43
        },
        "20051": {
            "year_quarter": 20051,
            "year": 2005,
            "quarter": 1,
            "eps": -0.55,
            "eps_growth_year": -1475,
            "eps_4q": -1.41,
            "eps_4q_growth_year": -309.52,
            "roe": -5.15,
            "roe_4q": -12.44,
            "gross_profit": 210123,
            "gross_margin": 6.53,
            "gross_margin_4q_avg": 7.22,
            "net_income": -681350,
            "net_income_4q": null,
            "revenue": 3215580,
            "revenue_4q": null,
            "common_shares": 13100000,
            "book_valuer_per_share": 9.78,
            "book_valuer_per_share_4q_avg": 10.93,
            "equity": 12807274,
            "current_ratio": 186.01,
            "debt_ratio": 43.49,
            "inventory_turnover_ratio": 0.79,
            "account_receivable_turnover_ratio": null,
            "reinvestment_rate": 246.17,
            "research_to_sale_ratio": null,
            "price_fair": 62.44,
            "eps_avg_yearly": 1.78,
            "eps_latest_yearly": 0.16,
            "eps_growth_yearly": 3488.43
        },
        "20052": {
            "year_quarter": 20052,
            "year": 2005,
            "quarter": 2,
            "eps": -0.79,
            "eps_growth_year": null,
            "eps_4q": -2.04,
            "eps_4q_growth_year": -536.32,
            "roe": -7.82,
            "roe_4q": -19.900000000000002,
            "gross_profit": 292819,
            "gross_margin": 7.33,
            "gross_margin_4q_avg": 5.47,
            "net_income": -988352,
            "net_income_4q": null,
            "revenue": 3997326,
            "revenue_4q": null,
            "common_shares": 13100000,
            "book_valuer_per_share": 9.51,
            "book_valuer_per_share_4q_avg": 10.25,
            "equity": 12454195,
            "current_ratio": 181.98,
            "debt_ratio": 41.78,
            "inventory_turnover_ratio": 1.18,
            "account_receivable_turnover_ratio": null,
            "reinvestment_rate": null,
            "research_to_sale_ratio": null,
            "price_fair": 62.44,
            "eps_avg_yearly": 1.78,
            "eps_latest_yearly": 0.16,
            "eps_growth_yearly": 3488.43
        },
        "20053": {
            "year_quarter": 20053,
            "year": 2005,
            "quarter": 3,
            "eps": -0.26,
            "eps_growth_year": null,
            "eps_4q": -2.18,
            "eps_4q_growth_year": -2217.47,
            "roe": -2.65,
            "roe_4q": -21.6,
            "gross_profit": 237393,
            "gross_margin": 5.89,
            "gross_margin_4q_avg": 4.53,
            "net_income": -327800,
            "net_income_4q": null,
            "revenue": 4031807,
            "revenue_4q": null,
            "common_shares": 13100000,
            "book_valuer_per_share": 9.4,
            "book_valuer_per_share_4q_avg": 9.78,
            "equity": 12317388,
            "current_ratio": 164.23,
            "debt_ratio": 43.3,
            "inventory_turnover_ratio": 1.46,
            "account_receivable_turnover_ratio": null,
            "reinvestment_rate": null,
            "research_to_sale_ratio": null,
            "price_fair": 62.44,
            "eps_avg_yearly": 1.78,
            "eps_latest_yearly": 0.16,
            "eps_growth_yearly": 3488.43
        },
        "20054": {
            "year_quarter": 20054,
            "year": 2005,
            "quarter": 4,
            "eps": -2.78,
            "eps_growth_year": null,
            "eps_4q": -3.66,
            "eps_4q_growth_year": null,
            "roe": -30.81,
            "roe_4q": -46.43,
            "gross_profit": 152605,
            "gross_margin": 5.12,
            "gross_margin_4q_avg": 6.22,
            "net_income": -3457652,
            "net_income_4q": null,
            "revenue": 2978050,
            "revenue_4q": null,
            "common_shares": 13100000,
            "book_valuer_per_share": 7.55,
            "book_valuer_per_share_4q_avg": 9.06,
            "equity": 10124738,
            "current_ratio": 114.27,
            "debt_ratio": 60.39,
            "inventory_turnover_ratio": 0.66,
            "account_receivable_turnover_ratio": null,
            "reinvestment_rate": null,
            "research_to_sale_ratio": null,
            "price_fair": 62.44,
            "eps_avg_yearly": 1.78,
            "eps_latest_yearly": 0.16,
            "eps_growth_yearly": 3488.43
        },
        "20061": {
            "year_quarter": 20061,
            "year": 2006,
            "quarter": 1,
            "eps": -0.03,
            "eps_growth_year": null,
            "eps_4q": -4.33,
            "eps_4q_growth_year": null,
            "roe": -0.33,
            "roe_4q": -41.61,
            "gross_profit": 544587,
            "gross_margin": 16.22,
            "gross_margin_4q_avg": 8.64,
            "net_income": -33268,
            "net_income_4q": null,
            "revenue": 3357075,
            "revenue_4q": null,
            "common_shares": 13100000,
            "book_valuer_per_share": 7.55,
            "book_valuer_per_share_4q_avg": 8.5,
            "equity": 9888005,
            "current_ratio": 170.12,
            "debt_ratio": 47.14,
            "inventory_turnover_ratio": 0.64,
            "account_receivable_turnover_ratio": null,
            "reinvestment_rate": null,
            "research_to_sale_ratio": null,
            "price_fair": 2.61,
            "eps_avg_yearly": 0.87,
            "eps_latest_yearly": 0.16,
            "eps_growth_yearly": -72.79
        },
        "20062": {
            "year_quarter": 20062,
            "year": 2006,
            "quarter": 2,
            "eps": -0.46,
            "eps_growth_year": null,
            "eps_4q": -3.35,
            "eps_4q_growth_year": null,
            "roe": -6.01,
            "roe_4q": -39.8,
            "gross_profit": 612928,
            "gross_margin": 15.61,
            "gross_margin_4q_avg": 10.71,
            "net_income": -571825,
            "net_income_4q": null,
            "revenue": 3926096,
            "revenue_4q": null,
            "common_shares": 13100000,
            "book_valuer_per_share": 6.97,
            "book_valuer_per_share_4q_avg": 7.87,
            "equity": 9126689,
            "current_ratio": 97.02,
            "debt_ratio": 49.35,
            "inventory_turnover_ratio": 1.28,
            "account_receivable_turnover_ratio": null,
            "reinvestment_rate": null,
            "research_to_sale_ratio": null,
            "price_fair": 2.61,
            "eps_avg_yearly": 0.87,
            "eps_latest_yearly": 0.16,
            "eps_growth_yearly": -72.79
        },
        "20063": {
            "year_quarter": 20063,
            "year": 2006,
            "quarter": 3,
            "eps": -0.61,
            "eps_growth_year": null,
            "eps_4q": -5.2,
            "eps_4q_growth_year": null,
            "roe": -5.5,
            "roe_4q": -42.65,
            "gross_profit": 460342,
            "gross_margin": 11.34,
            "gross_margin_4q_avg": 12.07,
            "net_income": -492269,
            "net_income_4q": null,
            "revenue": 4060071,
            "revenue_4q": null,
            "common_shares": 8763900,
            "book_valuer_per_share": 10.03,
            "book_valuer_per_share_4q_avg": 8.03,
            "equity": 8788259,
            "current_ratio": 212.31,
            "debt_ratio": 53.23,
            "inventory_turnover_ratio": 1.6,
            "account_receivable_turnover_ratio": null,
            "reinvestment_rate": null,
            "research_to_sale_ratio": null,
            "price_fair": 2.61,
            "eps_avg_yearly": 0.87,
            "eps_latest_yearly": 0.16,
            "eps_growth_yearly": -72.79
        },
        "20064": {
            "year_quarter": 20064,
            "year": 2006,
            "quarter": 4,
            "eps": -3.61,
            "eps_growth_year": null,
            "eps_4q": -4.54,
            "eps_4q_growth_year": null,
            "roe": -40.79,
            "roe_4q": -52.629999999999995,
            "gross_profit": 332414,
            "gross_margin": 11.69,
            "gross_margin_4q_avg": 13.72,
            "net_income": -3005045,
            "net_income_4q": null,
            "revenue": 2844003,
            "revenue_4q": null,
            "common_shares": 8763900,
            "book_valuer_per_share": 6.78,
            "book_valuer_per_share_4q_avg": 7.83,
            "equity": 5946678,
            "current_ratio": 106.22,
            "debt_ratio": 70.81,
            "inventory_turnover_ratio": 0.88,
            "account_receivable_turnover_ratio": null,
            "reinvestment_rate": null,
            "research_to_sale_ratio": null,
            "price_fair": 2.61,
            "eps_avg_yearly": 0.87,
            "eps_latest_yearly": 0.16,
            "eps_growth_yearly": -72.79
        },
        "20071": {
            "year_quarter": 20071,
            "year": 2007,
            "quarter": 1,
            "eps": -0.15,
            "eps_growth_year": null,
            "eps_4q": -4.89,
            "eps_4q_growth_year": null,
            "roe": -2.2,
            "roe_4q": -54.5,
            "gross_profit": 507298,
            "gross_margin": 17.09,
            "gross_margin_4q_avg": 13.93,
            "net_income": -128759,
            "net_income_4q": null,
            "revenue": 2967868,
            "revenue_4q": null,
            "common_shares": 8763900,
            "book_valuer_per_share": 6.57,
            "book_valuer_per_share_4q_avg": 7.59,
            "equity": 5757073,
            "current_ratio": 209.86,
            "debt_ratio": 67.23,
            "inventory_turnover_ratio": 0.81,
            "account_receivable_turnover_ratio": null,
            "reinvestment_rate": null,
            "research_to_sale_ratio": null,
            "price_fair": 2.61,
            "eps_avg_yearly": 0.87,
            "eps_latest_yearly": 0.16,
            "eps_growth_yearly": -72.79
        },
        "20072": {
            "year_quarter": 20072,
            "year": 2007,
            "quarter": 2,
            "eps": -0.28,
            "eps_growth_year": null,
            "eps_4q": -4.4,
            "eps_4q_growth_year": null,
            "roe": -4.1,
            "roe_4q": -52.589999999999996,
            "gross_profit": 583824,
            "gross_margin": 18.75,
            "gross_margin_4q_avg": 14.72,
            "net_income": -231225,
            "net_income_4q": null,
            "revenue": 3114458,
            "revenue_4q": null,
            "common_shares": 8763900,
            "book_valuer_per_share": 6.29,
            "book_valuer_per_share_4q_avg": 7.42,
            "equity": 5514893,
            "current_ratio": 192.99,
            "debt_ratio": 66.87,
            "inventory_turnover_ratio": 1.05,
            "account_receivable_turnover_ratio": null,
            "reinvestment_rate": null,
            "research_to_sale_ratio": null,
            "price_fair": 2.64,
            "eps_avg_yearly": 0.88,
            "eps_latest_yearly": 0.16,
            "eps_growth_yearly": -54.05
        },
        "20073": {
            "year_quarter": 20073,
            "year": 2007,
            "quarter": 3,
            "eps": -0.2,
            "eps_growth_year": null,
            "eps_4q": -4.03,
            "eps_4q_growth_year": null,
            "roe": -3.06,
            "roe_4q": -50.15,
            "gross_profit": 426909,
            "gross_margin": 18.91,
            "gross_margin_4q_avg": 16.61,
            "net_income": -168431,
            "net_income_4q": null,
            "revenue": 2257427,
            "revenue_4q": null,
            "common_shares": 8763900,
            "book_valuer_per_share": 6.28,
            "book_valuer_per_share_4q_avg": 6.48,
            "equity": 5501650,
            "current_ratio": 224.99,
            "debt_ratio": 65.85,
            "inventory_turnover_ratio": 0.79,
            "account_receivable_turnover_ratio": null,
            "reinvestment_rate": null,
            "research_to_sale_ratio": null,
            "price_fair": 2.04,
            "eps_avg_yearly": 0.68,
            "eps_latest_yearly": 0.16,
            "eps_growth_yearly": -185.83
        },
        "20074": {
            "year_quarter": 20074,
            "year": 2007,
            "quarter": 4,
            "eps": -1.92,
            "eps_growth_year": null,
            "eps_4q": -2.54,
            "eps_4q_growth_year": null,
            "roe": -32.29,
            "roe_4q": -41.650000000000006,
            "gross_profit": 299814,
            "gross_margin": 14.26,
            "gross_margin_4q_avg": 17.25,
            "net_income": -1610652,
            "net_income_4q": null,
            "revenue": 2102819,
            "revenue_4q": null,
            "common_shares": 8763900,
            "book_valuer_per_share": 5.1,
            "book_valuer_per_share_4q_avg": 6.06,
            "equity": 4473675,
            "current_ratio": 98.72,
            "debt_ratio": 73.84,
            "inventory_turnover_ratio": 0.75,
            "account_receivable_turnover_ratio": null,
            "reinvestment_rate": null,
            "research_to_sale_ratio": null,
            "price_fair": 0.48,
            "eps_avg_yearly": 0.16,
            "eps_latest_yearly": 0.16,
            "eps_growth_yearly": -346.67
        },
        "20081": {
            "year_quarter": 20081,
            "year": 2008,
            "quarter": 1,
            "eps": 2.42,
            "eps_growth_year": null,
            "eps_4q": 0.04,
            "eps_4q_growth_year": null,
            "roe": 37.05,
            "roe_4q": -2.4000000000000017,
            "gross_profit": 547185,
            "gross_margin": 18.62,
            "gross_margin_4q_avg": 17.64,
            "net_income": 2044163,
            "net_income_4q": null,
            "revenue": 2937948,
            "revenue_4q": null,
            "common_shares": 8763900,
            "book_valuer_per_share": 7.48,
            "book_valuer_per_share_4q_avg": 6.29,
            "equity": 6559700,
            "current_ratio": 138.2,
            "debt_ratio": 61.16,
            "inventory_turnover_ratio": 1.04,
            "account_receivable_turnover_ratio": null,
            "reinvestment_rate": null,
            "research_to_sale_ratio": null,
            "price_fair": 0,
            "eps_avg_yearly": 0,
            "eps_latest_yearly": 0,
            "eps_growth_yearly": 0
        },
        "20082": {
            "year_quarter": 20082,
            "year": 2008,
            "quarter": 2,
            "eps": -0.07,
            "eps_growth_year": null,
            "eps_4q": 0.24,
            "eps_4q_growth_year": null,
            "roe": -0.88,
            "roe_4q": 0.8199999999999954,
            "gross_profit": 639569,
            "gross_margin": 22.24,
            "gross_margin_4q_avg": 18.51,
            "net_income": -57237,
            "net_income_4q": null,
            "revenue": 2875841,
            "revenue_4q": null,
            "common_shares": 8763900,
            "book_valuer_per_share": 7.36,
            "book_valuer_per_share_4q_avg": 6.56,
            "equity": 6450282,
            "current_ratio": 144.1,
            "debt_ratio": 60.75,
            "inventory_turnover_ratio": 1.05,
            "account_receivable_turnover_ratio": null,
            "reinvestment_rate": null,
            "research_to_sale_ratio": null,
            "price_fair": 0,
            "eps_avg_yearly": 0,
            "eps_latest_yearly": 0,
            "eps_growth_yearly": 0
        },
        "20083": {
            "year_quarter": 20083,
            "year": 2008,
            "quarter": 3,
            "eps": -0.04,
            "eps_growth_year": null,
            "eps_4q": 0.39,
            "eps_4q_growth_year": null,
            "roe": -0.49,
            "roe_4q": 3.3900000000000006,
            "gross_profit": 368520,
            "gross_margin": 18.07,
            "gross_margin_4q_avg": 18.3,
            "net_income": -31962,
            "net_income_4q": null,
            "revenue": 2039126,
            "revenue_4q": null,
            "common_shares": 8763900,
            "book_valuer_per_share": 7.4,
            "book_valuer_per_share_4q_avg": 6.84,
            "equity": 6485983,
            "current_ratio": 117.09,
            "debt_ratio": 58.23,
            "inventory_turnover_ratio": 0.79,
            "account_receivable_turnover_ratio": null,
            "reinvestment_rate": null,
            "research_to_sale_ratio": null,
            "price_fair": 0,
            "eps_avg_yearly": 0,
            "eps_latest_yearly": 0,
            "eps_growth_yearly": 0
        },
        "20084": {
            "year_quarter": 20084,
            "year": 2008,
            "quarter": 4,
            "eps": 2.09,
            "eps_growth_year": null,
            "eps_4q": 4.42,
            "eps_4q_growth_year": null,
            "roe": 24.84,
            "roe_4q": 60.519999999999996,
            "gross_profit": 149339,
            "gross_margin": 5.81,
            "gross_margin_4q_avg": 16.19,
            "net_income": 1762897,
            "net_income_4q": null,
            "revenue": 2572352,
            "revenue_4q": null,
            "common_shares": 8763900,
            "book_valuer_per_share": 8.79,
            "book_valuer_per_share_4q_avg": 7.76,
            "equity": 7709336,
            "current_ratio": 100.27,
            "debt_ratio": 44.33,
            "inventory_turnover_ratio": 1.29,
            "account_receivable_turnover_ratio": 3.03,
            "reinvestment_rate": null,
            "research_to_sale_ratio": null,
            "price_fair": 0,
            "eps_avg_yearly": 0,
            "eps_latest_yearly": 0,
            "eps_growth_yearly": 0
        },
        "20091": {
            "year_quarter": 20091,
            "year": 2009,
            "quarter": 1,
            "eps": 0.06,
            "eps_growth_year": -97.52,
            "eps_4q": 2.22,
            "eps_4q_growth_year": 5422.14,
            "roe": 0.6,
            "roe_4q": 24.070000000000004,
            "gross_profit": 526320,
            "gross_margin": 22.46,
            "gross_margin_4q_avg": 17.15,
            "net_income": 46816,
            "net_income_4q": null,
            "revenue": 2343597,
            "revenue_4q": null,
            "common_shares": 8763900,
            "book_valuer_per_share": 9.03,
            "book_valuer_per_share_4q_avg": 8.15,
            "equity": 7919932,
            "current_ratio": 103.93,
            "debt_ratio": 42.32,
            "inventory_turnover_ratio": 1.23,
            "account_receivable_turnover_ratio": 1.54,
            "reinvestment_rate": null,
            "research_to_sale_ratio": null,
            "price_fair": 0.72,
            "eps_avg_yearly": 0.24,
            "eps_latest_yearly": 0.24,
            "eps_growth_yearly": -388.52
        },
        "20092": {
            "year_quarter": 20092,
            "year": 2009,
            "quarter": 2,
            "eps": -0.06,
            "eps_growth_year": null,
            "eps_4q": 1.98,
            "eps_4q_growth_year": 736.45,
            "roe": -0.61,
            "roe_4q": 24.34,
            "gross_profit": 629628,
            "gross_margin": 27.94,
            "gross_margin_4q_avg": 18.57,
            "net_income": -48401,
            "net_income_4q": null,
            "revenue": 2253661,
            "revenue_4q": null,
            "common_shares": 8763900,
            "book_valuer_per_share": 8.94,
            "book_valuer_per_share_4q_avg": 8.54,
            "equity": 7837528,
            "current_ratio": 105.92,
            "debt_ratio": 42.87,
            "inventory_turnover_ratio": 1.35,
            "account_receivable_turnover_ratio": 1.68,
            "reinvestment_rate": null,
            "research_to_sale_ratio": null,
            "price_fair": 0.72,
            "eps_avg_yearly": 0.24,
            "eps_latest_yearly": 0.24,
            "eps_growth_yearly": -388.52
        },
        "20093": {
            "year_quarter": 20093,
            "year": 2009,
            "quarter": 3,
            "eps": 0.01,
            "eps_growth_year": null,
            "eps_4q": 2.03,
            "eps_4q_growth_year": 416.95,
            "roe": 0.11,
            "roe_4q": 24.94,
            "gross_profit": 281825,
            "gross_margin": 13.77,
            "gross_margin_4q_avg": 17.5,
            "net_income": 8466,
            "net_income_4q": null,
            "revenue": 2046949,
            "revenue_4q": null,
            "common_shares": 8763900,
            "book_valuer_per_share": 9,
            "book_valuer_per_share_4q_avg": 8.94,
            "equity": 7889263,
            "current_ratio": 182.7,
            "debt_ratio": 38.04,
            "inventory_turnover_ratio": 1.62,
            "account_receivable_turnover_ratio": 1.7,
            "reinvestment_rate": null,
            "research_to_sale_ratio": null,
            "price_fair": 0.72,
            "eps_avg_yearly": 0.24,
            "eps_latest_yearly": 0.24,
            "eps_growth_yearly": -388.52
        },
        "20094": {
            "year_quarter": 20094,
            "year": 2009,
            "quarter": 4,
            "eps": -0.12,
            "eps_growth_year": -105.74,
            "eps_4q": -0.11,
            "eps_4q_growth_year": -102.53,
            "roe": -1.34,
            "roe_4q": -1.2399999999999998,
            "gross_profit": 215045,
            "gross_margin": 9.75,
            "gross_margin_4q_avg": 18.48,
            "net_income": -104526,
            "net_income_4q": null,
            "revenue": 2206616,
            "revenue_4q": null,
            "common_shares": 8763900,
            "book_valuer_per_share": 9.16,
            "book_valuer_per_share_4q_avg": 9.03,
            "equity": 7753794,
            "current_ratio": 164.76,
            "debt_ratio": 38.94,
            "inventory_turnover_ratio": 1.76,
            "account_receivable_turnover_ratio": 3.03,
            "reinvestment_rate": null,
            "research_to_sale_ratio": null,
            "price_fair": 0.72,
            "eps_avg_yearly": 0.24,
            "eps_latest_yearly": 0.24,
            "eps_growth_yearly": -388.52
        },
        "20101": {
            "year_quarter": 20101,
            "year": 2010,
            "quarter": 1,
            "eps": 0.01,
            "eps_growth_year": -83.33,
            "eps_4q": -0.15,
            "eps_4q_growth_year": -107,
            "roe": 0.13,
            "roe_4q": -1.71,
            "gross_profit": 557367,
            "gross_margin": 23.52,
            "gross_margin_4q_avg": 18.75,
            "net_income": 10347,
            "net_income_4q": null,
            "revenue": 2369394,
            "revenue_4q": null,
            "common_shares": 8763900,
            "book_valuer_per_share": 9.12,
            "book_valuer_per_share_4q_avg": 9.06,
            "equity": 7712251,
            "current_ratio": 182.56,
            "debt_ratio": 38.83,
            "inventory_turnover_ratio": 1.5,
            "account_receivable_turnover_ratio": 1.68,
            "reinvestment_rate": null,
            "research_to_sale_ratio": null,
            "price_fair": 0.72,
            "eps_avg_yearly": 0.24,
            "eps_latest_yearly": 0.24,
            "eps_growth_yearly": -388.52
        },
        "20102": {
            "year_quarter": 20102,
            "year": 2010,
            "quarter": 2,
            "eps": 0.07,
            "eps_growth_year": null,
            "eps_4q": -0.03,
            "eps_4q_growth_year": -101.45,
            "roe": 0.76,
            "roe_4q": -0.3400000000000001,
            "gross_profit": 657378,
            "gross_margin": 23.04,
            "gross_margin_4q_avg": 17.52,
            "net_income": 58851,
            "net_income_4q": null,
            "revenue": 2852711,
            "revenue_4q": null,
            "common_shares": 8763900,
            "book_valuer_per_share": 9.16,
            "book_valuer_per_share_4q_avg": 9.11,
            "equity": 7745794,
            "current_ratio": 171.9,
            "debt_ratio": 40.12,
            "inventory_turnover_ratio": 1.62,
            "account_receivable_turnover_ratio": 1.81,
            "reinvestment_rate": null,
            "research_to_sale_ratio": null,
            "price_fair": 9.1,
            "eps_avg_yearly": 0.26,
            "eps_latest_yearly": 0.28,
            "eps_growth_yearly": 1005.74
        },
        "20103": {
            "year_quarter": 20103,
            "year": 2010,
            "quarter": 3,
            "eps": 0.17,
            "eps_growth_year": 1577.22,
            "eps_4q": 0.11,
            "eps_4q_growth_year": -94.63,
            "roe": 1.23,
            "roe_4q": 0.78,
            "gross_profit": 390954,
            "gross_margin": 15.19,
            "gross_margin_4q_avg": 17.88,
            "net_income": 95807,
            "net_income_4q": null,
            "revenue": 2574115,
            "revenue_4q": null,
            "common_shares": 6000000,
            "book_valuer_per_share": 13.5,
            "book_valuer_per_share_4q_avg": 10.24,
            "equity": 7819579,
            "current_ratio": 180.54,
            "debt_ratio": 39.15,
            "inventory_turnover_ratio": 1.39,
            "account_receivable_turnover_ratio": 1.65,
            "reinvestment_rate": null,
            "research_to_sale_ratio": null,
            "price_fair": 14,
            "eps_avg_yearly": 0.4,
            "eps_latest_yearly": 0.68,
            "eps_growth_yearly": 860.97
        },
        "20104": {
            "year_quarter": 20104,
            "year": 2010,
            "quarter": 4,
            "eps": -0.04,
            "eps_growth_year": null,
            "eps_4q": 0.25,
            "eps_4q_growth_year": null,
            "roe": -0.35,
            "roe_4q": 1.77,
            "gross_profit": 261908,
            "gross_margin": 10.98,
            "gross_margin_4q_avg": 18.18,
            "net_income": -26779,
            "net_income_4q": null,
            "revenue": 2385797,
            "revenue_4q": null,
            "common_shares": 5914731,
            "book_valuer_per_share": 12.92,
            "book_valuer_per_share_4q_avg": 11.18,
            "equity": 7478552,
            "current_ratio": 160.51,
            "debt_ratio": 42.28,
            "inventory_turnover_ratio": 1.15,
            "account_receivable_turnover_ratio": 1.63,
            "reinvestment_rate": 130.22,
            "research_to_sale_ratio": null,
            "price_fair": 14,
            "eps_avg_yearly": 0.4,
            "eps_latest_yearly": 0.68,
            "eps_growth_yearly": 860.97
        },
        "20111": {
            "year_quarter": 20111,
            "year": 2011,
            "quarter": 1,
            "eps": 0.9,
            "eps_growth_year": 8900,
            "eps_4q": 1.13,
            "eps_4q_growth_year": null,
            "roe": 6.76,
            "roe_4q": 8.4,
            "gross_profit": 532935,
            "gross_margin": 20.95,
            "gross_margin_4q_avg": 17.54,
            "net_income": 524349,
            "net_income_4q": null,
            "revenue": 2543507,
            "revenue_4q": null,
            "common_shares": 5914731,
            "book_valuer_per_share": 13.88,
            "book_valuer_per_share_4q_avg": 12.37,
            "equity": 8039055,
            "current_ratio": 180.86,
            "debt_ratio": 39.98,
            "inventory_turnover_ratio": 0.96,
            "account_receivable_turnover_ratio": 1.7,
            "reinvestment_rate": 185.94,
            "research_to_sale_ratio": null,
            "price_fair": 14,
            "eps_avg_yearly": 0.4,
            "eps_latest_yearly": 0.68,
            "eps_growth_yearly": 860.97
        },
        "20112": {
            "year_quarter": 20112,
            "year": 2011,
            "quarter": 2,
            "eps": 0.09,
            "eps_growth_year": 34.27,
            "eps_4q": 1.12,
            "eps_4q_growth_year": null,
            "roe": 0.67,
            "roe_4q": 8.31,
            "gross_profit": 654869,
            "gross_margin": 20.8,
            "gross_margin_4q_avg": 16.98,
            "net_income": 53266,
            "net_income_4q": null,
            "revenue": 3148488,
            "revenue_4q": null,
            "common_shares": 5914731,
            "book_valuer_per_share": 13.78,
            "book_valuer_per_share_4q_avg": 13.52,
            "equity": 7975494,
            "current_ratio": 190.72,
            "debt_ratio": 41.18,
            "inventory_turnover_ratio": 1.27,
            "account_receivable_turnover_ratio": 1.92,
            "reinvestment_rate": 163.6,
            "research_to_sale_ratio": null,
            "price_fair": 13.65,
            "eps_avg_yearly": 0.39,
            "eps_latest_yearly": 0.36,
            "eps_growth_yearly": 555.73
        },
        "20113": {
            "year_quarter": 20113,
            "year": 2011,
            "quarter": 3,
            "eps": 0.08,
            "eps_growth_year": -54.22,
            "eps_4q": 1.04,
            "eps_4q_growth_year": 857.45,
            "roe": 0.55,
            "roe_4q": 7.630000000000001,
            "gross_profit": 507432,
            "gross_margin": 20.53,
            "gross_margin_4q_avg": 18.32,
            "net_income": 43839,
            "net_income_4q": null,
            "revenue": 2471310,
            "revenue_4q": null,
            "common_shares": 5914731,
            "book_valuer_per_share": 14.17,
            "book_valuer_per_share_4q_avg": 13.69,
            "equity": 8090080,
            "current_ratio": 208.13,
            "debt_ratio": 38.84,
            "inventory_turnover_ratio": 1.07,
            "account_receivable_turnover_ratio": 1.5,
            "reinvestment_rate": 183.22,
            "research_to_sale_ratio": null,
            "price_fair": 13.16,
            "eps_avg_yearly": 0.38,
            "eps_latest_yearly": 0.32,
            "eps_growth_yearly": 435.69
        },
        "20114": {
            "year_quarter": 20114,
            "year": 2011,
            "quarter": 4,
            "eps": -0.75,
            "eps_growth_year": null,
            "eps_4q": 0.36,
            "eps_4q_growth_year": 45.9,
            "roe": -5.41,
            "roe_4q": 2.5699999999999994,
            "gross_profit": 220591,
            "gross_margin": 8.46,
            "gross_margin_4q_avg": 17.69,
            "net_income": -421247,
            "net_income_4q": null,
            "revenue": 2606579,
            "revenue_4q": null,
            "common_shares": 5914731,
            "book_valuer_per_share": 13.38,
            "book_valuer_per_share_4q_avg": 13.8,
            "equity": 7479422,
            "current_ratio": 182.21,
            "debt_ratio": 44.34,
            "inventory_turnover_ratio": 1.24,
            "account_receivable_turnover_ratio": 1.6,
            "reinvestment_rate": 70.32,
            "research_to_sale_ratio": null,
            "price_fair": 13.16,
            "eps_avg_yearly": 0.38,
            "eps_latest_yearly": 0.32,
            "eps_growth_yearly": 435.69
        },
        "20121": {
            "year_quarter": 20121,
            "year": 2012,
            "quarter": 1,
            "eps": 0.35,
            "eps_growth_year": -61.11,
            "eps_4q": -0.23,
            "eps_4q_growth_year": -120.13,
            "roe": 2.56,
            "roe_4q": -1.63,
            "gross_profit": 630314,
            "gross_margin": 20.41,
            "gross_margin_4q_avg": 17.55,
            "net_income": 197154,
            "net_income_4q": null,
            "revenue": 3088784,
            "revenue_4q": null,
            "common_shares": 5914731,
            "book_valuer_per_share": 13.65,
            "book_valuer_per_share_4q_avg": 13.75,
            "equity": 7927753,
            "current_ratio": 191.32,
            "debt_ratio": 42.02,
            "inventory_turnover_ratio": 1.37,
            "account_receivable_turnover_ratio": 1.69,
            "reinvestment_rate": 159.5,
            "research_to_sale_ratio": null,
            "price_fair": 13.16,
            "eps_avg_yearly": 0.38,
            "eps_latest_yearly": 0.32,
            "eps_growth_yearly": 435.69
        },
        "20122": {
            "year_quarter": 20122,
            "year": 2012,
            "quarter": 2,
            "eps": 0.3,
            "eps_growth_year": 211.4,
            "eps_4q": -0.03,
            "eps_4q_growth_year": -103.08,
            "roe": 2.08,
            "roe_4q": -0.21999999999999953,
            "gross_profit": 786636,
            "gross_margin": 22.23,
            "gross_margin_4q_avg": 17.91,
            "net_income": 165752,
            "net_income_4q": null,
            "revenue": 3538820,
            "revenue_4q": null,
            "common_shares": 5914731,
            "book_valuer_per_share": 14.08,
            "book_valuer_per_share_4q_avg": 13.82,
            "equity": 8047044,
            "current_ratio": 178.48,
            "debt_ratio": 43.26,
            "inventory_turnover_ratio": 1.66,
            "account_receivable_turnover_ratio": 1.75,
            "reinvestment_rate": 135.05,
            "research_to_sale_ratio": null,
            "price_fair": 17.97,
            "eps_avg_yearly": 0.51,
            "eps_latest_yearly": 1.2,
            "eps_growth_yearly": 353.55
        },
        "20123": {
            "year_quarter": 20123,
            "year": 2012,
            "quarter": 3,
            "eps": 0.27,
            "eps_growth_year": 248.77,
            "eps_4q": 0.15,
            "eps_4q_growth_year": -85.27,
            "roe": 1.88,
            "roe_4q": 1.1099999999999994,
            "gross_profit": 612047,
            "gross_margin": 19.94,
            "gross_margin_4q_avg": 17.76,
            "net_income": 152166,
            "net_income_4q": null,
            "revenue": 3069628,
            "revenue_4q": null,
            "common_shares": 5914731,
            "book_valuer_per_share": 14.19,
            "book_valuer_per_share_4q_avg": 13.83,
            "equity": 8125754,
            "current_ratio": 196.05,
            "debt_ratio": 39.15,
            "inventory_turnover_ratio": 1.46,
            "account_receivable_turnover_ratio": 1.53,
            "reinvestment_rate": 123.52,
            "research_to_sale_ratio": null,
            "price_fair": 20.8,
            "eps_avg_yearly": 0.59,
            "eps_latest_yearly": 1.08,
            "eps_growth_yearly": 297.33
        },
        "20124": {
            "year_quarter": 20124,
            "year": 2012,
            "quarter": 4,
            "eps": 0.02,
            "eps_growth_year": null,
            "eps_4q": 0.97,
            "eps_4q_growth_year": 169.58,
            "roe": 0.14,
            "roe_4q": 6.66,
            "gross_profit": 308658,
            "gross_margin": 12.31,
            "gross_margin_4q_avg": 18.72,
            "net_income": 10656,
            "net_income_4q": null,
            "revenue": 2507029,
            "revenue_4q": null,
            "common_shares": 5841001,
            "book_valuer_per_share": 13.97,
            "book_valuer_per_share_4q_avg": 13.97,
            "equity": 7608062,
            "current_ratio": 162.47,
            "debt_ratio": 45.18,
            "inventory_turnover_ratio": 1.18,
            "account_receivable_turnover_ratio": 1.28,
            "reinvestment_rate": 416.22,
            "research_to_sale_ratio": null,
            "price_fair": 18.55,
            "eps_avg_yearly": 0.53,
            "eps_latest_yearly": 0.08,
            "eps_growth_yearly": 213.87
        },
        "20131": {
            "year_quarter": 20131,
            "year": 2013,
            "quarter": 1,
            "eps": 0.23,
            "eps_growth_year": -34.29,
            "eps_4q": 0.83,
            "eps_4q_growth_year": null,
            "roe": 1.63,
            "roe_4q": 5.73,
            "gross_profit": 584532,
            "gross_margin": 20.44,
            "gross_margin_4q_avg": 18.73,
            "net_income": 124514,
            "net_income_4q": null,
            "revenue": 2859195,
            "revenue_4q": null,
            "common_shares": 5641001,
            "book_valuer_per_share": 13.98,
            "book_valuer_per_share_4q_avg": 14.06,
            "equity": 7678673,
            "current_ratio": 167.2,
            "debt_ratio": 40.74,
            "inventory_turnover_ratio": 1.17,
            "account_receivable_turnover_ratio": 1.42,
            "reinvestment_rate": 414.03,
            "research_to_sale_ratio": 1.43,
            "price_fair": 21.53,
            "eps_avg_yearly": 0.62,
            "eps_latest_yearly": 0.92,
            "eps_growth_yearly": 787.43
        },
        "20132": {
            "year_quarter": 20132,
            "year": 2013,
            "quarter": 2,
            "eps": 0.33,
            "eps_growth_year": 11.55,
            "eps_4q": 0.85,
            "eps_4q_growth_year": null,
            "roe": 2.37,
            "roe_4q": 6.02,
            "gross_profit": 725857,
            "gross_margin": 22.41,
            "gross_margin_4q_avg": 18.78,
            "net_income": 180748,
            "net_income_4q": null,
            "revenue": 3238358,
            "revenue_4q": null,
            "common_shares": 5641001,
            "book_valuer_per_share": 13.83,
            "book_valuer_per_share_4q_avg": 13.99,
            "equity": 7597428,
            "current_ratio": 181.25,
            "debt_ratio": 40.9,
            "inventory_turnover_ratio": 1.4,
            "account_receivable_turnover_ratio": 1.75,
            "reinvestment_rate": 324.77,
            "research_to_sale_ratio": 0.93,
            "price_fair": 24.27,
            "eps_avg_yearly": 0.69,
            "eps_latest_yearly": 1.32,
            "eps_growth_yearly": 719.26
        },
        "20133": {
            "year_quarter": 20133,
            "year": 2013,
            "quarter": 3,
            "eps": 0.39,
            "eps_growth_year": 45.63,
            "eps_4q": 0.97,
            "eps_4q_growth_year": 530.15,
            "roe": 3.44,
            "roe_4q": 7.58,
            "gross_profit": 490947,
            "gross_margin": 19.28,
            "gross_margin_4q_avg": 18.61,
            "net_income": 265869,
            "net_income_4q": null,
            "revenue": 2546186,
            "revenue_4q": null,
            "common_shares": 5641001,
            "book_valuer_per_share": 14.22,
            "book_valuer_per_share_4q_avg": 14,
            "equity": 7865573,
            "current_ratio": 224.88,
            "debt_ratio": 34.05,
            "inventory_turnover_ratio": 1.14,
            "account_receivable_turnover_ratio": 1.83,
            "reinvestment_rate": 271.63,
            "research_to_sale_ratio": 1.65,
            "price_fair": 27.3,
            "eps_avg_yearly": 0.78,
            "eps_latest_yearly": 1.56,
            "eps_growth_yearly": 654.61
        },
        "20134": {
            "year_quarter": 20134,
            "year": 2013,
            "quarter": 4,
            "eps": -0.16,
            "eps_growth_year": -1008.45,
            "eps_4q": 0.83,
            "eps_4q_growth_year": -14.49,
            "roe": -1.15,
            "roe_4q": 6.29,
            "gross_profit": 276706,
            "gross_margin": 11.16,
            "gross_margin_4q_avg": 18.32,
            "net_income": -89282,
            "net_income_4q": null,
            "revenue": 2478597,
            "revenue_4q": null,
            "common_shares": 5641001,
            "book_valuer_per_share": 14.33,
            "book_valuer_per_share_4q_avg": 14.09,
            "equity": 7631911,
            "current_ratio": 222.67,
            "debt_ratio": 37.13,
            "inventory_turnover_ratio": 1.22,
            "account_receivable_turnover_ratio": 2.02,
            "reinvestment_rate": -3.6,
            "research_to_sale_ratio": 1.33,
            "price_fair": 27.3,
            "eps_avg_yearly": 0.78,
            "eps_latest_yearly": 1.56,
            "eps_growth_yearly": 654.61
        },
        "20141": {
            "year_quarter": 20141,
            "year": 2014,
            "quarter": 1,
            "eps": 0.31,
            "eps_growth_year": 34.78,
            "eps_4q": 0.9,
            "eps_4q_growth_year": 8.6,
            "roe": 2.09,
            "roe_4q": 6.75,
            "gross_profit": 531714,
            "gross_margin": 20.9,
            "gross_margin_4q_avg": 18.44,
            "net_income": 162494,
            "net_income_4q": null,
            "revenue": 2543884,
            "revenue_4q": null,
            "common_shares": 5441001,
            "book_valuer_per_share": 14.73,
            "book_valuer_per_share_4q_avg": 14.28,
            "equity": 7884987,
            "current_ratio": 250.59,
            "debt_ratio": 32.24,
            "inventory_turnover_ratio": 1.18,
            "account_receivable_turnover_ratio": 2.11,
            "reinvestment_rate": 7.04,
            "research_to_sale_ratio": 1.37,
            "price_fair": 27.3,
            "eps_avg_yearly": 0.78,
            "eps_latest_yearly": 1.56,
            "eps_growth_yearly": 654.61
        },
        "20142": {
            "year_quarter": 20142,
            "year": 2014,
            "quarter": 2,
            "eps": 0.37,
            "eps_growth_year": 12.12,
            "eps_4q": 0.95,
            "eps_4q_growth_year": 10.72,
            "roe": 2.54,
            "roe_4q": 6.92,
            "gross_profit": 725907,
            "gross_margin": 24.67,
            "gross_margin_4q_avg": 19,
            "net_income": 195873,
            "net_income_4q": null,
            "revenue": 2942946,
            "revenue_4q": null,
            "common_shares": 5441001,
            "book_valuer_per_share": 14.31,
            "book_valuer_per_share_4q_avg": 14.4,
            "equity": 7523741,
            "current_ratio": 181.46,
            "debt_ratio": 36.59,
            "inventory_turnover_ratio": 1.47,
            "account_receivable_turnover_ratio": 2.48,
            "reinvestment_rate": 9.54,
            "research_to_sale_ratio": 1.3,
            "price_fair": 31.5,
            "eps_avg_yearly": 0.9,
            "eps_latest_yearly": 1.48,
            "eps_growth_yearly": 422.35
        },
        "20143": {
            "year_quarter": 20143,
            "year": 2014,
            "quarter": 3,
            "eps": 0.47,
            "eps_growth_year": 20.51,
            "eps_4q": 1,
            "eps_4q_growth_year": 3.05,
            "roe": 3.14,
            "roe_4q": 6.619999999999999,
            "gross_profit": 592926,
            "gross_margin": 22.79,
            "gross_margin_4q_avg": 19.88,
            "net_income": 240701,
            "net_income_4q": null,
            "revenue": 2601467,
            "revenue_4q": null,
            "common_shares": 5441001,
            "book_valuer_per_share": 14.92,
            "book_valuer_per_share_4q_avg": 14.57,
            "equity": 7826374,
            "current_ratio": 218.62,
            "debt_ratio": 32.78,
            "inventory_turnover_ratio": 1.66,
            "account_receivable_turnover_ratio": 2.06,
            "reinvestment_rate": 14.45,
            "research_to_sale_ratio": 1.4,
            "price_fair": 35.7,
            "eps_avg_yearly": 1.02,
            "eps_latest_yearly": 1.88,
            "eps_growth_yearly": 376.02
        },
        "20144": {
            "year_quarter": 20144,
            "year": 2014,
            "quarter": 4,
            "eps": 0.09,
            "eps_growth_year": null,
            "eps_4q": 1.25,
            "eps_4q_growth_year": 50.98,
            "roe": 0.56,
            "roe_4q": 8.33,
            "gross_profit": 382673,
            "gross_margin": 17.06,
            "gross_margin_4q_avg": 21.36,
            "net_income": 44383,
            "net_income_4q": null,
            "revenue": 2242844,
            "revenue_4q": null,
            "common_shares": 5250000,
            "book_valuer_per_share": 15.18,
            "book_valuer_per_share_4q_avg": 14.79,
            "equity": 8004475,
            "current_ratio": 188.6,
            "debt_ratio": 34.43,
            "inventory_turnover_ratio": 1.53,
            "account_receivable_turnover_ratio": 1.84,
            "reinvestment_rate": 36.28,
            "research_to_sale_ratio": 1.69,
            "price_fair": 33.6,
            "eps_avg_yearly": 0.96,
            "eps_latest_yearly": 0.36,
            "eps_growth_yearly": 312.44
        },
        "20151": {
            "year_quarter": 20151,
            "year": 2015,
            "quarter": 1,
            "eps": 0.29,
            "eps_growth_year": -6.45,
            "eps_4q": 1.23,
            "eps_4q_growth_year": 36.48,
            "roe": 1.92,
            "roe_4q": 8.16,
            "gross_profit": 569293,
            "gross_margin": 23.84,
            "gross_margin_4q_avg": 22.09,
            "net_income": 154406,
            "net_income_4q": null,
            "revenue": 2388287,
            "revenue_4q": null,
            "common_shares": 5250000,
            "book_valuer_per_share": 15.39,
            "book_valuer_per_share_4q_avg": 14.95,
            "equity": 8117167,
            "current_ratio": 204.65,
            "debt_ratio": 32.99,
            "inventory_turnover_ratio": 1.22,
            "account_receivable_turnover_ratio": 2.12,
            "reinvestment_rate": 44.15,
            "research_to_sale_ratio": 1.49,
            "price_fair": 34.18,
            "eps_avg_yearly": 0.98,
            "eps_latest_yearly": 1.16,
            "eps_growth_yearly": 360.47
        },
        "20152": {
            "year_quarter": 20152,
            "year": 2015,
            "quarter": 2,
            "eps": 0.38,
            "eps_growth_year": 2.7,
            "eps_4q": 1.28,
            "eps_4q_growth_year": 35.21,
            "roe": 2.51,
            "roe_4q": 8.13,
            "gross_profit": 820380,
            "gross_margin": 26.63,
            "gross_margin_4q_avg": 22.58,
            "net_income": 199115,
            "net_income_4q": null,
            "revenue": 3080761,
            "revenue_4q": null,
            "common_shares": 5250000,
            "book_valuer_per_share": 15.29,
            "book_valuer_per_share_4q_avg": 15.2,
            "equity": 7743683,
            "current_ratio": 162.37,
            "debt_ratio": 37.82,
            "inventory_turnover_ratio": 1.52,
            "account_receivable_turnover_ratio": 2.6,
            "reinvestment_rate": 29,
            "research_to_sale_ratio": 1.18,
            "price_fair": 37.57,
            "eps_avg_yearly": 1.07,
            "eps_latest_yearly": 1.52,
            "eps_growth_yearly": 400.82
        },
        "20153": {
            "year_quarter": 20153,
            "year": 2015,
            "quarter": 3,
            "eps": 0.26,
            "eps_growth_year": -44.68,
            "eps_4q": 1.06,
            "eps_4q_growth_year": 5.92,
            "roe": 1.73,
            "roe_4q": 6.720000000000001,
            "gross_profit": 458561,
            "gross_margin": 20.94,
            "gross_margin_4q_avg": 22.12,
            "net_income": 133954,
            "net_income_4q": null,
            "revenue": 2190126,
            "revenue_4q": null,
            "common_shares": 5250000,
            "book_valuer_per_share": 15.26,
            "book_valuer_per_share_4q_avg": 15.28,
            "equity": 7746081,
            "current_ratio": 185.51,
            "debt_ratio": 34.27,
            "inventory_turnover_ratio": 1.3,
            "account_receivable_turnover_ratio": 1.85,
            "reinvestment_rate": 31.26,
            "research_to_sale_ratio": 1.6,
            "price_fair": 39.67,
            "eps_avg_yearly": 1.13,
            "eps_latest_yearly": 1.04,
            "eps_growth_yearly": 394
        },
        "20154": {
            "year_quarter": 20154,
            "year": 2015,
            "quarter": 4,
            "eps": 0.07,
            "eps_growth_year": -29.68,
            "eps_4q": 1.03,
            "eps_4q_growth_year": -17.89,
            "roe": 0.45,
            "roe_4q": 6.609999999999999,
            "gross_profit": 449655,
            "gross_margin": 21.35,
            "gross_margin_4q_avg": 23.19,
            "net_income": 34534,
            "net_income_4q": null,
            "revenue": 2106481,
            "revenue_4q": null,
            "common_shares": 5250000,
            "book_valuer_per_share": 14.98,
            "book_valuer_per_share_4q_avg": 15.23,
            "equity": 7607780,
            "current_ratio": 165.9,
            "debt_ratio": 38.05,
            "inventory_turnover_ratio": 1.19,
            "account_receivable_turnover_ratio": 1.87,
            "reinvestment_rate": 36.47,
            "research_to_sale_ratio": null,
            "price_fair": 37.37,
            "eps_avg_yearly": 1.07,
            "eps_latest_yearly": 0.28,
            "eps_growth_yearly": 341.2
        },
        "20161": {
            "year_quarter": 20161,
            "year": 2016,
            "quarter": 1,
            "eps": 0.51,
            "eps_growth_year": 75.86,
            "eps_4q": 1.24,
            "eps_4q_growth_year": 1.32,
            "roe": 3.42,
            "roe_4q": 8.11,
            "gross_profit": 677672,
            "gross_margin": 25.6,
            "gross_margin_4q_avg": 23.63,
            "net_income": 263383,
            "net_income_4q": null,
            "revenue": 2647114,
            "revenue_4q": null,
            "common_shares": 5250000,
            "book_valuer_per_share": 15.41,
            "book_valuer_per_share_4q_avg": 15.24,
            "equity": 7813452,
            "current_ratio": 204.74,
            "debt_ratio": 33.61,
            "inventory_turnover_ratio": 1.36,
            "account_receivable_turnover_ratio": 2.35,
            "reinvestment_rate": 12.49,
            "research_to_sale_ratio": null,
            "price_fair": 39.8,
            "eps_avg_yearly": 1.14,
            "eps_latest_yearly": 2.04,
            "eps_growth_yearly": 496.42
        },
        "20162": {
            "year_quarter": 20162,
            "year": 2016,
            "quarter": 2,
            "eps": 0.74,
            "eps_growth_year": 94.74,
            "eps_4q": 1.62,
            "eps_4q_growth_year": 26.7,
            "roe": 4.75,
            "roe_4q": 10.35,
            "gross_profit": 966797,
            "gross_margin": 29.48,
            "gross_margin_4q_avg": 24.34,
            "net_income": 359151,
            "net_income_4q": null,
            "revenue": 3279488,
            "revenue_4q": null,
            "common_shares": 5250000,
            "book_valuer_per_share": 14.88,
            "book_valuer_per_share_4q_avg": 15.13,
            "equity": 7303407,
            "current_ratio": 161.83,
            "debt_ratio": 41.51,
            "inventory_turnover_ratio": 1.69,
            "account_receivable_turnover_ratio": 2.65,
            "reinvestment_rate": -13.39,
            "research_to_sale_ratio": null,
            "price_fair": 44.2,
            "eps_avg_yearly": 1.26,
            "eps_latest_yearly": 2.96,
            "eps_growth_yearly": 513.39
        },
        "20163": {
            "year_quarter": 20163,
            "year": 2016,
            "quarter": 3,
            "eps": 0.27,
            "eps_growth_year": 3.85,
            "eps_4q": 1.61,
            "eps_4q_growth_year": 52.49,
            "roe": 1.8,
            "roe_4q": 10.419999999999998,
            "gross_profit": 550995,
            "gross_margin": 25.63,
            "gross_margin_4q_avg": 25.52,
            "net_income": 132815,
            "net_income_4q": null,
            "revenue": 2150053,
            "revenue_4q": null,
            "common_shares": 5050000,
            "book_valuer_per_share": 15.16,
            "book_valuer_per_share_4q_avg": 15.11,
            "equity": 7441553,
            "current_ratio": 197.31,
            "debt_ratio": 35.5,
            "inventory_turnover_ratio": 1.23,
            "account_receivable_turnover_ratio": 1.83,
            "reinvestment_rate": -3.47,
            "research_to_sale_ratio": null,
            "price_fair": 44.2,
            "eps_avg_yearly": 1.26,
            "eps_latest_yearly": 1.08,
            "eps_growth_yearly": 498.1
        },
        "20164": {
            "year_quarter": 20164,
            "year": 2016,
            "quarter": 4,
            "eps": 0.12,
            "eps_growth_year": 84.36,
            "eps_4q": 1.69,
            "eps_4q_growth_year": 64.24,
            "roe": 0.77,
            "roe_4q": 10.74,
            "gross_profit": 372225,
            "gross_margin": 18.56,
            "gross_margin_4q_avg": 24.82,
            "net_income": 56842,
            "net_income_4q": null,
            "revenue": 2005281,
            "revenue_4q": null,
            "common_shares": 4990000,
            "book_valuer_per_share": 15.11,
            "book_valuer_per_share_4q_avg": 15.14,
            "equity": 7322190,
            "current_ratio": 170.84,
            "debt_ratio": 39.03,
            "inventory_turnover_ratio": 1.29,
            "account_receivable_turnover_ratio": 2.19,
            "reinvestment_rate": -4.93,
            "research_to_sale_ratio": null,
            "price_fair": 45.2,
            "eps_avg_yearly": 1.29,
            "eps_latest_yearly": 0.48,
            "eps_growth_yearly": 508.68
        },
        "20171": {
            "year_quarter": 20171,
            "year": 2017,
            "quarter": 1,
            "eps": 0.2,
            "eps_growth_year": -60.78,
            "eps_4q": 1.34,
            "eps_4q_growth_year": 8.03,
            "roe": 1.33,
            "roe_4q": 8.65,
            "gross_profit": 556177,
            "gross_margin": 26.23,
            "gross_margin_4q_avg": 24.98,
            "net_income": 96739,
            "net_income_4q": null,
            "revenue": 2120194,
            "revenue_4q": null,
            "common_shares": 4990000,
            "book_valuer_per_share": 14.93,
            "book_valuer_per_share_4q_avg": 15.02,
            "equity": 7258559,
            "current_ratio": 149.59,
            "debt_ratio": 40.65,
            "inventory_turnover_ratio": 1.11,
            "account_receivable_turnover_ratio": 2.59,
            "reinvestment_rate": -25.56,
            "research_to_sale_ratio": null,
            "price_fair": 44.9,
            "eps_avg_yearly": 1.28,
            "eps_latest_yearly": 0.8,
            "eps_growth_yearly": 227.73
        },
        "20172": {
            "year_quarter": 20172,
            "year": 2017,
            "quarter": 2,
            "eps": 0.36,
            "eps_growth_year": -51.35,
            "eps_4q": 0.95,
            "eps_4q_growth_year": -41.35,
            "roe": 2.46,
            "roe_4q": 6.36,
            "gross_profit": 706375,
            "gross_margin": 28.99,
            "gross_margin_4q_avg": 24.85,
            "net_income": 173075,
            "net_income_4q": null,
            "revenue": 2436569,
            "revenue_4q": null,
            "common_shares": 4990000,
            "book_valuer_per_share": 13.98,
            "book_valuer_per_share_4q_avg": 14.8,
            "equity": 6801996,
            "current_ratio": 132.27,
            "debt_ratio": 46.52,
            "inventory_turnover_ratio": 1.11,
            "account_receivable_turnover_ratio": 3.33,
            "reinvestment_rate": -11.06,
            "research_to_sale_ratio": null,
            "price_fair": 45.2,
            "eps_avg_yearly": 1.29,
            "eps_latest_yearly": 1.44,
            "eps_growth_yearly": 238.17
        },
        "20173": {
            "year_quarter": 20173,
            "year": 2017,
            "quarter": 3,
            "eps": 0.26,
            "eps_growth_year": -3.7,
            "eps_4q": 0.95,
            "eps_4q_growth_year": -40.94,
            "roe": 1.85,
            "roe_4q": 6.41,
            "gross_profit": 554518,
            "gross_margin": 24.06,
            "gross_margin_4q_avg": 24.46,
            "net_income": 126312,
            "net_income_4q": null,
            "revenue": 2304330,
            "revenue_4q": null,
            "common_shares": 4990000,
            "book_valuer_per_share": 14.41,
            "book_valuer_per_share_4q_avg": 14.61,
            "equity": 6882339,
            "current_ratio": 194.17,
            "debt_ratio": 41.44,
            "inventory_turnover_ratio": 1.19,
            "account_receivable_turnover_ratio": 2.95,
            "reinvestment_rate": -6.96,
            "research_to_sale_ratio": null,
            "price_fair": 43.9,
            "eps_avg_yearly": 1.25,
            "eps_latest_yearly": 1.04,
            "eps_growth_yearly": 225.03
        },
        "20174": {
            "year_quarter": 20174,
            "year": 2017,
            "quarter": 4,
            "eps": -0.15,
            "eps_growth_year": -226.51,
            "eps_4q": 0.68,
            "eps_4q_growth_year": -59.57,
            "roe": -0.95,
            "roe_4q": 4.69,
            "gross_profit": 305480,
            "gross_margin": 16.89,
            "gross_margin_4q_avg": 24.04,
            "net_income": -64741,
            "net_income_4q": null,
            "revenue": 1808184,
            "revenue_4q": null,
            "common_shares": 4990000,
            "book_valuer_per_share": 14.2,
            "book_valuer_per_share_4q_avg": 14.38,
            "equity": 6766182,
            "current_ratio": 170.14,
            "debt_ratio": 43.96,
            "inventory_turnover_ratio": 1.06,
            "account_receivable_turnover_ratio": 2.59,
            "reinvestment_rate": -3.3,
            "research_to_sale_ratio": null,
            "price_fair": 43.9,
            "eps_avg_yearly": 1.25,
            "eps_latest_yearly": 1.04,
            "eps_growth_yearly": 225.03
        },
        "20181": {
            "year_quarter": 20181,
            "year": 2018,
            "quarter": 1,
            "eps": 0.24,
            "eps_growth_year": 20,
            "eps_4q": 0.72,
            "eps_4q_growth_year": -46.65,
            "roe": 1.69,
            "roe_4q": 5.05,
            "gross_profit": 353246,
            "gross_margin": 18.77,
            "gross_margin_4q_avg": 22.18,
            "net_income": 116456,
            "net_income_4q": null,
            "revenue": 1882374,
            "revenue_4q": null,
            "common_shares": 4990000,
            "book_valuer_per_share": 14.68,
            "book_valuer_per_share_4q_avg": 14.32,
            "equity": 7021935,
            "current_ratio": 181.63,
            "debt_ratio": 41.47,
            "inventory_turnover_ratio": 0.97,
            "account_receivable_turnover_ratio": 3.07,
            "reinvestment_rate": -1.63,
            "research_to_sale_ratio": null,
            "price_fair": 43.9,
            "eps_avg_yearly": 1.25,
            "eps_latest_yearly": 1.04,
            "eps_growth_yearly": 225.03
        },
        "20182": {
            "year_quarter": 20182,
            "year": 2018,
            "quarter": 2,
            "eps": 0.49,
            "eps_growth_year": 36.11,
            "eps_4q": 0.84,
            "eps_4q_growth_year": -11.57,
            "roe": 3.31,
            "roe_4q": 5.9,
            "gross_profit": 384759,
            "gross_margin": 17.99,
            "gross_margin_4q_avg": 19.43,
            "net_income": 234496,
            "net_income_4q": null,
            "revenue": 2138641,
            "revenue_4q": null,
            "common_shares": 4990000,
            "book_valuer_per_share": 14.99,
            "book_valuer_per_share_4q_avg": 14.57,
            "equity": 7163472,
            "current_ratio": 184.8,
            "debt_ratio": 41.94,
            "inventory_turnover_ratio": 1.05,
            "account_receivable_turnover_ratio": 2.9,
            "reinvestment_rate": -39.31,
            "research_to_sale_ratio": null,
            "price_fair": 45.1,
            "eps_avg_yearly": 1.29,
            "eps_latest_yearly": 1.96,
            "eps_growth_yearly": 249.27
        },
        "20183": {
            "year_quarter": 20183,
            "year": 2018,
            "quarter": 3,
            "eps": 0.68,
            "eps_growth_year": 161.54,
            "eps_4q": 1.57,
            "eps_4q_growth_year": 64.31,
            "roe": 4.65,
            "roe_4q": 8.700000000000001,
            "gross_profit": 249632,
            "gross_margin": 15.18,
            "gross_margin_4q_avg": 17.21,
            "net_income": 317069,
            "net_income_4q": null,
            "revenue": 1644596,
            "revenue_4q": null,
            "common_shares": 4990000,
            "book_valuer_per_share": 16.04,
            "book_valuer_per_share_4q_avg": 14.98,
            "equity": 6485525,
            "current_ratio": 143.72,
            "debt_ratio": 45.22,
            "inventory_turnover_ratio": 0.86,
            "account_receivable_turnover_ratio": 2.12,
            "reinvestment_rate": -37.69,
            "research_to_sale_ratio": null,
            "price_fair": 47.2,
            "eps_avg_yearly": 1.35,
            "eps_latest_yearly": 2.72,
            "eps_growth_yearly": 252.62
        },
        "20184": {
            "year_quarter": 20184,
            "year": 2018,
            "quarter": 4,
            "eps": 0.04,
            "eps_growth_year": null,
            "eps_4q": 1.8,
            "eps_4q_growth_year": 163.66,
            "roe": 0.26,
            "roe_4q": 9.91,
            "gross_profit": 103019,
            "gross_margin": 7.3,
            "gross_margin_4q_avg": 14.81,
            "net_income": 16686,
            "net_income_4q": null,
            "revenue": 1410930,
            "revenue_4q": null,
            "common_shares": 3872000,
            "book_valuer_per_share": 16.74,
            "book_valuer_per_share_4q_avg": 15.61,
            "equity": 6435571,
            "current_ratio": 129.75,
            "debt_ratio": 47.51,
            "inventory_turnover_ratio": 0.78,
            "account_receivable_turnover_ratio": 2.32,
            "reinvestment_rate": -40.61,
            "research_to_sale_ratio": null,
            "price_fair": 46.7,
            "eps_avg_yearly": 1.33,
            "eps_latest_yearly": 0.16,
            "eps_growth_yearly": 248.83
        },
        "20191": {
            "year_quarter": 20191,
            "year": 2019,
            "quarter": 1,
            "eps": 0.28,
            "eps_growth_year": 16.67,
            "eps_4q": 1.78,
            "eps_4q_growth_year": 148.37,
            "roe": 1.68,
            "roe_4q": 9.9,
            "gross_profit": 305598,
            "gross_margin": 17.29,
            "gross_margin_4q_avg": 14.44,
            "net_income": 110800,
            "net_income_4q": null,
            "revenue": 1767078,
            "revenue_4q": null,
            "common_shares": 3872000,
            "book_valuer_per_share": 17.47,
            "book_valuer_per_share_4q_avg": 16.31,
            "equity": 6731221,
            "current_ratio": 135.64,
            "debt_ratio": 47.21,
            "inventory_turnover_ratio": 0.82,
            "account_receivable_turnover_ratio": 3.18,
            "reinvestment_rate": -33.86,
            "research_to_sale_ratio": null,
            "price_fair": 46.6,
            "eps_avg_yearly": 1.33,
            "eps_latest_yearly": 1.12,
            "eps_growth_yearly": 356.77
        },
        "20192": {
            "year_quarter": 20192,
            "year": 2019,
            "quarter": 2,
            "eps": 1.34,
            "eps_growth_year": 173.47,
            "eps_4q": 2.5,
            "eps_4q_growth_year": 197.32,
            "roe": 7.45,
            "roe_4q": 14.040000000000001,
            "gross_profit": 280646,
            "gross_margin": 14.28,
            "gross_margin_4q_avg": 13.51,
            "net_income": 501817,
            "net_income_4q": null,
            "revenue": 1965921,
            "revenue_4q": null,
            "common_shares": 3872000,
            "book_valuer_per_share": 17.45,
            "book_valuer_per_share_4q_avg": 16.93,
            "equity": 6738618,
            "current_ratio": 144.68,
            "debt_ratio": 46.72,
            "inventory_turnover_ratio": 0.99,
            "account_receivable_turnover_ratio": 3.35,
            "reinvestment_rate": -25.54,
            "research_to_sale_ratio": null,
            "price_fair": 56.2,
            "eps_avg_yearly": 1.61,
            "eps_latest_yearly": 5.36,
            "eps_growth_yearly": 456.07
        },
        "20193": {
            "year_quarter": 20193,
            "year": 2019,
            "quarter": 3,
            "eps": 0.35,
            "eps_growth_year": -48.53,
            "eps_4q": 2,
            "eps_4q_growth_year": 27.84,
            "roe": 2.01,
            "roe_4q": 11.4,
            "gross_profit": 258606,
            "gross_margin": 14.58,
            "gross_margin_4q_avg": 13.36,
            "net_income": 136662,
            "net_income_4q": null,
            "revenue": 1774046,
            "revenue_4q": null,
            "common_shares": 3872000,
            "book_valuer_per_share": 17.81,
            "book_valuer_per_share_4q_avg": 17.37,
            "equity": 6865969,
            "current_ratio": 137.38,
            "debt_ratio": 44.2,
            "inventory_turnover_ratio": 1.15,
            "account_receivable_turnover_ratio": 2.79,
            "reinvestment_rate": -27.05,
            "research_to_sale_ratio": null,
            "price_fair": 57.1,
            "eps_avg_yearly": 1.63,
            "eps_latest_yearly": 1.4,
            "eps_growth_yearly": 443.98
        },
        "20194": {
            "year_quarter": 20194,
            "year": 2019,
            "quarter": 4,
            "eps": 0.04,
            "eps_growth_year": -0.61,
            "eps_4q": 2,
            "eps_4q_growth_year": 11.35,
            "roe": 0.35,
            "roe_4q": 11.49,
            "gross_profit": 275131,
            "gross_margin": 17.1,
            "gross_margin_4q_avg": 15.81,
            "net_income": 23583,
            "net_income_4q": null,
            "revenue": 1608964,
            "revenue_4q": null,
            "common_shares": 3872000,
            "book_valuer_per_share": 17.58,
            "book_valuer_per_share_4q_avg": 17.58,
            "equity": 6788392,
            "current_ratio": 131.68,
            "debt_ratio": 45.28,
            "inventory_turnover_ratio": 1.15,
            "account_receivable_turnover_ratio": 2.66,
            "reinvestment_rate": -26.66,
            "research_to_sale_ratio": null,
            "price_fair": 56.8,
            "eps_avg_yearly": 1.62,
            "eps_latest_yearly": 0.16,
            "eps_growth_yearly": 439.55
        },
        "20201": {
            "year_quarter": 20201,
            "year": 2020,
            "quarter": 1,
            "eps": 0.32,
            "eps_growth_year": 14.29,
            "eps_4q": 2.04,
            "eps_4q_growth_year": 15.08,
            "roe": 1.9,
            "roe_4q": 11.71,
            "gross_profit": 311746,
            "gross_margin": 17.27,
            "gross_margin_4q_avg": 15.81,
            "net_income": 128796,
            "net_income_4q": null,
            "revenue": 1805607,
            "revenue_4q": null,
            "common_shares": 3872000,
            "book_valuer_per_share": 17.37,
            "book_valuer_per_share_4q_avg": 17.55,
            "equity": 6739331,
            "current_ratio": 127.12,
            "debt_ratio": 45.02,
            "inventory_turnover_ratio": 1.12,
            "account_receivable_turnover_ratio": 3.42,
            "reinvestment_rate": -25.95,
            "research_to_sale_ratio": null,
            "price_fair": 54.9,
            "eps_avg_yearly": 1.57,
            "eps_latest_yearly": 1.28,
            "eps_growth_yearly": 459.96
        },
        "20202": {
            "year_quarter": 20202,
            "year": 2020,
            "quarter": 2,
            "eps": 0.46,
            "eps_growth_year": -65.67,
            "eps_4q": 1.17,
            "eps_4q_growth_year": -53.04,
            "roe": 2.8,
            "roe_4q": 7.059999999999999,
            "gross_profit": 369943,
            "gross_margin": 17.68,
            "gross_margin_4q_avg": 16.66,
            "net_income": 183527,
            "net_income_4q": null,
            "revenue": 2092812,
            "revenue_4q": null,
            "common_shares": 3872000,
            "book_valuer_per_share": 16.32,
            "book_valuer_per_share_4q_avg": 17.27,
            "equity": 6347004,
            "current_ratio": 97.98,
            "debt_ratio": 49.86,
            "inventory_turnover_ratio": 1.31,
            "account_receivable_turnover_ratio": 3.34,
            "reinvestment_rate": 12.83,
            "research_to_sale_ratio": null,
            "price_fair": 52.1,
            "eps_avg_yearly": 1.49,
            "eps_latest_yearly": 1.84,
            "eps_growth_yearly": 459.58
        },
        "20203": {
            "year_quarter": 20203,
            "year": 2020,
            "quarter": 3,
            "eps": 3.78,
            "eps_growth_year": 980,
            "eps_4q": 4.61,
            "eps_4q_growth_year": 130,
            "roe": 19.95,
            "roe_4q": 25,
            "gross_profit": 404028,
            "gross_margin": 19.46,
            "gross_margin_4q_avg": 17.88,
            "net_income": 1410172,
            "net_income_4q": null,
            "revenue": 2075692,
            "revenue_4q": null,
            "common_shares": 3872000,
            "book_valuer_per_share": 20.19,
            "book_valuer_per_share_4q_avg": 17.87,
            "equity": 7792210,
            "current_ratio": 154.52,
            "debt_ratio": 37.45,
            "inventory_turnover_ratio": 1.38,
            "account_receivable_turnover_ratio": 2.99,
            "reinvestment_rate": 0.62,
            "research_to_sale_ratio": null,
            "price_fair": 87.2,
            "eps_avg_yearly": 2.49,
            "eps_latest_yearly": 15.12,
            "eps_growth_yearly": 683.93
        },
        "20204": {
            "year_quarter": 20204,
            "year": 2020,
            "quarter": 4,
            "eps": 0.29,
            "eps_growth_year": 601.93,
            "eps_4q": 4.85,
            "eps_4q_growth_year": 142.39,
            "roe": 1.43,
            "roe_4q": 26.08,
            "gross_profit": 316306,
            "gross_margin": 18.65,
            "gross_margin_4q_avg": 18.27,
            "net_income": 113500,
            "net_income_4q": null,
            "revenue": 1695909,
            "revenue_4q": null,
            "common_shares": 3872000,
            "book_valuer_per_share": 20.99,
            "book_valuer_per_share_4q_avg": 18.72,
            "equity": 8094071,
            "current_ratio": 176.6,
            "debt_ratio": 35.84,
            "inventory_turnover_ratio": 1.09,
            "account_receivable_turnover_ratio": 2.95,
            "reinvestment_rate": 8.36,
            "research_to_sale_ratio": null,
            "price_fair": 88.9,
            "eps_avg_yearly": 2.54,
            "eps_latest_yearly": 1.16,
            "eps_growth_yearly": 673.43
        },
        "20211": {
            "year_quarter": 20211,
            "year": 2021,
            "quarter": 1,
            "eps": 0.5,
            "eps_growth_year": 56.25,
            "eps_4q": 5.01,
            "eps_4q_growth_year": 145.06,
            "roe": 2.45,
            "roe_4q": 26.63,
            "gross_profit": 415158,
            "gross_margin": 19.69,
            "gross_margin_4q_avg": 18.87,
            "net_income": 200920,
            "net_income_4q": null,
            "revenue": 2108570,
            "revenue_4q": null,
            "common_shares": 3872000,
            "book_valuer_per_share": 21.45,
            "book_valuer_per_share_4q_avg": 19.74,
            "equity": 8320826,
            "current_ratio": 190.83,
            "debt_ratio": 34.35,
            "inventory_turnover_ratio": 1.15,
            "account_receivable_turnover_ratio": 3.68,
            "reinvestment_rate": 17.79,
            "research_to_sale_ratio": 1.14,
            "price_fair": 91.9,
            "eps_avg_yearly": 2.63,
            "eps_latest_yearly": 2,
            "eps_growth_yearly": 675.07
        },
        "20212": {
            "year_quarter": 20212,
            "year": 2021,
            "quarter": 2,
            "eps": 0.56,
            "eps_growth_year": 21.74,
            "eps_4q": 5.11,
            "eps_4q_growth_year": 335.34,
            "roe": 2.63,
            "roe_4q": 26.46,
            "gross_profit": 431981,
            "gross_margin": 18.7,
            "gross_margin_4q_avg": 19.13,
            "net_income": 222175,
            "net_income_4q": null,
            "revenue": 2310626,
            "revenue_4q": null,
            "common_shares": 3872000,
            "book_valuer_per_share": 22.16,
            "book_valuer_per_share_4q_avg": 21.2,
            "equity": 8593177,
            "current_ratio": 174.36,
            "debt_ratio": 35.83,
            "inventory_turnover_ratio": 1.12,
            "account_receivable_turnover_ratio": 3.04,
            "reinvestment_rate": 13.69,
            "research_to_sale_ratio": 1.34,
            "price_fair": 93.9,
            "eps_avg_yearly": 2.68,
            "eps_latest_yearly": 2.24,
            "eps_growth_yearly": 655.64
        },
        "20213": {
            "year_quarter": 20213,
            "year": 2021,
            "quarter": 3,
            "eps": 3.25,
            "eps_growth_year": -14.02,
            "eps_4q": 4.63,
            "eps_4q_growth_year": 0.59,
            "roe": 14.08,
            "roe_4q": 20.59,
            "gross_profit": 318900,
            "gross_margin": 14.77,
            "gross_margin_4q_avg": 17.95,
            "net_income": 1220868,
            "net_income_4q": null,
            "revenue": 2159730,
            "revenue_4q": null,
            "common_shares": 3872000,
            "book_valuer_per_share": 22.8,
            "book_valuer_per_share_4q_avg": 21.85,
            "equity": 8746336,
            "current_ratio": 144.19,
            "debt_ratio": 36.15,
            "inventory_turnover_ratio": 1.06,
            "account_receivable_turnover_ratio": 2.43,
            "reinvestment_rate": 4.23,
            "research_to_sale_ratio": 1.38,
            "price_fair": 123.8,
            "eps_avg_yearly": 3.54,
            "eps_latest_yearly": 13,
            "eps_growth_yearly": 800.82
        },
        "20214": {
            "year_quarter": 20214,
            "year": 2021,
            "quarter": 4,
            "eps": 0.19,
            "eps_growth_year": -32.64,
            "eps_4q": 4.61,
            "eps_4q_growth_year": -5.03,
            "roe": 1.02,
            "roe_4q": 20.18,
            "gross_profit": 364936,
            "gross_margin": 15.69,
            "gross_margin_4q_avg": 17.21,
            "net_income": 88822,
            "net_income_4q": null,
            "revenue": 2325975,
            "revenue_4q": null,
            "common_shares": 3872000,
            "book_valuer_per_share": 22.9,
            "book_valuer_per_share_4q_avg": 22.33,
            "equity": 8661913,
            "current_ratio": 144.13,
            "debt_ratio": 33.54,
            "inventory_turnover_ratio": 1.22,
            "account_receivable_turnover_ratio": 2.37,
            "reinvestment_rate": 5.36,
            "research_to_sale_ratio": 1.59,
            "price_fair": 117.32,
            "eps_avg_yearly": 3.35,
            "eps_latest_yearly": 0.76,
            "eps_growth_yearly": 722.33
        },
        "20221": {
            "year_quarter": 20221,
            "year": 2022,
            "quarter": 1,
            "eps": 0.5,
            "eps_growth_year": 0,
            "eps_4q": 4.57,
            "eps_4q_growth_year": -8.75,
            "roe": 2.23,
            "roe_4q": 19.959999999999997,
            "gross_profit": 413681,
            "gross_margin": 17.25,
            "gross_margin_4q_avg": 16.6,
            "net_income": 196699,
            "net_income_4q": null,
            "revenue": 2398336,
            "revenue_4q": null,
            "common_shares": 3872000,
            "book_valuer_per_share": 23.61,
            "book_valuer_per_share_4q_avg": 22.87,
            "equity": 8978832,
            "current_ratio": 154.66,
            "debt_ratio": 30.63,
            "inventory_turnover_ratio": 1.29,
            "account_receivable_turnover_ratio": 2.62,
            "reinvestment_rate": 8.84,
            "research_to_sale_ratio": 1.09,
            "price_fair": 114.36,
            "eps_avg_yearly": 3.27,
            "eps_latest_yearly": 2,
            "eps_growth_yearly": 717.97
        },
        "20222": {
            "year_quarter": 20222,
            "year": 2022,
            "quarter": 2,
            "eps": 0.53,
            "eps_growth_year": -5.36,
            "eps_4q": 4.54,
            "eps_4q_growth_year": -11.21,
            "roe": 2.45,
            "roe_4q": 19.78,
            "gross_profit": 407223,
            "gross_margin": 16.87,
            "gross_margin_4q_avg": 16.15,
            "net_income": 208324,
            "net_income_4q": null,
            "revenue": 2414212,
            "revenue_4q": null,
            "common_shares": 3872000,
            "book_valuer_per_share": 21.02,
            "book_valuer_per_share_4q_avg": 22.58,
            "equity": 8005221,
            "current_ratio": 118.19,
            "debt_ratio": 41.05,
            "inventory_turnover_ratio": 1.23,
            "account_receivable_turnover_ratio": 2.87,
            "reinvestment_rate": 26.64,
            "research_to_sale_ratio": 1.05,
            "price_fair": 114.71,
            "eps_avg_yearly": 3.28,
            "eps_latest_yearly": 2.12,
            "eps_growth_yearly": 693.43
        },
        "20223": {
            "year_quarter": 20223,
            "year": 2022,
            "quarter": 3,
            "eps": 0.6,
            "eps_growth_year": -81.54,
            "eps_4q": 1.82,
            "eps_4q_growth_year": -60.7,
            "roe": 2.87,
            "roe_4q": 8.57,
            "gross_profit": 336059,
            "gross_margin": 15.58,
            "gross_margin_4q_avg": 16.35,
            "net_income": 233459,
            "net_income_4q": null,
            "revenue": 2157637,
            "revenue_4q": null,
            "common_shares": 3872000,
            "book_valuer_per_share": 21.75,
            "book_valuer_per_share_4q_avg": 22.32,
            "equity": 8288472,
            "current_ratio": 127.27,
            "debt_ratio": 37.32,
            "inventory_turnover_ratio": 1.1,
            "account_receivable_turnover_ratio": 2.51,
            "reinvestment_rate": 28.99,
            "research_to_sale_ratio": 1.29,
            "price_fair": 114.01,
            "eps_avg_yearly": 3.26,
            "eps_latest_yearly": 2.4,
            "eps_growth_yearly": 687.04
        },
        "20224": {
            "year_quarter": 20224,
            "year": 2022,
            "quarter": 4,
            "eps": 0.19,
            "eps_growth_year": -2.39,
            "eps_4q": 1.82,
            "eps_4q_growth_year": -60.57,
            "roe": 0.92,
            "roe_4q": 8.47,
            "gross_profit": 299898,
            "gross_margin": 15.26,
            "gross_margin_4q_avg": 16.24,
            "net_income": 77317,
            "net_income_4q": null,
            "revenue": 1965481,
            "revenue_4q": null,
            "common_shares": 3842000,
            "book_valuer_per_share": 22.12,
            "book_valuer_per_share_4q_avg": 22.13,
            "equity": 8432273,
            "current_ratio": 116.61,
            "debt_ratio": 39.73,
            "inventory_turnover_ratio": 0.99,
            "account_receivable_turnover_ratio": 2.48,
            "reinvestment_rate": 31.21,
            "research_to_sale_ratio": 1.81,
            "price_fair": 115.33,
            "eps_avg_yearly": 3.3,
            "eps_latest_yearly": 0.76,
            "eps_growth_yearly": 693.48
        },
        "20231": {
            "year_quarter": 20231,
            "year": 2023,
            "quarter": 1,
            "eps": 0.5,
            "eps_growth_year": 0,
            "eps_4q": 1.82,
            "eps_4q_growth_year": -60.21,
            "roe": 2.37,
            "roe_4q": 8.61,
            "gross_profit": 497640,
            "gross_margin": 21.15,
            "gross_margin_4q_avg": 17.22,
            "net_income": 195901,
            "net_income_4q": null,
            "revenue": 2352602,
            "revenue_4q": null,
            "common_shares": 3842000,
            "book_valuer_per_share": 21.08,
            "book_valuer_per_share_4q_avg": 21.49,
            "equity": 8068682,
            "current_ratio": 101.58,
            "debt_ratio": 42.66,
            "inventory_turnover_ratio": 1.05,
            "account_receivable_turnover_ratio": 2.86,
            "reinvestment_rate": 30.16,
            "research_to_sale_ratio": 1.12,
            "price_fair": 117.25,
            "eps_avg_yearly": 3.35,
            "eps_latest_yearly": 2,
            "eps_growth_yearly": 584.27
        },
        "20232": {
            "year_quarter": 20232,
            "year": 2023,
            "quarter": 2,
            "eps": 0.64,
            "eps_growth_year": 20.75,
            "eps_4q": 1.92,
            "eps_4q_growth_year": -57.58,
            "roe": 3.06,
            "roe_4q": 9.219999999999999,
            "gross_profit": 495273,
            "gross_margin": 20.26,
            "gross_margin_4q_avg": 18.06,
            "net_income": 249432,
            "net_income_4q": null,
            "revenue": 2444413,
            "revenue_4q": null,
            "common_shares": 3842000,
            "book_valuer_per_share": 21.62,
            "book_valuer_per_share_4q_avg": 21.64,
            "equity": 8251713,
            "current_ratio": 99.39,
            "debt_ratio": 43.05,
            "inventory_turnover_ratio": 1.19,
            "account_receivable_turnover_ratio": 2.51,
            "reinvestment_rate": 38.93,
            "research_to_sale_ratio": 1.12,
            "price_fair": 111.13,
            "eps_avg_yearly": 3.18,
            "eps_latest_yearly": 2.56,
            "eps_growth_yearly": 496.63
        },
        "20233": {
            "year_quarter": 20233,
            "year": 2023,
            "quarter": 3,
            "eps": 0.56,
            "eps_growth_year": -6.67,
            "eps_4q": 1.88,
            "eps_4q_growth_year": 3.44,
            "roe": 2.52,
            "roe_4q": 8.870000000000001,
            "gross_profit": 409309,
            "gross_margin": 19.33,
            "gross_margin_4q_avg": 19,
            "net_income": 211764,
            "net_income_4q": null,
            "revenue": 2117276,
            "revenue_4q": null,
            "common_shares": 3842000,
            "book_valuer_per_share": 22.33,
            "book_valuer_per_share_4q_avg": 21.79,
            "equity": 8524276,
            "current_ratio": 96.79,
            "debt_ratio": 40.18,
            "inventory_turnover_ratio": 1.19,
            "account_receivable_turnover_ratio": 2.11,
            "reinvestment_rate": 42.6,
            "research_to_sale_ratio": 1.36,
            "price_fair": 112.96,
            "eps_avg_yearly": 3.23,
            "eps_latest_yearly": 2.24,
            "eps_growth_yearly": 511.97
        }
    },
    "months": {
        "2001-06": {
            "month": "2001-06",
            "price": "10.30",
            "revenue": 1110288
        },
        "2001-07": {
            "month": "2001-07",
            "price": "8.14",
            "revenue": 965980
        },
        "2001-08": {
            "month": "2001-08",
            "price": "8.70",
            "revenue": 1102234
        },
        "2001-09": {
            "month": "2001-09",
            "price": "7.16",
            "revenue": 1179099
        },
        "2001-10": {
            "month": "2001-10",
            "price": "6.90",
            "revenue": 1053108
        },
        "2001-11": {
            "month": "2001-11",
            "price": "7.41",
            "revenue": 921316
        },
        "2001-12": {
            "month": "2001-12",
            "price": "8.36",
            "revenue": 839671
        },
        "2002-01": {
            "month": "2002-01",
            "price": "10.94",
            "revenue": 1211171
        },
        "2002-02": {
            "month": "2002-02",
            "price": "15.86",
            "revenue": 964352
        },
        "2002-03": {
            "month": "2002-03",
            "price": "17.01",
            "revenue": 1067829
        },
        "2002-04": {
            "month": "2002-04",
            "price": "16.40",
            "revenue": 1080268
        },
        "2002-05": {
            "month": "2002-05",
            "price": "15.26",
            "revenue": 1153068
        },
        "2002-06": {
            "month": "2002-06",
            "price": "13.75",
            "revenue": 1437538
        },
        "2002-07": {
            "month": "2002-07",
            "price": "12.75",
            "revenue": 1052387
        },
        "2002-08": {
            "month": "2002-08",
            "price": "12.77",
            "revenue": 857883
        },
        "2002-09": {
            "month": "2002-09",
            "price": "11.55",
            "revenue": 850796
        },
        "2002-10": {
            "month": "2002-10",
            "price": "10.37",
            "revenue": 1125448
        },
        "2002-11": {
            "month": "2002-11",
            "price": "12.83",
            "revenue": 1300591
        },
        "2002-12": {
            "month": "2002-12",
            "price": "12.49",
            "revenue": 1067464
        },
        "2003-01": {
            "month": "2003-01",
            "price": "13.53",
            "revenue": 1757262
        },
        "2003-02": {
            "month": "2003-02",
            "price": "12.40",
            "revenue": 1218250
        },
        "2003-03": {
            "month": "2003-03",
            "price": "11.73",
            "revenue": 1591756
        },
        "2003-04": {
            "month": "2003-04",
            "price": "12.13",
            "revenue": 1444693
        },
        "2003-05": {
            "month": "2003-05",
            "price": "10.97",
            "revenue": 1744446
        },
        "2003-06": {
            "month": "2003-06",
            "price": "11.89",
            "revenue": 2040304
        },
        "2003-07": {
            "month": "2003-07",
            "price": "13.71",
            "revenue": 1769692
        },
        "2003-08": {
            "month": "2003-08",
            "price": "15.39",
            "revenue": 1752791
        },
        "2003-09": {
            "month": "2003-09",
            "price": "14.51",
            "revenue": 1625945
        },
        "2003-10": {
            "month": "2003-10",
            "price": "15.08",
            "revenue": 1628222
        },
        "2003-11": {
            "month": "2003-11",
            "price": "15.61",
            "revenue": 1618267
        },
        "2003-12": {
            "month": "2003-12",
            "price": "14.64",
            "revenue": 1550596
        },
        "2004-01": {
            "month": "2004-01",
            "price": "15.01",
            "revenue": 1507947
        },
        "2004-02": {
            "month": "2004-02",
            "price": "15.37",
            "revenue": 1096827
        },
        "2004-03": {
            "month": "2004-03",
            "price": "14.58",
            "revenue": 1561970
        },
        "2004-04": {
            "month": "2004-04",
            "price": "13.74",
            "revenue": 1552968
        },
        "2004-05": {
            "month": "2004-05",
            "price": "11.04",
            "revenue": 1833583
        },
        "2004-06": {
            "month": "2004-06",
            "price": "10.26",
            "revenue": 1746270
        },
        "2004-07": {
            "month": "2004-07",
            "price": "9.47",
            "revenue": 1844229
        },
        "2004-08": {
            "month": "2004-08",
            "price": "8.73",
            "revenue": 1294145
        },
        "2004-09": {
            "month": "2004-09",
            "price": "8.38",
            "revenue": 1206043
        },
        "2004-10": {
            "month": "2004-10",
            "price": "7.41",
            "revenue": 1093734
        },
        "2004-11": {
            "month": "2004-11",
            "price": "7.11",
            "revenue": 1259253
        },
        "2004-12": {
            "month": "2004-12",
            "price": "6.92",
            "revenue": 1046373
        },
        "2005-01": {
            "month": "2005-01",
            "price": "7.00",
            "revenue": 1390697
        },
        "2005-02": {
            "month": "2005-02",
            "price": "7.27",
            "revenue": 851865
        },
        "2005-03": {
            "month": "2005-03",
            "price": "7.33",
            "revenue": 980759
        },
        "2005-04": {
            "month": "2005-04",
            "price": "6.61",
            "revenue": 1011478
        },
        "2005-05": {
            "month": "2005-05",
            "price": "6.04",
            "revenue": 1383449
        },
        "2005-06": {
            "month": "2005-06",
            "price": "5.93",
            "revenue": 1538553
        },
        "2005-07": {
            "month": "2005-07",
            "price": "6.22",
            "revenue": 1431218
        },
        "2005-08": {
            "month": "2005-08",
            "price": "5.58",
            "revenue": 1219701
        },
        "2005-09": {
            "month": "2005-09",
            "price": "4.49",
            "revenue": 1366054
        },
        "2005-10": {
            "month": "2005-10",
            "price": "3.89",
            "revenue": 1428019
        },
        "2005-11": {
            "month": "2005-11",
            "price": "4.27",
            "revenue": 1044337
        },
        "2005-12": {
            "month": "2005-12",
            "price": "4.54",
            "revenue": 941220
        },
        "2006-01": {
            "month": "2006-01",
            "price": "4.51",
            "revenue": 1420611
        },
        "2006-02": {
            "month": "2006-02",
            "price": "4.22",
            "revenue": 952048
        },
        "2006-03": {
            "month": "2006-03",
            "price": "3.87",
            "revenue": 1232816
        },
        "2006-04": {
            "month": "2006-04",
            "price": "4.08",
            "revenue": 1246250
        },
        "2006-05": {
            "month": "2006-05",
            "price": "4.73",
            "revenue": 1281474
        },
        "2006-06": {
            "month": "2006-06",
            "price": "4.60",
            "revenue": 1474071
        },
        "2006-07": {
            "month": "2006-07",
            "price": "4.33",
            "revenue": 1675633
        },
        "2006-08": {
            "month": "2006-08",
            "price": "4.13",
            "revenue": 1329213
        },
        "2006-09": {
            "month": "2006-09",
            "price": "3.59",
            "revenue": 1063520
        },
        "2006-10": {
            "month": "2006-10",
            "price": "4.29",
            "revenue": 1102545
        },
        "2006-11": {
            "month": "2006-11",
            "price": "6.67",
            "revenue": 964118
        },
        "2006-12": {
            "month": "2006-12",
            "price": "8.41",
            "revenue": 696972
        },
        "2007-01": {
            "month": "2007-01",
            "price": "7.92",
            "revenue": 1401112
        },
        "2007-02": {
            "month": "2007-02",
            "price": "7.68",
            "revenue": 915956
        },
        "2007-03": {
            "month": "2007-03",
            "price": "7.00",
            "revenue": 762700
        },
        "2007-04": {
            "month": "2007-04",
            "price": "7.05",
            "revenue": 1023777
        },
        "2007-05": {
            "month": "2007-05",
            "price": "6.19",
            "revenue": 1024734
        },
        "2007-06": {
            "month": "2007-06",
            "price": "6.34",
            "revenue": 1068178
        },
        "2007-07": {
            "month": "2007-07",
            "price": "7.89",
            "revenue": 971147
        },
        "2007-08": {
            "month": "2007-08",
            "price": "6.76",
            "revenue": 691718
        },
        "2007-09": {
            "month": "2007-09",
            "price": "6.84",
            "revenue": 586874
        },
        "2007-10": {
            "month": "2007-10",
            "price": "7.65",
            "revenue": 649920
        },
        "2007-11": {
            "month": "2007-11",
            "price": "6.41",
            "revenue": 596044
        },
        "2007-12": {
            "month": "2007-12",
            "price": "6.31",
            "revenue": 856815
        },
        "2008-01": {
            "month": "2008-01",
            "price": "6.38",
            "revenue": 1039606
        },
        "2008-02": {
            "month": "2008-02",
            "price": "6.69",
            "revenue": 606224
        },
        "2008-03": {
            "month": "2008-03",
            "price": "6.86",
            "revenue": 848225
        },
        "2008-04": {
            "month": "2008-04",
            "price": "7.71",
            "revenue": 751423
        },
        "2008-05": {
            "month": "2008-05",
            "price": "7.86",
            "revenue": 837384
        },
        "2008-06": {
            "month": "2008-06",
            "price": "6.63",
            "revenue": 869287
        },
        "2008-07": {
            "month": "2008-07",
            "price": "4.85",
            "revenue": 724657
        },
        "2008-08": {
            "month": "2008-08",
            "price": "4.65",
            "revenue": 545926
        },
        "2008-09": {
            "month": "2008-09",
            "price": "4.16",
            "revenue": 592700
        },
        "2008-10": {
            "month": "2008-10",
            "price": "3.78",
            "revenue": 637922
        },
        "2008-11": {
            "month": "2008-11",
            "price": "3.51",
            "revenue": 707608
        },
        "2008-12": {
            "month": "2008-12",
            "price": "3.63",
            "revenue": 806955
        },
        "2009-01": {
            "month": "2009-01",
            "price": "3.84",
            "revenue": 857781
        },
        "2009-02": {
            "month": "2009-02",
            "price": "3.38",
            "revenue": 490865
        },
        "2009-03": {
            "month": "2009-03",
            "price": "3.68",
            "revenue": 794859
        },
        "2009-04": {
            "month": "2009-04",
            "price": "6.09",
            "revenue": 601145
        },
        "2009-05": {
            "month": "2009-05",
            "price": "6.38",
            "revenue": 649257
        },
        "2009-06": {
            "month": "2009-06",
            "price": "5.60",
            "revenue": 730965
        },
        "2009-07": {
            "month": "2009-07",
            "price": "5.47",
            "revenue": 700672
        },
        "2009-08": {
            "month": "2009-08",
            "price": "5.19",
            "revenue": 525064
        },
        "2009-09": {
            "month": "2009-09",
            "price": "5.19",
            "revenue": 543166
        },
        "2009-10": {
            "month": "2009-10",
            "price": "5.26",
            "revenue": 525345
        },
        "2009-11": {
            "month": "2009-11",
            "price": "5.40",
            "revenue": 548476
        },
        "2009-12": {
            "month": "2009-12",
            "price": "5.56",
            "revenue": 756340
        },
        "2010-01": {
            "month": "2010-01",
            "price": "5.93",
            "revenue": 671794
        },
        "2010-02": {
            "month": "2010-02",
            "price": "5.21",
            "revenue": 542624
        },
        "2010-03": {
            "month": "2010-03",
            "price": "5.45",
            "revenue": 748160
        },
        "2010-04": {
            "month": "2010-04",
            "price": "5.52",
            "revenue": 654733
        },
        "2010-05": {
            "month": "2010-05",
            "price": "4.53",
            "revenue": 799140
        },
        "2010-06": {
            "month": "2010-06",
            "price": "4.43",
            "revenue": 936765
        },
        "2010-07": {
            "month": "2010-07",
            "price": "4.85",
            "revenue": 922340
        },
        "2010-08": {
            "month": "2010-08",
            "price": "5.00",
            "revenue": 646442
        },
        "2010-09": {
            "month": "2010-09",
            "price": "4.99",
            "revenue": 603168
        },
        "2010-10": {
            "month": "2010-10",
            "price": "7.07",
            "revenue": 552044
        },
        "2010-11": {
            "month": "2010-11",
            "price": "7.74",
            "revenue": 646115
        },
        "2010-12": {
            "month": "2010-12",
            "price": "8.36",
            "revenue": 779404
        },
        "2011-01": {
            "month": "2011-01",
            "price": "9.37",
            "revenue": 909107
        },
        "2011-02": {
            "month": "2011-02",
            "price": "10.26",
            "revenue": 420336
        },
        "2011-03": {
            "month": "2011-03",
            "price": "9.45",
            "revenue": 710895
        },
        "2011-04": {
            "month": "2011-04",
            "price": "10.06",
            "revenue": 739271
        },
        "2011-05": {
            "month": "2011-05",
            "price": "11.01",
            "revenue": 835407
        },
        "2011-06": {
            "month": "2011-06",
            "price": "10.56",
            "revenue": 1046482
        },
        "2011-07": {
            "month": "2011-07",
            "price": "9.87",
            "revenue": 770808
        },
        "2011-08": {
            "month": "2011-08",
            "price": "9.12",
            "revenue": 622576
        },
        "2011-09": {
            "month": "2011-09",
            "price": "8.16",
            "revenue": 598764
        },
        "2011-10": {
            "month": "2011-10",
            "price": "7.81",
            "revenue": 476871
        },
        "2011-11": {
            "month": "2011-11",
            "price": "7.86",
            "revenue": 636460
        },
        "2011-12": {
            "month": "2011-12",
            "price": "8.33",
            "revenue": 960210
        },
        "2012-01": {
            "month": "2012-01",
            "price": "8.35",
            "revenue": 876259
        },
        "2012-02": {
            "month": "2012-02",
            "price": "9.08",
            "revenue": 674767
        },
        "2012-03": {
            "month": "2012-03",
            "price": "8.94",
            "revenue": 1055020
        },
        "2012-04": {
            "month": "2012-04",
            "price": "8.08",
            "revenue": 920000
        },
        "2012-05": {
            "month": "2012-05",
            "price": "8.87",
            "revenue": 1041202
        },
        "2012-06": {
            "month": "2012-06",
            "price": "8.84",
            "revenue": 1121239
        },
        "2012-07": {
            "month": "2012-07",
            "price": "9.03",
            "revenue": 1165330
        },
        "2012-08": {
            "month": "2012-08",
            "price": "9.70",
            "revenue": 767497
        },
        "2012-09": {
            "month": "2012-09",
            "price": "10.16",
            "revenue": 749990
        },
        "2012-10": {
            "month": "2012-10",
            "price": "9.65",
            "revenue": 711012
        },
        "2012-11": {
            "month": "2012-11",
            "price": "10.04",
            "revenue": 597602
        },
        "2012-12": {
            "month": "2012-12",
            "price": "9.97",
            "revenue": 959323
        },
        "2013-01": {
            "month": "2013-01",
            "price": "10.13",
            "revenue": 1040662
        },
        "2013-02": {
            "month": "2013-02",
            "price": "10.09",
            "revenue": 800953
        },
        "2013-03": {
            "month": "2013-03",
            "price": "10.06",
            "revenue": 1016819
        },
        "2013-04": {
            "month": "2013-04",
            "price": "10.06",
            "revenue": 975752
        },
        "2013-05": {
            "month": "2013-05",
            "price": "10.29",
            "revenue": 1032416
        },
        "2013-06": {
            "month": "2013-06",
            "price": "10.32",
            "revenue": 1235589
        },
        "2013-07": {
            "month": "2013-07",
            "price": "10.32",
            "revenue": 1033558
        },
        "2013-08": {
            "month": "2013-08",
            "price": "9.63",
            "revenue": 828788
        },
        "2013-09": {
            "month": "2013-09",
            "price": "9.70",
            "revenue": 675921
        },
        "2013-10": {
            "month": "2013-10",
            "price": "10.08",
            "revenue": 804360
        },
        "2013-11": {
            "month": "2013-11",
            "price": "10.52",
            "revenue": 754842
        },
        "2013-12": {
            "month": "2013-12",
            "price": "11.55",
            "revenue": 920788
        },
        "2014-01": {
            "month": "2014-01",
            "price": "11.80",
            "revenue": 1034783
        },
        "2014-02": {
            "month": "2014-02",
            "price": "11.64",
            "revenue": 711452
        },
        "2014-03": {
            "month": "2014-03",
            "price": "12.31",
            "revenue": 801781
        },
        "2014-04": {
            "month": "2014-04",
            "price": "12.29",
            "revenue": 884056
        },
        "2014-05": {
            "month": "2014-05",
            "price": "12.02",
            "revenue": 896017
        },
        "2014-06": {
            "month": "2014-06",
            "price": "12.24",
            "revenue": 1155768
        },
        "2014-07": {
            "month": "2014-07",
            "price": "12.31",
            "revenue": 1046099
        },
        "2014-08": {
            "month": "2014-08",
            "price": "12.87",
            "revenue": 804244
        },
        "2014-09": {
            "month": "2014-09",
            "price": "12.76",
            "revenue": 754810
        },
        "2014-10": {
            "month": "2014-10",
            "price": "12.12",
            "revenue": 673463
        },
        "2014-11": {
            "month": "2014-11",
            "price": "12.34",
            "revenue": 612030
        },
        "2014-12": {
            "month": "2014-12",
            "price": "12.66",
            "revenue": 938832
        },
        "2015-01": {
            "month": "2015-01",
            "price": "12.67",
            "revenue": 788288
        },
        "2015-02": {
            "month": "2015-02",
            "price": "12.88",
            "revenue": 709359
        },
        "2015-03": {
            "month": "2015-03",
            "price": "13.38",
            "revenue": 890513
        },
        "2015-04": {
            "month": "2015-04",
            "price": "13.80",
            "revenue": 986619
        },
        "2015-05": {
            "month": "2015-05",
            "price": "13.60",
            "revenue": 937426
        },
        "2015-06": {
            "month": "2015-06",
            "price": "13.40",
            "revenue": 1155685
        },
        "2015-07": {
            "month": "2015-07",
            "price": "12.72",
            "revenue": 923394
        },
        "2015-08": {
            "month": "2015-08",
            "price": "12.03",
            "revenue": 655952
        },
        "2015-09": {
            "month": "2015-09",
            "price": "12.36",
            "revenue": 612289
        },
        "2015-10": {
            "month": "2015-10",
            "price": "12.77",
            "revenue": 548899
        },
        "2015-11": {
            "month": "2015-11",
            "price": "12.54",
            "revenue": 716388
        },
        "2015-12": {
            "month": "2015-12",
            "price": "11.88",
            "revenue": 840843
        },
        "2016-01": {
            "month": "2016-01",
            "price": "11.37",
            "revenue": 983962
        },
        "2016-02": {
            "month": "2016-02",
            "price": "12.01",
            "revenue": 823011
        },
        "2016-03": {
            "month": "2016-03",
            "price": "12.82",
            "revenue": 840140
        },
        "2016-04": {
            "month": "2016-04",
            "price": "13.61",
            "revenue": 970307
        },
        "2016-05": {
            "month": "2016-05",
            "price": "13.56",
            "revenue": 1077117
        },
        "2016-06": {
            "month": "2016-06",
            "price": "13.79",
            "revenue": 1232064
        },
        "2016-07": {
            "month": "2016-07",
            "price": "15.00",
            "revenue": 810421
        },
        "2016-08": {
            "month": "2016-08",
            "price": "17.37",
            "revenue": 716695
        },
        "2016-09": {
            "month": "2016-09",
            "price": "17.83",
            "revenue": 602936
        },
        "2016-10": {
            "month": "2016-10",
            "price": "19.08",
            "revenue": 601508
        },
        "2016-11": {
            "month": "2016-11",
            "price": "18.22",
            "revenue": 610702
        },
        "2016-12": {
            "month": "2016-12",
            "price": "17.88",
            "revenue": 810492
        },
        "2017-01": {
            "month": "2017-01",
            "price": "18.36",
            "revenue": 782166
        },
        "2017-02": {
            "month": "2017-02",
            "price": "18.75",
            "revenue": 524876
        },
        "2017-03": {
            "month": "2017-03",
            "price": "18.88",
            "revenue": 807790
        },
        "2017-04": {
            "month": "2017-04",
            "price": "18.74",
            "revenue": 771398
        },
        "2017-05": {
            "month": "2017-05",
            "price": "18.32",
            "revenue": 846869
        },
        "2017-06": {
            "month": "2017-06",
            "price": "17.48",
            "revenue": 826015
        },
        "2017-07": {
            "month": "2017-07",
            "price": "16.88",
            "revenue": 879048
        },
        "2017-08": {
            "month": "2017-08",
            "price": "15.05",
            "revenue": 731697
        },
        "2017-09": {
            "month": "2017-09",
            "price": "14.68",
            "revenue": 690733
        },
        "2017-10": {
            "month": "2017-10",
            "price": "14.40",
            "revenue": 583605
        },
        "2017-11": {
            "month": "2017-11",
            "price": "13.56",
            "revenue": 639911
        },
        "2017-12": {
            "month": "2017-12",
            "price": "12.86",
            "revenue": 595596
        },
        "2018-01": {
            "month": "2018-01",
            "price": "13.32",
            "revenue": 705825
        },
        "2018-02": {
            "month": "2018-02",
            "price": "13.08",
            "revenue": 519397
        },
        "2018-03": {
            "month": "2018-03",
            "price": "13.63",
            "revenue": 657264
        },
        "2018-04": {
            "month": "2018-04",
            "price": "13.52",
            "revenue": 645659
        },
        "2018-05": {
            "month": "2018-05",
            "price": "13.46",
            "revenue": 753523
        },
        "2018-06": {
            "month": "2018-06",
            "price": "13.87",
            "revenue": 740435
        },
        "2018-07": {
            "month": "2018-07",
            "price": "13.55",
            "revenue": 605076
        },
        "2018-08": {
            "month": "2018-08",
            "price": "13.60",
            "revenue": 543564
        },
        "2018-09": {
            "month": "2018-09",
            "price": "13.39",
            "revenue": 493670
        },
        "2018-10": {
            "month": "2018-10",
            "price": "12.53",
            "revenue": 483755
        },
        "2018-11": {
            "month": "2018-11",
            "price": "12.47",
            "revenue": 441755
        },
        "2018-12": {
            "month": "2018-12",
            "price": "13.90",
            "revenue": 486710
        },
        "2019-01": {
            "month": "2019-01",
            "price": "13.89",
            "revenue": 743165
        },
        "2019-02": {
            "month": "2019-02",
            "price": "14.55",
            "revenue": 430993
        },
        "2019-03": {
            "month": "2019-03",
            "price": "15.60",
            "revenue": 592920
        },
        "2019-04": {
            "month": "2019-04",
            "price": "16.74",
            "revenue": 672274
        },
        "2019-05": {
            "month": "2019-05",
            "price": "16.82",
            "revenue": 653162
        },
        "2019-06": {
            "month": "2019-06",
            "price": "17.63",
            "revenue": 640485
        },
        "2019-07": {
            "month": "2019-07",
            "price": "18.50",
            "revenue": 672488
        },
        "2019-08": {
            "month": "2019-08",
            "price": "17.01",
            "revenue": 576682
        },
        "2019-09": {
            "month": "2019-09",
            "price": "17.85",
            "revenue": 525332
        },
        "2019-10": {
            "month": "2019-10",
            "price": "19.08",
            "revenue": 530903
        },
        "2019-11": {
            "month": "2019-11",
            "price": "20.35",
            "revenue": 504095
        },
        "2019-12": {
            "month": "2019-12",
            "price": "20.22",
            "revenue": 573509
        },
        "2020-01": {
            "month": "2020-01",
            "price": "20.04",
            "revenue": 724844
        },
        "2020-02": {
            "month": "2020-02",
            "price": "19.39",
            "revenue": 510285
        },
        "2020-03": {
            "month": "2020-03",
            "price": "17.40",
            "revenue": 573093
        },
        "2020-04": {
            "month": "2020-04",
            "price": "18.44",
            "revenue": 577889
        },
        "2020-05": {
            "month": "2020-05",
            "price": "19.66",
            "revenue": 748297
        },
        "2020-06": {
            "month": "2020-06",
            "price": "21.18",
            "revenue": 764012
        },
        "2020-07": {
            "month": "2020-07",
            "price": "22.82",
            "revenue": 835946
        },
        "2020-08": {
            "month": "2020-08",
            "price": "22.78",
            "revenue": 647857
        },
        "2020-09": {
            "month": "2020-09",
            "price": "22.82",
            "revenue": 591889
        },
        "2020-10": {
            "month": "2020-10",
            "price": "22.90",
            "revenue": 551670
        },
        "2020-11": {
            "month": "2020-11",
            "price": "25.66",
            "revenue": 529607
        },
        "2020-12": {
            "month": "2020-12",
            "price": "25.88",
            "revenue": 618176
        },
        "2021-01": {
            "month": "2021-01",
            "price": "25.62",
            "revenue": 846631
        },
        "2021-02": {
            "month": "2021-02",
            "price": "26.09",
            "revenue": 591817
        },
        "2021-03": {
            "month": "2021-03",
            "price": "29.30",
            "revenue": 670122
        },
        "2021-04": {
            "month": "2021-04",
            "price": "31.01",
            "revenue": 683761
        },
        "2021-05": {
            "month": "2021-05",
            "price": "29.09",
            "revenue": 838750
        },
        "2021-06": {
            "month": "2021-06",
            "price": "29.72",
            "revenue": 788114
        },
        "2021-07": {
            "month": "2021-07",
            "price": "30.42",
            "revenue": 772952
        },
        "2021-08": {
            "month": "2021-08",
            "price": "30.23",
            "revenue": 706217
        },
        "2021-09": {
            "month": "2021-09",
            "price": "29.82",
            "revenue": 680562
        },
        "2021-10": {
            "month": "2021-10",
            "price": "29.86",
            "revenue": 738388
        },
        "2021-11": {
            "month": "2021-11",
            "price": "29.56",
            "revenue": 785427
        },
        "2021-12": {
            "month": "2021-12",
            "price": "29.59",
            "revenue": 802160
        },
        "2022-01": {
            "month": "2022-01",
            "price": "30.34",
            "revenue": 1014865
        },
        "2022-02": {
            "month": "2022-02",
            "price": "31.11",
            "revenue": 632949
        },
        "2022-03": {
            "month": "2022-03",
            "price": "31.78",
            "revenue": 750523
        },
        "2022-04": {
            "month": "2022-04",
            "price": "31.65",
            "revenue": 778535
        },
        "2022-05": {
            "month": "2022-05",
            "price": "30.28",
            "revenue": 841444
        },
        "2022-06": {
            "month": "2022-06",
            "price": "30.31",
            "revenue": 794233
        },
        "2022-07": {
            "month": "2022-07",
            "price": "25.84",
            "revenue": 845180
        },
        "2022-08": {
            "month": "2022-08",
            "price": "27.65",
            "revenue": 714628
        },
        "2022-09": {
            "month": "2022-09",
            "price": "27.35",
            "revenue": 597829
        },
        "2022-10": {
            "month": "2022-10",
            "price": "24.70",
            "revenue": 625304
        },
        "2022-11": {
            "month": "2022-11",
            "price": "24.96",
            "revenue": 691420
        },
        "2022-12": {
            "month": "2022-12",
            "price": "25.63",
            "revenue": 648757
        },
        "2023-01": {
            "month": "2023-01",
            "price": "26.32",
            "revenue": 991211
        },
        "2023-02": {
            "month": "2023-02",
            "price": "26.72",
            "revenue": 635155
        },
        "2023-03": {
            "month": "2023-03",
            "price": "27.14",
            "revenue": 726236
        },
        "2023-04": {
            "month": "2023-04",
            "price": "27.57",
            "revenue": 751279
        },
        "2023-05": {
            "month": "2023-05",
            "price": "26.71",
            "revenue": 869115
        },
        "2023-06": {
            "month": "2023-06",
            "price": "27.02",
            "revenue": 824019
        },
        "2023-07": {
            "month": "2023-07",
            "price": "28.16",
            "revenue": 827720
        },
        "2023-08": {
            "month": "2023-08",
            "price": "27.48",
            "revenue": 688324
        },
        "2023-09": {
            "month": "2023-09",
            "price": "28.24",
            "revenue": 601230
        },
        "2023-10": {
            "month": "2023-10",
            "price": "28.91",
            "revenue": 676472
        },
        "2023-11": {
            "month": "2023-11",
            "price": "28.53",
            "revenue": 680897
        },
        "2023-12": {
            "month": "2023-12",
            "price": "28.80",
            "revenue": 617286
        }
    }
}
