{
    "summary": {
        "stock_name": "華新",
        "stock_id": "1605",
        "category": "電器電纜",
        "main_business": "電線電纜、鋼線鋼纜及特殊鋼之生產與銷售",
        "website_url": "http://www.walsin.com",
        "ceo": "潘文虎",
        "pe_ratio": 29,
        "report_year_from": 2001,
        "report_year_to": 2023,
        "age": 23,
        "eps_negative_percentage": 22,
        "eps_growth_avg": {
            "last_all": 8.55,
            "last_2y": 17.12,
            "last_4y": 15.58,
            "last_8y": 30.53,
            "last_12y": 17.48,
            "last_16y": 7.23,
            "last_20y": 8.55,
            "at_2006_last_3y": 12.85,
            "at_2007_last_3y": 9.31,
            "at_2008_last_3y": -40.69,
            "at_2009_last_3y": -26.94,
            "at_2010_last_3y": -26.94,
            "at_2011_last_3y": -33.33,
            "at_2012_last_3y": 0,
            "at_2013_last_3y": 0,
            "at_2014_last_3y": -100,
            "at_2015_last_3y": -29.69,
            "at_2016_last_3y": 35.16,
            "at_2017_last_3y": 39.36,
            "at_2018_last_3y": 49.22,
            "at_2019_last_3y": 38.28,
            "at_2020_last_3y": 38.28,
            "at_2021_last_3y": 51.34,
            "at_2022_last_3y": 38.84,
            "at_2023_last_3y": 37.84,
            "at_2024_last_3y": 37.84,
            "at_2006_last_all": 12.85,
            "at_2007_last_all": -5.88,
            "at_2008_last_all": -21.57,
            "at_2009_last_all": -21.57,
            "at_2010_last_all": -4.2,
            "at_2011_last_all": -16.18,
            "at_2012_last_all": -16.18,
            "at_2013_last_all": -16.18,
            "at_2014_last_all": -16.18,
            "at_2015_last_all": -17.68,
            "at_2016_last_all": -5.91,
            "at_2017_last_all": -1.03,
            "at_2018_last_all": 5.62,
            "at_2019_last_all": -0.46,
            "at_2020_last_all": 6.71,
            "at_2021_last_all": 12.93,
            "at_2022_last_all": 13.93,
            "at_2023_last_all": 8.55,
            "at_2024_last_all": 8.55
        },
        "latest_eps": 1.33,
        "latest_price": 38.65,
        "latest_roe": 4.22,
        "latest_gross_margin": 7.91,
        "latest_equity": 157790730,
        "latest_revenue": 46345853,
        "latest_gross_profit": 3664973,
        "latest_net_income": 1729812,
        "latest_debt_ratio": 42.33,
        "latest_current_ratio": 167.22,
        "latest_account_receivable_turnover_ratio": 2.12,
        "latest_inventory_turnover_ratio": 1.25,
        "latest_reinvestment_rate": 145.4,
        "latest_research_to_sale_ratio": 0.15
    },
    "eps_dividends": {
        "1990": {
            "cash": 0,
            "stock": 5,
            "eps": 0
        },
        "1991": {
            "cash": 0,
            "stock": 1.6,
            "eps": 0
        },
        "1992": {
            "cash": 0,
            "stock": 2.2,
            "eps": 0
        },
        "1993": {
            "cash": 0.5,
            "stock": 1,
            "eps": 0
        },
        "1994": {
            "cash": 0,
            "stock": 1.6,
            "eps": 0
        },
        "1995": {
            "cash": 0.4,
            "stock": 1.2,
            "eps": 0
        },
        "1996": {
            "cash": 0,
            "stock": 1.6,
            "eps": 0
        },
        "1997": {
            "cash": 0,
            "stock": 1,
            "eps": 0
        },
        "1998": {
            "cash": 0,
            "stock": 1.2,
            "eps": 0
        },
        "1999": {
            "cash": 0.34,
            "stock": 0,
            "eps": 0
        },
        "2000": {
            "cash": 0.43,
            "stock": 0,
            "eps": 0
        },
        "2001": {
            "cash": 0.2,
            "stock": 1.4,
            "eps": -0.6
        },
        "2002": {
            "cash": 0,
            "stock": 0,
            "eps": 0.3
        },
        "2003": {
            "cash": 0,
            "stock": 0,
            "eps": 0.1
        },
        "2004": {
            "cash": 0,
            "stock": 0,
            "eps": 2.6
        },
        "2005": {
            "cash": 1.01,
            "stock": 1.01,
            "eps": 0.47
        },
        "2006": {
            "cash": 0,
            "stock": 0,
            "eps": 2.66
        },
        "2007": {
            "cash": 1.5,
            "stock": 0,
            "eps": 0.51
        },
        "2008": {
            "cash": 0.3,
            "stock": 0,
            "eps": -1.57
        },
        "2009": {
            "cash": 0,
            "stock": 0,
            "eps": 0.46
        },
        "2010": {
            "cash": 0,
            "stock": 0,
            "eps": 1.53
        },
        "2011": {
            "cash": 0.4,
            "stock": 0,
            "eps": -1.19
        },
        "2012": {
            "cash": 0,
            "stock": 0,
            "eps": -0.94
        },
        "2013": {
            "cash": 0,
            "stock": 0,
            "eps": -0.75
        },
        "2014": {
            "cash": 0,
            "stock": 0,
            "eps": 0.64
        },
        "2015": {
            "cash": 0,
            "stock": 0,
            "eps": 0.45
        },
        "2016": {
            "cash": 0.2,
            "stock": 0,
            "eps": 1.34
        },
        "2017": {
            "cash": 0.7,
            "stock": 0,
            "eps": 1.98
        },
        "2018": {
            "cash": 1,
            "stock": 0,
            "eps": 3.54
        },
        "2019": {
            "cash": 1.2,
            "stock": 0,
            "eps": 0.94
        },
        "2020": {
            "cash": 0.5,
            "stock": 0,
            "eps": 2.04
        },
        "2021": {
            "cash": 0.9,
            "stock": 0,
            "eps": 4.27
        },
        "2022": {
            "cash": 1.6,
            "stock": 0,
            "eps": 5.5
        },
        "2023": {
            "cash": 3.6,
            "stock": 0,
            "eps": 1.24
        }
    },
    "dividends": {
        "1990-04-18": {
            "cash": 0,
            "stock": 5
        },
        "1991-04-12": {
            "cash": 0,
            "stock": 1.6
        },
        "1992-03-27": {
            "cash": 0,
            "stock": 2.2
        },
        "1993-06-02": {
            "cash": 0.5,
            "stock": 1
        },
        "1994-05-23": {
            "cash": 0,
            "stock": 1.6
        },
        "1995-05-09": {
            "cash": 0.4,
            "stock": 1.2
        },
        "1996-05-23": {
            "cash": 0,
            "stock": 1.6
        },
        "1997-05-24": {
            "cash": 0,
            "stock": 1
        },
        "1998-05-14": {
            "cash": 0,
            "stock": 1.2
        },
        "1999-05-25": {
            "cash": 0.34,
            "stock": 0
        },
        "2000-05-09": {
            "cash": 0.43,
            "stock": 0
        },
        "2001-05-23": {
            "cash": 0.2,
            "stock": 1.4
        },
        "2005-03-14": {
            "cash": 1.01,
            "stock": 1.01
        },
        "2007-03-12": {
            "cash": 1.5,
            "stock": 0
        },
        "2008-03-25": {
            "cash": 0.3,
            "stock": 0
        },
        "2011-03-16": {
            "cash": 0.4,
            "stock": 0
        },
        "2016-11-11": {
            "cash": 0.2,
            "stock": 0
        },
        "2017-08-03": {
            "cash": 0.7,
            "stock": 0
        },
        "2018-07-06": {
            "cash": 1,
            "stock": 0
        },
        "2019-07-17": {
            "cash": 1.2,
            "stock": 0
        },
        "2020-07-22": {
            "cash": 0.5,
            "stock": 0
        },
        "2021-08-25": {
            "cash": 0.9,
            "stock": 0
        },
        "2022-07-19": {
            "cash": 1.6,
            "stock": 0
        },
        "2023-02-24": {
            "cash": 1.8,
            "stock": 0
        },
        "2023-07-06": {
            "cash": 1.8,
            "stock": 0
        }
    },
    "prices": {
        "200101": "15.63",
        "200102": "15.59",
        "200103": "15.19",
        "200104": "14.34",
        "200105": "12.01",
        "200106": "11.52",
        "200107": "9.14",
        "200108": "9.02",
        "200109": "7.38",
        "200110": "6.59",
        "200111": "7.02",
        "200112": "7.93",
        "200201": "9.23",
        "200202": "8.90",
        "200203": "9.35",
        "200204": "10.74",
        "200205": "9.65",
        "200206": "9.79",
        "200207": "8.90",
        "200208": "7.71",
        "200209": "7.57",
        "200210": "7.41",
        "200211": "8.56",
        "200212": "9.26",
        "200301": "10.80",
        "200302": "10.66",
        "200303": "9.44",
        "200304": "8.75",
        "200305": "7.98",
        "200306": "9.02",
        "200307": "9.60",
        "200308": "9.16",
        "200309": "8.74",
        "200310": "9.24",
        "200311": "10.14",
        "200312": "10.34",
        "200401": "12.68",
        "200402": "14.40",
        "200403": "17.21",
        "200404": "18.11",
        "200405": "15.46",
        "200406": "14.35",
        "200407": "14.18",
        "200408": "15.01",
        "200409": "16.97",
        "200410": "17.26",
        "200411": "17.33",
        "200412": "16.78",
        "200501": "15.82",
        "200502": "15.15",
        "200503": "15.06",
        "200504": "13.58",
        "200505": "13.01",
        "200506": "14.03",
        "200507": "12.57",
        "200508": "10.73",
        "200509": "9.87",
        "200510": "9.78",
        "200511": "10.38",
        "200512": "10.75",
        "200601": "11.01",
        "200602": "10.92",
        "200603": "11.03",
        "200604": "13.06",
        "200605": "14.27",
        "200606": "12.88",
        "200607": "12.66",
        "200608": "13.30",
        "200609": "14.24",
        "200610": "16.51",
        "200611": "16.58",
        "200612": "17.27",
        "200701": "16.85",
        "200702": "16.66",
        "200703": "16.30",
        "200704": "18.00",
        "200705": "17.23",
        "200706": "18.73",
        "200707": "18.66",
        "200708": "16.27",
        "200709": "15.80",
        "200710": "17.20",
        "200711": "13.79",
        "200712": "13.00",
        "200801": "13.24",
        "200802": "14.22",
        "200803": "14.90",
        "200804": "15.74",
        "200805": "15.01",
        "200806": "12.53",
        "200807": "10.80",
        "200808": "10.59",
        "200809": "9.21",
        "200810": "8.68",
        "200811": "6.63",
        "200812": "6.30",
        "200901": "6.22",
        "200902": "5.50",
        "200903": "6.22",
        "200904": "8.29",
        "200905": "9.91",
        "200906": "10.28",
        "200907": "10.71",
        "200908": "11.10",
        "200909": "11.30",
        "200910": "11.24",
        "200911": "11.16",
        "200912": "11.41",
        "201001": "12.16",
        "201002": "10.51",
        "201003": "11.74",
        "201004": "13.30",
        "201005": "12.18",
        "201006": "11.62",
        "201007": "13.22",
        "201008": "15.39",
        "201009": "16.54",
        "201010": "18.83",
        "201011": "17.51",
        "201012": "18.73",
        "201101": "17.96",
        "201102": "16.10",
        "201103": "15.26",
        "201104": "16.21",
        "201105": "15.42",
        "201106": "14.33",
        "201107": "13.98",
        "201108": "11.72",
        "201109": "10.19",
        "201110": "9.46",
        "201111": "9.94",
        "201112": "8.81",
        "201201": "9.05",
        "201202": "10.84",
        "201203": "10.49",
        "201204": "8.80",
        "201205": "7.95",
        "201206": "7.97",
        "201207": "8.58",
        "201208": "9.55",
        "201209": "9.98",
        "201210": "9.35",
        "201211": "8.21",
        "201212": "9.63",
        "201301": "9.96",
        "201302": "10.03",
        "201303": "9.34",
        "201304": "8.75",
        "201305": "9.43",
        "201306": "8.72",
        "201307": "8.79",
        "201308": "8.48",
        "201309": "9.00",
        "201310": "9.07",
        "201311": "8.69",
        "201312": "9.39",
        "201401": "9.68",
        "201402": "9.41",
        "201403": "9.47",
        "201404": "9.94",
        "201405": "10.05",
        "201406": "10.43",
        "201407": "11.22",
        "201408": "10.65",
        "201409": "10.21",
        "201410": "9.45",
        "201411": "10.14",
        "201412": "9.74",
        "201501": "9.71",
        "201502": "9.76",
        "201503": "9.72",
        "201504": "9.23",
        "201505": "8.57",
        "201506": "7.57",
        "201507": "7.13",
        "201508": "7.02",
        "201509": "7.44",
        "201510": "7.65",
        "201511": "7.41",
        "201512": "7.22",
        "201601": "7.04",
        "201602": "7.74",
        "201603": "8.75",
        "201604": "8.54",
        "201605": "9.30",
        "201606": "8.82",
        "201607": "8.92",
        "201608": "10.10",
        "201609": "10.64",
        "201610": "10.41",
        "201611": "12.30",
        "201612": "12.55",
        "201701": "11.97",
        "201702": "13.75",
        "201703": "14.22",
        "201704": "13.56",
        "201705": "12.79",
        "201706": "12.85",
        "201707": "12.87",
        "201708": "13.74",
        "201709": "14.52",
        "201710": "14.90",
        "201711": "16.01",
        "201712": "16.93",
        "201801": "17.33",
        "201802": "16.14",
        "201803": "17.57",
        "201804": "19.72",
        "201805": "23.50",
        "201806": "22.63",
        "201807": "20.74",
        "201808": "21.18",
        "201809": "20.10",
        "201810": "17.03",
        "201811": "17.05",
        "201812": "17.23",
        "201901": "17.09",
        "201902": "17.90",
        "201903": "18.02",
        "201904": "17.75",
        "201905": "15.83",
        "201906": "15.48",
        "201907": "14.57",
        "201908": "13.77",
        "201909": "14.58",
        "201910": "14.85",
        "201911": "14.18",
        "201912": "15.13",
        "202001": "15.06",
        "202002": "14.24",
        "202003": "12.24",
        "202004": "12.52",
        "202005": "12.93",
        "202006": "14.34",
        "202007": "14.30",
        "202008": "16.11",
        "202009": "16.62",
        "202010": "17.29",
        "202011": "18.12",
        "202012": "19.24",
        "202101": "17.83",
        "202102": "17.81",
        "202103": "18.64",
        "202104": "22.41",
        "202105": "25.66",
        "202106": "26.38",
        "202107": "27.88",
        "202108": "26.58",
        "202109": "26.12",
        "202110": "25.02",
        "202111": "27.24",
        "202112": "26.31",
        "202201": "25.99",
        "202202": "27.19",
        "202203": "29.12",
        "202204": "38.18",
        "202205": "40.66",
        "202206": "41.32",
        "202207": "33.55",
        "202208": "35.73",
        "202209": "39.90",
        "202210": "36.59",
        "202211": "42.60",
        "202212": "47.45",
        "202301": "48.11",
        "202302": "55.00",
        "202303": "51.35",
        "202304": "49.79",
        "202305": "47.10",
        "202306": "44.94",
        "202307": "40.82",
        "202308": "37.45",
        "202309": "37.26",
        "202310": "35.85",
        "202311": "37.33",
        "202312": "38.08"
    },
    "quarters": {
        "20011": {
            "year_quarter": 20011,
            "year": 2001,
            "quarter": 1,
            "eps": 0.16,
            "eps_growth_year": -78.38,
            "eps_4q": 1.8,
            "eps_4q_growth_year": 19.83,
            "roe": 0.87,
            "roe_4q": 0.87,
            "gross_profit": 219432,
            "gross_margin": 5.4,
            "gross_margin_4q_avg": 5.4,
            "net_income": 510175,
            "net_income_4q": null,
            "revenue": 4061018,
            "revenue_4q": null,
            "common_shares": 31613782,
            "book_valuer_per_share": 18.42,
            "book_valuer_per_share_4q_avg": 18.42,
            "equity": 58237950,
            "current_ratio": 205.01,
            "debt_ratio": 23.43,
            "inventory_turnover_ratio": 0.89,
            "account_receivable_turnover_ratio": null,
            "reinvestment_rate": null,
            "research_to_sale_ratio": null,
            "price_fair": 0,
            "eps_avg_yearly": 0,
            "eps_latest_yearly": 0,
            "eps_growth_yearly": 0
        },
        "20012": {
            "year_quarter": 20012,
            "year": 2001,
            "quarter": 2,
            "eps": -0.11,
            "eps_growth_year": -108.46,
            "eps_4q": 0.43,
            "eps_4q_growth_year": -84.53,
            "roe": -0.59,
            "roe_4q": 0.28,
            "gross_profit": 521856,
            "gross_margin": 11.64,
            "gross_margin_4q_avg": 8.52,
            "net_income": -339774,
            "net_income_4q": null,
            "revenue": 4483618,
            "revenue_4q": null,
            "common_shares": 31613782,
            "book_valuer_per_share": 17.96,
            "book_valuer_per_share_4q_avg": 18.19,
            "equity": 56776516,
            "current_ratio": 155.11,
            "debt_ratio": 24.38,
            "inventory_turnover_ratio": 1.79,
            "account_receivable_turnover_ratio": null,
            "reinvestment_rate": null,
            "research_to_sale_ratio": null,
            "price_fair": 0,
            "eps_avg_yearly": 0,
            "eps_latest_yearly": 0,
            "eps_growth_yearly": 0
        },
        "20013": {
            "year_quarter": 20013,
            "year": 2001,
            "quarter": 3,
            "eps": -0.3,
            "eps_growth_year": -158.82,
            "eps_4q": -0.36,
            "eps_4q_growth_year": -112,
            "roe": -1.92,
            "roe_4q": -1.6399999999999997,
            "gross_profit": 260254,
            "gross_margin": 6.47,
            "gross_margin_4q_avg": 7.84,
            "net_income": -1073808,
            "net_income_4q": null,
            "revenue": 4020696,
            "revenue_4q": null,
            "common_shares": 36129763,
            "book_valuer_per_share": 15.25,
            "book_valuer_per_share_4q_avg": 17.21,
            "equity": 55110064,
            "current_ratio": 155.84,
            "debt_ratio": 22.86,
            "inventory_turnover_ratio": 1.85,
            "account_receivable_turnover_ratio": null,
            "reinvestment_rate": null,
            "research_to_sale_ratio": null,
            "price_fair": 0,
            "eps_avg_yearly": 0,
            "eps_latest_yearly": 0,
            "eps_growth_yearly": 0
        },
        "20014": {
            "year_quarter": 20014,
            "year": 2001,
            "quarter": 4,
            "eps": -0.35,
            "eps_growth_year": null,
            "eps_4q": -0.87,
            "eps_4q_growth_year": -136.67,
            "roe": -2.23,
            "roe_4q": -3.87,
            "gross_profit": 523884,
            "gross_margin": 11.89,
            "gross_margin_4q_avg": 8.85,
            "net_income": -1249113,
            "net_income_4q": null,
            "revenue": 4405919,
            "revenue_4q": null,
            "common_shares": 36129763,
            "book_valuer_per_share": 14.4,
            "book_valuer_per_share_4q_avg": 16.51,
            "equity": 56781490,
            "current_ratio": 194.41,
            "debt_ratio": 34.06,
            "inventory_turnover_ratio": 1.14,
            "account_receivable_turnover_ratio": null,
            "reinvestment_rate": null,
            "research_to_sale_ratio": null,
            "price_fair": 0,
            "eps_avg_yearly": 0,
            "eps_latest_yearly": 0,
            "eps_growth_yearly": 0
        },
        "20021": {
            "year_quarter": 20021,
            "year": 2002,
            "quarter": 1,
            "eps": 0.27,
            "eps_growth_year": 68.75,
            "eps_4q": -0.52,
            "eps_4q_growth_year": -129.01,
            "roe": 1.64,
            "roe_4q": -3.0999999999999996,
            "gross_profit": 693633,
            "gross_margin": 15.87,
            "gross_margin_4q_avg": 11.47,
            "net_income": 905929,
            "net_income_4q": null,
            "revenue": 4369380,
            "revenue_4q": null,
            "common_shares": 36129763,
            "book_valuer_per_share": 14.93,
            "book_valuer_per_share_4q_avg": 15.64,
            "equity": 53935183,
            "current_ratio": 165.25,
            "debt_ratio": 22.73,
            "inventory_turnover_ratio": 1.09,
            "account_receivable_turnover_ratio": null,
            "reinvestment_rate": null,
            "research_to_sale_ratio": null,
            "price_fair": 0,
            "eps_avg_yearly": 0,
            "eps_latest_yearly": 0,
            "eps_growth_yearly": 0
        },
        "20022": {
            "year_quarter": 20022,
            "year": 2002,
            "quarter": 2,
            "eps": 0.23,
            "eps_growth_year": null,
            "eps_4q": -0.2,
            "eps_4q_growth_year": -145.95,
            "roe": 1.41,
            "roe_4q": -1.1,
            "gross_profit": 514818,
            "gross_margin": 10.29,
            "gross_margin_4q_avg": 11.13,
            "net_income": 762000,
            "net_income_4q": null,
            "revenue": 5004867,
            "revenue_4q": null,
            "common_shares": 36129763,
            "book_valuer_per_share": 15.02,
            "book_valuer_per_share_4q_avg": 14.9,
            "equity": 54270367,
            "current_ratio": 140.49,
            "debt_ratio": 23.35,
            "inventory_turnover_ratio": 2.23,
            "account_receivable_turnover_ratio": null,
            "reinvestment_rate": null,
            "research_to_sale_ratio": null,
            "price_fair": 2.76,
            "eps_avg_yearly": 0.92,
            "eps_latest_yearly": 0.92,
            "eps_growth_yearly": -59.26
        },
        "20023": {
            "year_quarter": 20023,
            "year": 2002,
            "quarter": 3,
            "eps": 0.02,
            "eps_growth_year": null,
            "eps_4q": 0.13,
            "eps_4q_growth_year": null,
            "roe": 0.15,
            "roe_4q": 0.9699999999999998,
            "gross_profit": 717037,
            "gross_margin": 14.34,
            "gross_margin_4q_avg": 13.1,
            "net_income": 79281,
            "net_income_4q": null,
            "revenue": 4999675,
            "revenue_4q": null,
            "common_shares": 36129763,
            "book_valuer_per_share": 14.87,
            "book_valuer_per_share_4q_avg": 14.81,
            "equity": 53732645,
            "current_ratio": 135.68,
            "debt_ratio": 22.87,
            "inventory_turnover_ratio": 1.93,
            "account_receivable_turnover_ratio": null,
            "reinvestment_rate": null,
            "research_to_sale_ratio": null,
            "price_fair": 1.5,
            "eps_avg_yearly": 0.5,
            "eps_latest_yearly": 0.08,
            "eps_growth_yearly": -212.24
        },
        "20024": {
            "year_quarter": 20024,
            "year": 2002,
            "quarter": 4,
            "eps": -0.22,
            "eps_growth_year": null,
            "eps_4q": 0.4,
            "eps_4q_growth_year": null,
            "roe": -1.33,
            "roe_4q": 1.8699999999999997,
            "gross_profit": 611119,
            "gross_margin": 12.14,
            "gross_margin_4q_avg": 13.16,
            "net_income": -727184,
            "net_income_4q": null,
            "revenue": 5034390,
            "revenue_4q": null,
            "common_shares": 35129763,
            "book_valuer_per_share": 15,
            "book_valuer_per_share_4q_avg": 14.96,
            "equity": 55228903,
            "current_ratio": 202.42,
            "debt_ratio": 29.34,
            "inventory_turnover_ratio": 1.22,
            "account_receivable_turnover_ratio": null,
            "reinvestment_rate": 8.15,
            "research_to_sale_ratio": null,
            "price_fair": 1.5,
            "eps_avg_yearly": 0.5,
            "eps_latest_yearly": 0.08,
            "eps_growth_yearly": -212.24
        },
        "20031": {
            "year_quarter": 20031,
            "year": 2003,
            "quarter": 1,
            "eps": -0.07,
            "eps_growth_year": -125.93,
            "eps_4q": -0.03,
            "eps_4q_growth_year": null,
            "roe": -0.42,
            "roe_4q": -0.19000000000000017,
            "gross_profit": 653297,
            "gross_margin": 12.18,
            "gross_margin_4q_avg": 12.24,
            "net_income": -224180,
            "net_income_4q": null,
            "revenue": 5363550,
            "revenue_4q": null,
            "common_shares": 35129763,
            "book_valuer_per_share": 14.61,
            "book_valuer_per_share_4q_avg": 14.88,
            "equity": 51310665,
            "current_ratio": 111.44,
            "debt_ratio": 24.44,
            "inventory_turnover_ratio": 1.27,
            "account_receivable_turnover_ratio": null,
            "reinvestment_rate": 3.32,
            "research_to_sale_ratio": null,
            "price_fair": 1.5,
            "eps_avg_yearly": 0.5,
            "eps_latest_yearly": 0.08,
            "eps_growth_yearly": -212.24
        },
        "20032": {
            "year_quarter": 20032,
            "year": 2003,
            "quarter": 2,
            "eps": 0.15,
            "eps_growth_year": -34.78,
            "eps_4q": -0.13,
            "eps_4q_growth_year": null,
            "roe": 0.9,
            "roe_4q": -0.7000000000000001,
            "gross_profit": 789907,
            "gross_margin": 14.51,
            "gross_margin_4q_avg": 13.29,
            "net_income": 465989,
            "net_income_4q": null,
            "revenue": 5444291,
            "revenue_4q": null,
            "common_shares": 34129763,
            "book_valuer_per_share": 15.26,
            "book_valuer_per_share_4q_avg": 14.94,
            "equity": 52077938,
            "current_ratio": 117.04,
            "debt_ratio": 23.95,
            "inventory_turnover_ratio": 1.66,
            "account_receivable_turnover_ratio": null,
            "reinvestment_rate": 3.12,
            "research_to_sale_ratio": null,
            "price_fair": 1.5,
            "eps_avg_yearly": 0.5,
            "eps_latest_yearly": 0.08,
            "eps_growth_yearly": -212.24
        },
        "20033": {
            "year_quarter": 20033,
            "year": 2003,
            "quarter": 3,
            "eps": 0.09,
            "eps_growth_year": 350,
            "eps_4q": -0.07,
            "eps_4q_growth_year": -154,
            "roe": 0.53,
            "roe_4q": -0.31999999999999984,
            "gross_profit": 641047,
            "gross_margin": 12.72,
            "gross_margin_4q_avg": 12.89,
            "net_income": 276731,
            "net_income_4q": null,
            "revenue": 5039603,
            "revenue_4q": null,
            "common_shares": 34129763,
            "book_valuer_per_share": 15.32,
            "book_valuer_per_share_4q_avg": 15.05,
            "equity": 52302230,
            "current_ratio": 113.61,
            "debt_ratio": 24.38,
            "inventory_turnover_ratio": 1.35,
            "account_receivable_turnover_ratio": null,
            "reinvestment_rate": 2.94,
            "research_to_sale_ratio": null,
            "price_fair": 1.36,
            "eps_avg_yearly": 0.45,
            "eps_latest_yearly": 0.36,
            "eps_growth_yearly": -194.83
        },
        "20034": {
            "year_quarter": 20034,
            "year": 2003,
            "quarter": 4,
            "eps": -0.07,
            "eps_growth_year": null,
            "eps_4q": 0.12,
            "eps_4q_growth_year": -71.02,
            "roe": -0.4,
            "roe_4q": 0.6100000000000001,
            "gross_profit": 782036,
            "gross_margin": 12.22,
            "gross_margin_4q_avg": 12.91,
            "net_income": -209527,
            "net_income_4q": null,
            "revenue": 6400929,
            "revenue_4q": null,
            "common_shares": 32660673,
            "book_valuer_per_share": 15.76,
            "book_valuer_per_share_4q_avg": 15.24,
            "equity": 53465064,
            "current_ratio": 155.59,
            "debt_ratio": 35.41,
            "inventory_turnover_ratio": 1.02,
            "account_receivable_turnover_ratio": null,
            "reinvestment_rate": -27.11,
            "research_to_sale_ratio": null,
            "price_fair": 1.36,
            "eps_avg_yearly": 0.45,
            "eps_latest_yearly": 0.36,
            "eps_growth_yearly": -194.83
        },
        "20041": {
            "year_quarter": 20041,
            "year": 2004,
            "quarter": 1,
            "eps": 2.25,
            "eps_growth_year": null,
            "eps_4q": 2.38,
            "eps_4q_growth_year": null,
            "roe": 12.31,
            "roe_4q": 13.34,
            "gross_profit": 3787625,
            "gross_margin": 26.77,
            "gross_margin_4q_avg": 16.56,
            "net_income": 6929347,
            "net_income_4q": null,
            "revenue": 14149550,
            "revenue_4q": null,
            "common_shares": 31752599,
            "book_valuer_per_share": 17.94,
            "book_valuer_per_share_4q_avg": 16.07,
            "equity": 59082081,
            "current_ratio": 226.63,
            "debt_ratio": 28.19,
            "inventory_turnover_ratio": 1.22,
            "account_receivable_turnover_ratio": null,
            "reinvestment_rate": 29.2,
            "research_to_sale_ratio": null,
            "price_fair": 1.36,
            "eps_avg_yearly": 0.45,
            "eps_latest_yearly": 0.36,
            "eps_growth_yearly": -194.83
        },
        "20042": {
            "year_quarter": 20042,
            "year": 2004,
            "quarter": 2,
            "eps": 0.45,
            "eps_growth_year": 200,
            "eps_4q": 2.74,
            "eps_4q_growth_year": null,
            "roe": 2.27,
            "roe_4q": 14.709999999999999,
            "gross_profit": 1154053,
            "gross_margin": 7.03,
            "gross_margin_4q_avg": 14.69,
            "net_income": 1344170,
            "net_income_4q": null,
            "revenue": 16408144,
            "revenue_4q": null,
            "common_shares": 30782363,
            "book_valuer_per_share": 18.68,
            "book_valuer_per_share_4q_avg": 16.93,
            "equity": 59586773,
            "current_ratio": 234.54,
            "debt_ratio": 26.86,
            "inventory_turnover_ratio": 1.54,
            "account_receivable_turnover_ratio": null,
            "reinvestment_rate": 46.72,
            "research_to_sale_ratio": null,
            "price_fair": 2.37,
            "eps_avg_yearly": 0.79,
            "eps_latest_yearly": 1.8,
            "eps_growth_yearly": -226.12
        },
        "20043": {
            "year_quarter": 20043,
            "year": 2004,
            "quarter": 3,
            "eps": 0.3,
            "eps_growth_year": 233.33,
            "eps_4q": 3.09,
            "eps_4q_growth_year": null,
            "roe": 1.42,
            "roe_4q": 15.6,
            "gross_profit": 1773332,
            "gross_margin": 10.08,
            "gross_margin_4q_avg": 14.03,
            "net_income": 855784,
            "net_income_4q": null,
            "revenue": 17591459,
            "revenue_4q": null,
            "common_shares": 30790126,
            "book_valuer_per_share": 19.26,
            "book_valuer_per_share_4q_avg": 17.91,
            "equity": 61371827,
            "current_ratio": 290.8,
            "debt_ratio": 24.31,
            "inventory_turnover_ratio": 1.61,
            "account_receivable_turnover_ratio": null,
            "reinvestment_rate": 27.59,
            "research_to_sale_ratio": null,
            "price_fair": 2.62,
            "eps_avg_yearly": 0.87,
            "eps_latest_yearly": 1.2,
            "eps_growth_yearly": -207.56
        },
        "20044": {
            "year_quarter": 20044,
            "year": 2004,
            "quarter": 4,
            "eps": -0.4,
            "eps_growth_year": null,
            "eps_4q": 2.67,
            "eps_4q_growth_year": 2188.99,
            "roe": -2.33,
            "roe_4q": 13.67,
            "gross_profit": 1079943,
            "gross_margin": 5.89,
            "gross_margin_4q_avg": 12.44,
            "net_income": -1408425,
            "net_income_4q": null,
            "revenue": 18334881,
            "revenue_4q": null,
            "common_shares": 30790126,
            "book_valuer_per_share": 18.75,
            "book_valuer_per_share_4q_avg": 18.66,
            "equity": 59375357,
            "current_ratio": 282.88,
            "debt_ratio": 25.2,
            "inventory_turnover_ratio": 1.91,
            "account_receivable_turnover_ratio": null,
            "reinvestment_rate": -68.25,
            "research_to_sale_ratio": null,
            "price_fair": 2.62,
            "eps_avg_yearly": 0.87,
            "eps_latest_yearly": 1.2,
            "eps_growth_yearly": -207.56
        },
        "20051": {
            "year_quarter": 20051,
            "year": 2005,
            "quarter": 1,
            "eps": 0.01,
            "eps_growth_year": -99.56,
            "eps_4q": 0.35,
            "eps_4q_growth_year": -85.22,
            "roe": 0.05,
            "roe_4q": 1.4099999999999997,
            "gross_profit": 1326678,
            "gross_margin": 8.31,
            "gross_margin_4q_avg": 7.83,
            "net_income": 31066,
            "net_income_4q": null,
            "revenue": 15967862,
            "revenue_4q": null,
            "common_shares": 30790126,
            "book_valuer_per_share": 18.59,
            "book_valuer_per_share_4q_avg": 18.82,
            "equity": 58915017,
            "current_ratio": 224.03,
            "debt_ratio": 29.95,
            "inventory_turnover_ratio": 1.54,
            "account_receivable_turnover_ratio": null,
            "reinvestment_rate": 18.24,
            "research_to_sale_ratio": null,
            "price_fair": 2.62,
            "eps_avg_yearly": 0.87,
            "eps_latest_yearly": 1.2,
            "eps_growth_yearly": -207.56
        },
        "20052": {
            "year_quarter": 20052,
            "year": 2005,
            "quarter": 2,
            "eps": 0.21,
            "eps_growth_year": -53.33,
            "eps_4q": 0.12,
            "eps_4q_growth_year": -95.48,
            "roe": 1.23,
            "roe_4q": 0.3699999999999999,
            "gross_profit": 1572940,
            "gross_margin": 8.41,
            "gross_margin_4q_avg": 8.17,
            "net_income": 710483,
            "net_income_4q": null,
            "revenue": 18694647,
            "revenue_4q": null,
            "common_shares": 30062946,
            "book_valuer_per_share": 18.14,
            "book_valuer_per_share_4q_avg": 18.69,
            "equity": 56716012,
            "current_ratio": 182.75,
            "debt_ratio": 31.58,
            "inventory_turnover_ratio": 1.55,
            "account_receivable_turnover_ratio": null,
            "reinvestment_rate": 18.5,
            "research_to_sale_ratio": null,
            "price_fair": 30.33,
            "eps_avg_yearly": 0.87,
            "eps_latest_yearly": 0.84,
            "eps_growth_yearly": 1160.37
        },
        "20053": {
            "year_quarter": 20053,
            "year": 2005,
            "quarter": 3,
            "eps": 0.06,
            "eps_growth_year": -80,
            "eps_4q": -0.06,
            "eps_4q_growth_year": -102.01,
            "roe": 0.46,
            "roe_4q": -0.5900000000000001,
            "gross_profit": 933335,
            "gross_margin": 4.98,
            "gross_margin_4q_avg": 6.9,
            "net_income": 258482,
            "net_income_4q": null,
            "revenue": 18750123,
            "revenue_4q": null,
            "common_shares": 33109133,
            "book_valuer_per_share": 16.17,
            "book_valuer_per_share_4q_avg": 17.91,
            "equity": 55927996,
            "current_ratio": 176.98,
            "debt_ratio": 32.51,
            "inventory_turnover_ratio": 1.44,
            "account_receivable_turnover_ratio": null,
            "reinvestment_rate": 18.05,
            "research_to_sale_ratio": null,
            "price_fair": 27.2,
            "eps_avg_yearly": 0.78,
            "eps_latest_yearly": 0.24,
            "eps_growth_yearly": 953.78
        },
        "20054": {
            "year_quarter": 20054,
            "year": 2005,
            "quarter": 4,
            "eps": 0.19,
            "eps_growth_year": null,
            "eps_4q": 0.46,
            "eps_4q_growth_year": -82.73,
            "roe": 1.16,
            "roe_4q": 2.8999999999999995,
            "gross_profit": 1447686,
            "gross_margin": 6.67,
            "gross_margin_4q_avg": 7.09,
            "net_income": 640892,
            "net_income_4q": null,
            "revenue": 21697260,
            "revenue_4q": null,
            "common_shares": 33109133,
            "book_valuer_per_share": 16.12,
            "book_valuer_per_share_4q_avg": 17.26,
            "equity": 54965756,
            "current_ratio": 150.65,
            "debt_ratio": 33.76,
            "inventory_turnover_ratio": 1.64,
            "account_receivable_turnover_ratio": null,
            "reinvestment_rate": -45.64,
            "research_to_sale_ratio": null,
            "price_fair": 27.13,
            "eps_avg_yearly": 0.78,
            "eps_latest_yearly": 0.76,
            "eps_growth_yearly": 942.89
        },
        "20061": {
            "year_quarter": 20061,
            "year": 2006,
            "quarter": 1,
            "eps": 0.47,
            "eps_growth_year": 4600,
            "eps_4q": 0.84,
            "eps_4q_growth_year": 140.12,
            "roe": 3.05,
            "roe_4q": 5.9,
            "gross_profit": 1559143,
            "gross_margin": 7.22,
            "gross_margin_4q_avg": 6.82,
            "net_income": 1687179,
            "net_income_4q": null,
            "revenue": 21586524,
            "revenue_4q": null,
            "common_shares": 32443143,
            "book_valuer_per_share": 16.58,
            "book_valuer_per_share_4q_avg": 16.75,
            "equity": 55562585,
            "current_ratio": 149.3,
            "debt_ratio": 33.64,
            "inventory_turnover_ratio": 1.66,
            "account_receivable_turnover_ratio": null,
            "reinvestment_rate": 18.92,
            "research_to_sale_ratio": null,
            "price_fair": 31.42,
            "eps_avg_yearly": 0.9,
            "eps_latest_yearly": 1.88,
            "eps_growth_yearly": 903.62
        },
        "20062": {
            "year_quarter": 20062,
            "year": 2006,
            "quarter": 2,
            "eps": 1.12,
            "eps_growth_year": 433.33,
            "eps_4q": 1.66,
            "eps_4q_growth_year": 1235.72,
            "roe": 6.98,
            "roe_4q": 11.650000000000002,
            "gross_profit": 3165990,
            "gross_margin": 10.79,
            "gross_margin_4q_avg": 7.42,
            "net_income": 4008412,
            "net_income_4q": null,
            "revenue": 29346997,
            "revenue_4q": null,
            "common_shares": 32443143,
            "book_valuer_per_share": 17.6,
            "book_valuer_per_share_4q_avg": 16.62,
            "equity": 59239663,
            "current_ratio": 174.31,
            "debt_ratio": 33.53,
            "inventory_turnover_ratio": 1.89,
            "account_receivable_turnover_ratio": null,
            "reinvestment_rate": 17.9,
            "research_to_sale_ratio": null,
            "price_fair": 45.27,
            "eps_avg_yearly": 1.29,
            "eps_latest_yearly": 4.48,
            "eps_growth_yearly": 971.67
        },
        "20063": {
            "year_quarter": 20063,
            "year": 2006,
            "quarter": 3,
            "eps": 0.64,
            "eps_growth_year": 966.67,
            "eps_4q": 2.34,
            "eps_4q_growth_year": null,
            "roe": 3.5,
            "roe_4q": 14.690000000000001,
            "gross_profit": 3262375,
            "gross_margin": 9.28,
            "gross_margin_4q_avg": 8.49,
            "net_income": 2120747,
            "net_income_4q": null,
            "revenue": 35156787,
            "revenue_4q": null,
            "common_shares": 32443143,
            "book_valuer_per_share": 18.42,
            "book_valuer_per_share_4q_avg": 17.18,
            "equity": 62053481,
            "current_ratio": 160.27,
            "debt_ratio": 35.57,
            "inventory_turnover_ratio": 1.87,
            "account_receivable_turnover_ratio": null,
            "reinvestment_rate": 18.36,
            "research_to_sale_ratio": null,
            "price_fair": 54.91,
            "eps_avg_yearly": 1.57,
            "eps_latest_yearly": 2.56,
            "eps_growth_yearly": 993.21
        },
        "20064": {
            "year_quarter": 20064,
            "year": 2006,
            "quarter": 4,
            "eps": 0.43,
            "eps_growth_year": 126.32,
            "eps_4q": 2.88,
            "eps_4q_growth_year": 523.19,
            "roe": 2,
            "roe_4q": 15.530000000000001,
            "gross_profit": 2149851,
            "gross_margin": 5.76,
            "gross_margin_4q_avg": 8.26,
            "net_income": 1270136,
            "net_income_4q": null,
            "revenue": 37300576,
            "revenue_4q": null,
            "common_shares": 32443143,
            "book_valuer_per_share": 19.54,
            "book_valuer_per_share_4q_avg": 18.04,
            "equity": 65216279,
            "current_ratio": 194.64,
            "debt_ratio": 37.22,
            "inventory_turnover_ratio": 2.03,
            "account_receivable_turnover_ratio": null,
            "reinvestment_rate": -14.97,
            "research_to_sale_ratio": null,
            "price_fair": 55.44,
            "eps_avg_yearly": 1.58,
            "eps_latest_yearly": 1.72,
            "eps_growth_yearly": 880.76
        },
        "20071": {
            "year_quarter": 20071,
            "year": 2007,
            "quarter": 1,
            "eps": 0.31,
            "eps_growth_year": -34.04,
            "eps_4q": 2.53,
            "eps_4q_growth_year": 200.65,
            "roe": 1.49,
            "roe_4q": 13.97,
            "gross_profit": 2479915,
            "gross_margin": 7.32,
            "gross_margin_4q_avg": 8.29,
            "net_income": 979428,
            "net_income_4q": null,
            "revenue": 33873274,
            "revenue_4q": null,
            "common_shares": 32443143,
            "book_valuer_per_share": 19.94,
            "book_valuer_per_share_4q_avg": 18.88,
            "equity": 66481175,
            "current_ratio": 180.74,
            "debt_ratio": 39.28,
            "inventory_turnover_ratio": 1.77,
            "account_receivable_turnover_ratio": null,
            "reinvestment_rate": 24.65,
            "research_to_sale_ratio": null,
            "price_fair": 54.35,
            "eps_avg_yearly": 1.55,
            "eps_latest_yearly": 1.24,
            "eps_growth_yearly": 790.54
        },
        "20072": {
            "year_quarter": 20072,
            "year": 2007,
            "quarter": 2,
            "eps": 0.41,
            "eps_growth_year": -63.39,
            "eps_4q": 1.72,
            "eps_4q_growth_year": 3.86,
            "roe": 2.09,
            "roe_4q": 9.08,
            "gross_profit": 2254942,
            "gross_margin": 4.74,
            "gross_margin_4q_avg": 6.78,
            "net_income": 1365366,
            "net_income_4q": null,
            "revenue": 47544229,
            "revenue_4q": null,
            "common_shares": 32443143,
            "book_valuer_per_share": 19.31,
            "book_valuer_per_share_4q_avg": 19.3,
            "equity": 64400960,
            "current_ratio": 150.67,
            "debt_ratio": 46.21,
            "inventory_turnover_ratio": 1.98,
            "account_receivable_turnover_ratio": null,
            "reinvestment_rate": 27.33,
            "research_to_sale_ratio": null,
            "price_fair": 54.6,
            "eps_avg_yearly": 1.56,
            "eps_latest_yearly": 1.64,
            "eps_growth_yearly": 735.42
        },
        "20073": {
            "year_quarter": 20073,
            "year": 2007,
            "quarter": 3,
            "eps": -0.26,
            "eps_growth_year": -140.62,
            "eps_4q": 0.88,
            "eps_4q_growth_year": -62.61,
            "roe": -1.33,
            "roe_4q": 4.25,
            "gross_profit": -386978,
            "gross_margin": -0.97,
            "gross_margin_4q_avg": 4.21,
            "net_income": -854728,
            "net_income_4q": null,
            "revenue": 39732286,
            "revenue_4q": null,
            "common_shares": 32443143,
            "book_valuer_per_share": 19.2,
            "book_valuer_per_share_4q_avg": 19.5,
            "equity": 64074213,
            "current_ratio": 156.76,
            "debt_ratio": 43.18,
            "inventory_turnover_ratio": 1.64,
            "account_receivable_turnover_ratio": null,
            "reinvestment_rate": 31.18,
            "research_to_sale_ratio": null,
            "price_fair": 58.42,
            "eps_avg_yearly": 1.67,
            "eps_latest_yearly": 1.64,
            "eps_growth_yearly": 816.82
        },
        "20074": {
            "year_quarter": 20074,
            "year": 2007,
            "quarter": 4,
            "eps": 0.05,
            "eps_growth_year": -88.37,
            "eps_4q": 0.61,
            "eps_4q_growth_year": -78.92,
            "roe": 0.21,
            "roe_4q": 2.46,
            "gross_profit": 1946266,
            "gross_margin": 4.49,
            "gross_margin_4q_avg": 3.9,
            "net_income": 135105,
            "net_income_4q": null,
            "revenue": 43366033,
            "revenue_4q": null,
            "common_shares": 32443143,
            "book_valuer_per_share": 19.69,
            "book_valuer_per_share_4q_avg": 19.54,
            "equity": 65527950,
            "current_ratio": 144.68,
            "debt_ratio": 45.13,
            "inventory_turnover_ratio": 1.93,
            "account_receivable_turnover_ratio": null,
            "reinvestment_rate": 12.81,
            "research_to_sale_ratio": null,
            "price_fair": 58.42,
            "eps_avg_yearly": 1.67,
            "eps_latest_yearly": 1.64,
            "eps_growth_yearly": 816.82
        },
        "20081": {
            "year_quarter": 20081,
            "year": 2008,
            "quarter": 1,
            "eps": 0.17,
            "eps_growth_year": -45.16,
            "eps_4q": 0.33,
            "eps_4q_growth_year": -87.02,
            "roe": 0.94,
            "roe_4q": 1.9099999999999997,
            "gross_profit": 1756805,
            "gross_margin": 4.19,
            "gross_margin_4q_avg": 3.11,
            "net_income": 607649,
            "net_income_4q": null,
            "revenue": 41945563,
            "revenue_4q": null,
            "common_shares": 32443143,
            "book_valuer_per_share": 19.3,
            "book_valuer_per_share_4q_avg": 19.38,
            "equity": 64244674,
            "current_ratio": 139.52,
            "debt_ratio": 47.68,
            "inventory_turnover_ratio": 1.76,
            "account_receivable_turnover_ratio": null,
            "reinvestment_rate": 35.97,
            "research_to_sale_ratio": null,
            "price_fair": 55.53,
            "eps_avg_yearly": 1.59,
            "eps_latest_yearly": 0.68,
            "eps_growth_yearly": 828.75
        },
        "20082": {
            "year_quarter": 20082,
            "year": 2008,
            "quarter": 2,
            "eps": 0.18,
            "eps_growth_year": -56.1,
            "eps_4q": 0.17,
            "eps_4q_growth_year": -89.85,
            "roe": 0.7,
            "roe_4q": 0.5199999999999998,
            "gross_profit": 1898499,
            "gross_margin": 4.07,
            "gross_margin_4q_avg": 2.95,
            "net_income": 446209,
            "net_income_4q": null,
            "revenue": 46593473,
            "revenue_4q": null,
            "common_shares": 32443143,
            "book_valuer_per_share": 18.84,
            "book_valuer_per_share_4q_avg": 19.26,
            "equity": 62648713,
            "current_ratio": 150.79,
            "debt_ratio": 47.41,
            "inventory_turnover_ratio": 1.69,
            "account_receivable_turnover_ratio": null,
            "reinvestment_rate": 40.69,
            "research_to_sale_ratio": null,
            "price_fair": 52.38,
            "eps_avg_yearly": 1.5,
            "eps_latest_yearly": 0.72,
            "eps_growth_yearly": 857.38
        },
        "20083": {
            "year_quarter": 20083,
            "year": 2008,
            "quarter": 3,
            "eps": -0.28,
            "eps_growth_year": null,
            "eps_4q": 0.12,
            "eps_4q_growth_year": -86.47,
            "roe": -1.52,
            "roe_4q": 0.32999999999999985,
            "gross_profit": 633768,
            "gross_margin": 1.5,
            "gross_margin_4q_avg": 3.56,
            "net_income": -934968,
            "net_income_4q": null,
            "revenue": 42172517,
            "revenue_4q": null,
            "common_shares": 32443143,
            "book_valuer_per_share": 18.18,
            "book_valuer_per_share_4q_avg": 19,
            "equity": 60494254,
            "current_ratio": 173.39,
            "debt_ratio": 44.69,
            "inventory_turnover_ratio": 1.65,
            "account_receivable_turnover_ratio": null,
            "reinvestment_rate": 56.57,
            "research_to_sale_ratio": null,
            "price_fair": 53.33,
            "eps_avg_yearly": 1.52,
            "eps_latest_yearly": 0.72,
            "eps_growth_yearly": 947.44
        },
        "20084": {
            "year_quarter": 20084,
            "year": 2008,
            "quarter": 4,
            "eps": -1.64,
            "eps_growth_year": -3380,
            "eps_4q": -1.44,
            "eps_4q_growth_year": -337.8,
            "roe": -9.76,
            "roe_4q": -9.64,
            "gross_profit": -1500242,
            "gross_margin": -5.67,
            "gross_margin_4q_avg": 1.02,
            "net_income": -5565705,
            "net_income_4q": null,
            "revenue": 26468954,
            "revenue_4q": null,
            "common_shares": 32063244,
            "book_valuer_per_share": 16.36,
            "book_valuer_per_share_4q_avg": 18.17,
            "equity": 53602417,
            "current_ratio": 107.09,
            "debt_ratio": 44.99,
            "inventory_turnover_ratio": 1.5,
            "account_receivable_turnover_ratio": null,
            "reinvestment_rate": 129.45,
            "research_to_sale_ratio": null,
            "price_fair": 53.33,
            "eps_avg_yearly": 1.52,
            "eps_latest_yearly": 0.72,
            "eps_growth_yearly": 947.44
        },
        "20091": {
            "year_quarter": 20091,
            "year": 2009,
            "quarter": 1,
            "eps": 0.02,
            "eps_growth_year": -88.24,
            "eps_4q": -0.25,
            "eps_4q_growth_year": -175.9,
            "roe": 0.8,
            "roe_4q": -9.78,
            "gross_profit": 2622325,
            "gross_margin": 11.82,
            "gross_margin_4q_avg": 2.93,
            "net_income": 440032,
            "net_income_4q": null,
            "revenue": 22192950,
            "revenue_4q": null,
            "common_shares": 31792004,
            "book_valuer_per_share": 17.2,
            "book_valuer_per_share_4q_avg": 17.65,
            "equity": 56262109,
            "current_ratio": 111.07,
            "debt_ratio": 41.42,
            "inventory_turnover_ratio": 1.34,
            "account_receivable_turnover_ratio": 5.71,
            "reinvestment_rate": 130.27,
            "research_to_sale_ratio": null,
            "price_fair": 53.33,
            "eps_avg_yearly": 1.52,
            "eps_latest_yearly": 0.72,
            "eps_growth_yearly": 947.44
        },
        "20092": {
            "year_quarter": 20092,
            "year": 2009,
            "quarter": 2,
            "eps": 0.24,
            "eps_growth_year": 33.33,
            "eps_4q": -1.31,
            "eps_4q_growth_year": -851.27,
            "roe": 1.73,
            "roe_4q": -8.75,
            "gross_profit": 2474047,
            "gross_margin": 7.41,
            "gross_margin_4q_avg": 3.77,
            "net_income": 971114,
            "net_income_4q": null,
            "revenue": 33376307,
            "revenue_4q": null,
            "common_shares": 31792004,
            "book_valuer_per_share": 17.16,
            "book_valuer_per_share_4q_avg": 17.23,
            "equity": 56323561,
            "current_ratio": 213.12,
            "debt_ratio": 41.21,
            "inventory_turnover_ratio": 1.85,
            "account_receivable_turnover_ratio": 3.92,
            "reinvestment_rate": 128.69,
            "research_to_sale_ratio": null,
            "price_fair": 53.71,
            "eps_avg_yearly": 1.53,
            "eps_latest_yearly": 0.96,
            "eps_growth_yearly": 620.17
        },
        "20093": {
            "year_quarter": 20093,
            "year": 2009,
            "quarter": 3,
            "eps": 0.2,
            "eps_growth_year": null,
            "eps_4q": -1.09,
            "eps_4q_growth_year": -1019.34,
            "roe": 1.24,
            "roe_4q": -5.99,
            "gross_profit": 2734124,
            "gross_margin": 7.23,
            "gross_margin_4q_avg": 5.2,
            "net_income": 696799,
            "net_income_4q": null,
            "revenue": 37821753,
            "revenue_4q": null,
            "common_shares": 31192004,
            "book_valuer_per_share": 17.52,
            "book_valuer_per_share_4q_avg": 17.06,
            "equity": 56522063,
            "current_ratio": 182.61,
            "debt_ratio": 45.99,
            "inventory_turnover_ratio": 1.61,
            "account_receivable_turnover_ratio": 4.05,
            "reinvestment_rate": 123.55,
            "research_to_sale_ratio": null,
            "price_fair": 55.49,
            "eps_avg_yearly": 1.59,
            "eps_latest_yearly": 0.8,
            "eps_growth_yearly": 640.08
        },
        "20094": {
            "year_quarter": 20094,
            "year": 2009,
            "quarter": 4,
            "eps": 0,
            "eps_growth_year": null,
            "eps_4q": 0.32,
            "eps_4q_growth_year": null,
            "roe": 0.02,
            "roe_4q": 3.79,
            "gross_profit": 1849615,
            "gross_margin": 4.67,
            "gross_margin_4q_avg": 7.78,
            "net_income": 10579,
            "net_income_4q": null,
            "revenue": 39567803,
            "revenue_4q": null,
            "common_shares": 30692004,
            "book_valuer_per_share": 18.12,
            "book_valuer_per_share_4q_avg": 17.5,
            "equity": 57218128,
            "current_ratio": 197.12,
            "debt_ratio": 46.4,
            "inventory_turnover_ratio": 1.41,
            "account_receivable_turnover_ratio": 4.12,
            "reinvestment_rate": 132.9,
            "research_to_sale_ratio": null,
            "price_fair": 58.38,
            "eps_avg_yearly": 1.67,
            "eps_latest_yearly": 0.8,
            "eps_growth_yearly": 617.43
        },
        "20101": {
            "year_quarter": 20101,
            "year": 2010,
            "quarter": 1,
            "eps": 0.38,
            "eps_growth_year": 1800,
            "eps_4q": 0.84,
            "eps_4q_growth_year": null,
            "roe": 2.16,
            "roe_4q": 5.15,
            "gross_profit": 2255996,
            "gross_margin": 5,
            "gross_margin_4q_avg": 6.08,
            "net_income": 1245378,
            "net_income_4q": null,
            "revenue": 45159991,
            "revenue_4q": null,
            "common_shares": 30692004,
            "book_valuer_per_share": 18.66,
            "book_valuer_per_share_4q_avg": 17.87,
            "equity": 57898532,
            "current_ratio": 174.07,
            "debt_ratio": 47.94,
            "inventory_turnover_ratio": 1.46,
            "account_receivable_turnover_ratio": 7.13,
            "reinvestment_rate": 515.31,
            "research_to_sale_ratio": 0.28,
            "price_fair": 57.56,
            "eps_avg_yearly": 1.64,
            "eps_latest_yearly": 0.8,
            "eps_growth_yearly": 620.53
        },
        "20102": {
            "year_quarter": 20102,
            "year": 2010,
            "quarter": 2,
            "eps": 0.37,
            "eps_growth_year": 52.74,
            "eps_4q": 0.97,
            "eps_4q_growth_year": null,
            "roe": 1.98,
            "roe_4q": 5.4,
            "gross_profit": 1355768,
            "gross_margin": 2.71,
            "gross_margin_4q_avg": 4.9,
            "net_income": 1152681,
            "net_income_4q": null,
            "revenue": 49979297,
            "revenue_4q": null,
            "common_shares": 30692004,
            "book_valuer_per_share": 19.05,
            "book_valuer_per_share_4q_avg": 18.34,
            "equity": 58634343,
            "current_ratio": 165.85,
            "debt_ratio": 49.25,
            "inventory_turnover_ratio": 1.65,
            "account_receivable_turnover_ratio": 3.64,
            "reinvestment_rate": 1013.24,
            "research_to_sale_ratio": 0.1,
            "price_fair": 45.89,
            "eps_avg_yearly": 1.31,
            "eps_latest_yearly": 1.48,
            "eps_growth_yearly": 557.9
        },
        "20103": {
            "year_quarter": 20103,
            "year": 2010,
            "quarter": 3,
            "eps": 0.38,
            "eps_growth_year": 87.81,
            "eps_4q": 1.13,
            "eps_4q_growth_year": null,
            "roe": 1.85,
            "roe_4q": 6.01,
            "gross_profit": 2391013,
            "gross_margin": 4.97,
            "gross_margin_4q_avg": 4.34,
            "net_income": 1090573,
            "net_income_4q": null,
            "revenue": 48125524,
            "revenue_4q": null,
            "common_shares": 30692004,
            "book_valuer_per_share": 19.24,
            "book_valuer_per_share_4q_avg": 18.77,
            "equity": 59129207,
            "current_ratio": 156.52,
            "debt_ratio": 49.78,
            "inventory_turnover_ratio": 1.53,
            "account_receivable_turnover_ratio": 3.39,
            "reinvestment_rate": 1484.03,
            "research_to_sale_ratio": 0.1,
            "price_fair": 41.84,
            "eps_avg_yearly": 1.2,
            "eps_latest_yearly": 1.52,
            "eps_growth_yearly": 578.14
        },
        "20104": {
            "year_quarter": 20104,
            "year": 2010,
            "quarter": 4,
            "eps": 0.4,
            "eps_growth_year": null,
            "eps_4q": 1.35,
            "eps_4q_growth_year": 324.68,
            "roe": 2.35,
            "roe_4q": 8.34,
            "gross_profit": 2654463,
            "gross_margin": 5.66,
            "gross_margin_4q_avg": 4.59,
            "net_income": 1479100,
            "net_income_4q": null,
            "revenue": 46886974,
            "revenue_4q": null,
            "common_shares": 36148908,
            "book_valuer_per_share": 18.5,
            "book_valuer_per_share_4q_avg": 18.86,
            "equity": 67006254,
            "current_ratio": 164.13,
            "debt_ratio": 47.24,
            "inventory_turnover_ratio": 1.34,
            "account_receivable_turnover_ratio": 3.28,
            "reinvestment_rate": 1462.65,
            "research_to_sale_ratio": 0.26,
            "price_fair": 41.38,
            "eps_avg_yearly": 1.18,
            "eps_latest_yearly": 1.6,
            "eps_growth_yearly": 595.07
        },
        "20111": {
            "year_quarter": 20111,
            "year": 2011,
            "quarter": 1,
            "eps": 0.08,
            "eps_growth_year": -78.95,
            "eps_4q": 1.09,
            "eps_4q_growth_year": 29.82,
            "roe": 0.4,
            "roe_4q": 6.58,
            "gross_profit": 2676892,
            "gross_margin": 5.46,
            "gross_margin_4q_avg": 4.7,
            "net_income": 267671,
            "net_income_4q": null,
            "revenue": 49025717,
            "revenue_4q": null,
            "common_shares": 36154455,
            "book_valuer_per_share": 18.55,
            "book_valuer_per_share_4q_avg": 18.84,
            "equity": 67752512,
            "current_ratio": 156.97,
            "debt_ratio": 50.31,
            "inventory_turnover_ratio": 1.27,
            "account_receivable_turnover_ratio": 3.11,
            "reinvestment_rate": 2134.78,
            "research_to_sale_ratio": 0.31,
            "price_fair": 37.8,
            "eps_avg_yearly": 1.08,
            "eps_latest_yearly": 0.32,
            "eps_growth_yearly": 571.91
        },
        "20112": {
            "year_quarter": 20112,
            "year": 2011,
            "quarter": 2,
            "eps": -0,
            "eps_growth_year": -101.1,
            "eps_4q": 0.78,
            "eps_4q_growth_year": -18.95,
            "roe": -0,
            "roe_4q": 4.6,
            "gross_profit": 919614,
            "gross_margin": 1.82,
            "gross_margin_4q_avg": 4.48,
            "net_income": -2526,
            "net_income_4q": null,
            "revenue": 50564280,
            "revenue_4q": null,
            "common_shares": 36160002,
            "book_valuer_per_share": 17.81,
            "book_valuer_per_share_4q_avg": 18.53,
            "equity": 65097330,
            "current_ratio": 151.9,
            "debt_ratio": 50.24,
            "inventory_turnover_ratio": 1.47,
            "account_receivable_turnover_ratio": 2.93,
            "reinvestment_rate": 11040.26,
            "research_to_sale_ratio": 0.35,
            "price_fair": 35.35,
            "eps_avg_yearly": 1.01,
            "eps_latest_yearly": 0.32,
            "eps_growth_yearly": 627.27
        },
        "20113": {
            "year_quarter": 20113,
            "year": 2011,
            "quarter": 3,
            "eps": 0.12,
            "eps_growth_year": -67.85,
            "eps_4q": 0.59,
            "eps_4q_growth_year": -48.05,
            "roe": 0.73,
            "roe_4q": 3.48,
            "gross_profit": 545533,
            "gross_margin": 1.14,
            "gross_margin_4q_avg": 3.52,
            "net_income": 480629,
            "net_income_4q": null,
            "revenue": 47732929,
            "revenue_4q": null,
            "common_shares": 36160002,
            "book_valuer_per_share": 18.07,
            "book_valuer_per_share_4q_avg": 18.23,
            "equity": 66092180,
            "current_ratio": 186.7,
            "debt_ratio": 50.24,
            "inventory_turnover_ratio": 1.57,
            "account_receivable_turnover_ratio": 2.43,
            "reinvestment_rate": 2137.58,
            "research_to_sale_ratio": 0.51,
            "price_fair": 35.35,
            "eps_avg_yearly": 1.01,
            "eps_latest_yearly": 0.32,
            "eps_growth_yearly": 627.27
        },
        "20114": {
            "year_quarter": 20114,
            "year": 2011,
            "quarter": 4,
            "eps": -1.39,
            "eps_growth_year": -450.72,
            "eps_4q": -1.2,
            "eps_4q_growth_year": -188.79,
            "roe": -7.57,
            "roe_4q": -6.4399999999999995,
            "gross_profit": 1189217,
            "gross_margin": 2.79,
            "gross_margin_4q_avg": 2.8,
            "net_income": -4938400,
            "net_income_4q": null,
            "revenue": 42570291,
            "revenue_4q": null,
            "common_shares": 36160002,
            "book_valuer_per_share": 17.57,
            "book_valuer_per_share_4q_avg": 18,
            "equity": 64381165,
            "current_ratio": 112.69,
            "debt_ratio": 48.95,
            "inventory_turnover_ratio": 1.38,
            "account_receivable_turnover_ratio": 2.2,
            "reinvestment_rate": null,
            "research_to_sale_ratio": 0.76,
            "price_fair": 35.35,
            "eps_avg_yearly": 1.01,
            "eps_latest_yearly": 0.32,
            "eps_growth_yearly": 627.27
        },
        "20121": {
            "year_quarter": 20121,
            "year": 2012,
            "quarter": 1,
            "eps": -0.19,
            "eps_growth_year": -337.5,
            "eps_4q": -1.47,
            "eps_4q_growth_year": -234.24,
            "roe": -1.06,
            "roe_4q": -7.9,
            "gross_profit": 1476116,
            "gross_margin": 3.9,
            "gross_margin_4q_avg": 2.41,
            "net_income": -679125,
            "net_income_4q": null,
            "revenue": 37852730,
            "revenue_4q": null,
            "common_shares": 36160002,
            "book_valuer_per_share": 17.42,
            "book_valuer_per_share_4q_avg": 17.72,
            "equity": 63638962,
            "current_ratio": 110.29,
            "debt_ratio": 48.18,
            "inventory_turnover_ratio": 1.21,
            "account_receivable_turnover_ratio": 2.34,
            "reinvestment_rate": null,
            "research_to_sale_ratio": 0.41,
            "price_fair": 37,
            "eps_avg_yearly": 1.06,
            "eps_latest_yearly": 0.32,
            "eps_growth_yearly": 579.74
        },
        "20122": {
            "year_quarter": 20122,
            "year": 2012,
            "quarter": 2,
            "eps": -0.18,
            "eps_growth_year": null,
            "eps_4q": -1.64,
            "eps_4q_growth_year": -309.86,
            "roe": -0.93,
            "roe_4q": -8.83,
            "gross_profit": 1121601,
            "gross_margin": 2.78,
            "gross_margin_4q_avg": 2.65,
            "net_income": -585081,
            "net_income_4q": null,
            "revenue": 40414614,
            "revenue_4q": null,
            "common_shares": 36160002,
            "book_valuer_per_share": 17.16,
            "book_valuer_per_share_4q_avg": 17.56,
            "equity": 62793485,
            "current_ratio": 135.01,
            "debt_ratio": 46.38,
            "inventory_turnover_ratio": 1.4,
            "account_receivable_turnover_ratio": 2.51,
            "reinvestment_rate": null,
            "research_to_sale_ratio": 0.26,
            "price_fair": 38.97,
            "eps_avg_yearly": 1.11,
            "eps_latest_yearly": 0.32,
            "eps_growth_yearly": 672.45
        },
        "20123": {
            "year_quarter": 20123,
            "year": 2012,
            "quarter": 3,
            "eps": -0.66,
            "eps_growth_year": -643.13,
            "eps_4q": -2.42,
            "eps_4q_growth_year": -511.18,
            "roe": -3.81,
            "roe_4q": -13.370000000000001,
            "gross_profit": 1166305,
            "gross_margin": 3.19,
            "gross_margin_4q_avg": 3.17,
            "net_income": -2331451,
            "net_income_4q": null,
            "revenue": 36530477,
            "revenue_4q": null,
            "common_shares": 36160002,
            "book_valuer_per_share": 16.25,
            "book_valuer_per_share_4q_avg": 17.1,
            "equity": 59544209,
            "current_ratio": 151.69,
            "debt_ratio": 45.92,
            "inventory_turnover_ratio": 1.4,
            "account_receivable_turnover_ratio": 2.27,
            "reinvestment_rate": null,
            "research_to_sale_ratio": 0.27,
            "price_fair": 38.97,
            "eps_avg_yearly": 1.11,
            "eps_latest_yearly": 0.32,
            "eps_growth_yearly": 672.45
        },
        "20124": {
            "year_quarter": 20124,
            "year": 2012,
            "quarter": 4,
            "eps": 0.09,
            "eps_growth_year": null,
            "eps_4q": -0.96,
            "eps_4q_growth_year": null,
            "roe": 0.54,
            "roe_4q": -5.26,
            "gross_profit": 3770955,
            "gross_margin": 8.84,
            "gross_margin_4q_avg": 4.68,
            "net_income": 328901,
            "net_income_4q": null,
            "revenue": 42642658,
            "revenue_4q": null,
            "common_shares": 36160002,
            "book_valuer_per_share": 16.65,
            "book_valuer_per_share_4q_avg": 16.87,
            "equity": 62092945,
            "current_ratio": 198.31,
            "debt_ratio": 42.93,
            "inventory_turnover_ratio": 1.67,
            "account_receivable_turnover_ratio": 2.65,
            "reinvestment_rate": null,
            "research_to_sale_ratio": 0.22,
            "price_fair": 38.97,
            "eps_avg_yearly": 1.11,
            "eps_latest_yearly": 0.32,
            "eps_growth_yearly": 672.45
        },
        "20131": {
            "year_quarter": 20131,
            "year": 2013,
            "quarter": 1,
            "eps": 0.02,
            "eps_growth_year": null,
            "eps_4q": -0.74,
            "eps_4q_growth_year": null,
            "roe": 0.3,
            "roe_4q": -3.9,
            "gross_profit": 1064119,
            "gross_margin": 3.09,
            "gross_margin_4q_avg": 4.48,
            "net_income": 189218,
            "net_income_4q": null,
            "revenue": 34450923,
            "revenue_4q": null,
            "common_shares": 36160002,
            "book_valuer_per_share": 17.06,
            "book_valuer_per_share_4q_avg": 16.78,
            "equity": 63808908,
            "current_ratio": 202.79,
            "debt_ratio": 44.27,
            "inventory_turnover_ratio": 1.51,
            "account_receivable_turnover_ratio": 2.06,
            "reinvestment_rate": null,
            "research_to_sale_ratio": 0.2,
            "price_fair": 33.8,
            "eps_avg_yearly": 0.97,
            "eps_latest_yearly": 0.08,
            "eps_growth_yearly": 531.94
        },
        "20132": {
            "year_quarter": 20132,
            "year": 2013,
            "quarter": 2,
            "eps": 0.08,
            "eps_growth_year": null,
            "eps_4q": -0.48,
            "eps_4q_growth_year": null,
            "roe": 0.58,
            "roe_4q": -2.39,
            "gross_profit": 857656,
            "gross_margin": 2.23,
            "gross_margin_4q_avg": 4.34,
            "net_income": 382525,
            "net_income_4q": null,
            "revenue": 38460402,
            "revenue_4q": null,
            "common_shares": 35760002,
            "book_valuer_per_share": 18.06,
            "book_valuer_per_share_4q_avg": 17.01,
            "equity": 67780753,
            "current_ratio": 209.49,
            "debt_ratio": 41.35,
            "inventory_turnover_ratio": 1.77,
            "account_receivable_turnover_ratio": 2.33,
            "reinvestment_rate": null,
            "research_to_sale_ratio": 0.32,
            "price_fair": 30.6,
            "eps_avg_yearly": 0.87,
            "eps_latest_yearly": 0.32,
            "eps_growth_yearly": 74.79
        },
        "20133": {
            "year_quarter": 20133,
            "year": 2013,
            "quarter": 3,
            "eps": 0.12,
            "eps_growth_year": null,
            "eps_4q": 0.32,
            "eps_4q_growth_year": null,
            "roe": 0.67,
            "roe_4q": 2.09,
            "gross_profit": 1354388,
            "gross_margin": 3.74,
            "gross_margin_4q_avg": 4.48,
            "net_income": 454150,
            "net_income_4q": null,
            "revenue": 36212529,
            "revenue_4q": null,
            "common_shares": 35760002,
            "book_valuer_per_share": 18.02,
            "book_valuer_per_share_4q_avg": 17.45,
            "equity": 68071156,
            "current_ratio": 152.7,
            "debt_ratio": 40.73,
            "inventory_turnover_ratio": 1.71,
            "account_receivable_turnover_ratio": 2.08,
            "reinvestment_rate": null,
            "research_to_sale_ratio": 0.14,
            "price_fair": 29,
            "eps_avg_yearly": 0.83,
            "eps_latest_yearly": 0.48,
            "eps_growth_yearly": 112.89
        },
        "20134": {
            "year_quarter": 20134,
            "year": 2013,
            "quarter": 4,
            "eps": -0.97,
            "eps_growth_year": -1152.07,
            "eps_4q": -0.75,
            "eps_4q_growth_year": null,
            "roe": -5.31,
            "roe_4q": -3.76,
            "gross_profit": 1413317,
            "gross_margin": 3.58,
            "gross_margin_4q_avg": 3.16,
            "net_income": -3457315,
            "net_income_4q": null,
            "revenue": 39511103,
            "revenue_4q": null,
            "common_shares": 35760002,
            "book_valuer_per_share": 16.77,
            "book_valuer_per_share_4q_avg": 17.48,
            "equity": 62197277,
            "current_ratio": 147.41,
            "debt_ratio": 45.16,
            "inventory_turnover_ratio": 1.85,
            "account_receivable_turnover_ratio": 2.23,
            "reinvestment_rate": null,
            "research_to_sale_ratio": 0.06,
            "price_fair": 29,
            "eps_avg_yearly": 0.83,
            "eps_latest_yearly": 0.48,
            "eps_growth_yearly": 112.89
        },
        "20141": {
            "year_quarter": 20141,
            "year": 2014,
            "quarter": 1,
            "eps": -0.05,
            "eps_growth_year": -350,
            "eps_4q": -0.82,
            "eps_4q_growth_year": null,
            "roe": -0.31,
            "roe_4q": -4.369999999999999,
            "gross_profit": 1170813,
            "gross_margin": 3.16,
            "gross_margin_4q_avg": 3.18,
            "net_income": -190972,
            "net_income_4q": null,
            "revenue": 37069680,
            "revenue_4q": null,
            "common_shares": 35760002,
            "book_valuer_per_share": 16.93,
            "book_valuer_per_share_4q_avg": 17.45,
            "equity": 62632298,
            "current_ratio": 144.59,
            "debt_ratio": 46.87,
            "inventory_turnover_ratio": 1.67,
            "account_receivable_turnover_ratio": 2,
            "reinvestment_rate": null,
            "research_to_sale_ratio": 0.06,
            "price_fair": 29,
            "eps_avg_yearly": 0.83,
            "eps_latest_yearly": 0.48,
            "eps_growth_yearly": 112.89
        },
        "20142": {
            "year_quarter": 20142,
            "year": 2014,
            "quarter": 2,
            "eps": 0.19,
            "eps_growth_year": 137.5,
            "eps_4q": -0.72,
            "eps_4q_growth_year": null,
            "roe": 1.28,
            "roe_4q": -3.67,
            "gross_profit": 2318332,
            "gross_margin": 5.39,
            "gross_margin_4q_avg": 3.97,
            "net_income": 803108,
            "net_income_4q": null,
            "revenue": 42977875,
            "revenue_4q": null,
            "common_shares": 35760002,
            "book_valuer_per_share": 17.19,
            "book_valuer_per_share_4q_avg": 17.23,
            "equity": 63271143,
            "current_ratio": 184.19,
            "debt_ratio": 47.07,
            "inventory_turnover_ratio": 1.74,
            "account_receivable_turnover_ratio": 2.21,
            "reinvestment_rate": null,
            "research_to_sale_ratio": 0.06,
            "price_fair": 25.2,
            "eps_avg_yearly": 0.72,
            "eps_latest_yearly": 0.48,
            "eps_growth_yearly": 133.46
        },
        "20143": {
            "year_quarter": 20143,
            "year": 2014,
            "quarter": 3,
            "eps": 0.45,
            "eps_growth_year": 275,
            "eps_4q": -0.39,
            "eps_4q_growth_year": -223,
            "roe": 2.66,
            "roe_4q": -1.6799999999999993,
            "gross_profit": 2824380,
            "gross_margin": 6.52,
            "gross_margin_4q_avg": 4.66,
            "net_income": 1696439,
            "net_income_4q": null,
            "revenue": 43303025,
            "revenue_4q": null,
            "common_shares": 35760002,
            "book_valuer_per_share": 17.41,
            "book_valuer_per_share_4q_avg": 17.08,
            "equity": 64211030,
            "current_ratio": 220.96,
            "debt_ratio": 44.2,
            "inventory_turnover_ratio": 1.63,
            "account_receivable_turnover_ratio": 2.32,
            "reinvestment_rate": null,
            "research_to_sale_ratio": 0.05,
            "price_fair": 26.83,
            "eps_avg_yearly": 0.77,
            "eps_latest_yearly": 1.8,
            "eps_growth_yearly": 222.88
        },
        "20144": {
            "year_quarter": 20144,
            "year": 2014,
            "quarter": 4,
            "eps": 0.05,
            "eps_growth_year": null,
            "eps_4q": 0.64,
            "eps_4q_growth_year": null,
            "roe": 0.35,
            "roe_4q": 3.98,
            "gross_profit": 1249734,
            "gross_margin": 3.15,
            "gross_margin_4q_avg": 4.56,
            "net_income": 226957,
            "net_income_4q": null,
            "revenue": 39636804,
            "revenue_4q": null,
            "common_shares": 35760002,
            "book_valuer_per_share": 17.91,
            "book_valuer_per_share_4q_avg": 17.36,
            "equity": 65414961,
            "current_ratio": 261.07,
            "debt_ratio": 39.85,
            "inventory_turnover_ratio": 1.61,
            "account_receivable_turnover_ratio": 2.32,
            "reinvestment_rate": null,
            "research_to_sale_ratio": 0.06,
            "price_fair": 18.67,
            "eps_avg_yearly": 0.53,
            "eps_latest_yearly": 0.2,
            "eps_growth_yearly": 160.12
        },
        "20151": {
            "year_quarter": 20151,
            "year": 2015,
            "quarter": 1,
            "eps": -0.06,
            "eps_growth_year": null,
            "eps_4q": 0.63,
            "eps_4q_growth_year": null,
            "roe": -0.3,
            "roe_4q": 3.99,
            "gross_profit": 933986,
            "gross_margin": 2.58,
            "gross_margin_4q_avg": 4.41,
            "net_income": -196677,
            "net_income_4q": null,
            "revenue": 36241151,
            "revenue_4q": null,
            "common_shares": 35760002,
            "book_valuer_per_share": 17.55,
            "book_valuer_per_share_4q_avg": 17.52,
            "equity": 64125788,
            "current_ratio": 228.76,
            "debt_ratio": 40.72,
            "inventory_turnover_ratio": 1.57,
            "account_receivable_turnover_ratio": 2.13,
            "reinvestment_rate": null,
            "research_to_sale_ratio": 0.08,
            "price_fair": 20.16,
            "eps_avg_yearly": 0.58,
            "eps_latest_yearly": 0.2,
            "eps_growth_yearly": 256.14
        },
        "20152": {
            "year_quarter": 20152,
            "year": 2015,
            "quarter": 2,
            "eps": 0.2,
            "eps_growth_year": 5.26,
            "eps_4q": 0.65,
            "eps_4q_growth_year": null,
            "roe": 1.17,
            "roe_4q": 3.88,
            "gross_profit": 1636814,
            "gross_margin": 4.13,
            "gross_margin_4q_avg": 4.1,
            "net_income": 743420,
            "net_income_4q": null,
            "revenue": 39608167,
            "revenue_4q": null,
            "common_shares": 35760002,
            "book_valuer_per_share": 17.36,
            "book_valuer_per_share_4q_avg": 17.56,
            "equity": 62732264,
            "current_ratio": 156.88,
            "debt_ratio": 41.46,
            "inventory_turnover_ratio": 1.76,
            "account_receivable_turnover_ratio": 2.4,
            "reinvestment_rate": null,
            "research_to_sale_ratio": 0.06,
            "price_fair": 20.16,
            "eps_avg_yearly": 0.58,
            "eps_latest_yearly": 0.2,
            "eps_growth_yearly": 256.14
        },
        "20153": {
            "year_quarter": 20153,
            "year": 2015,
            "quarter": 3,
            "eps": 0.19,
            "eps_growth_year": -57.78,
            "eps_4q": 0.39,
            "eps_4q_growth_year": null,
            "roe": 1.06,
            "roe_4q": 2.28,
            "gross_profit": 1366579,
            "gross_margin": 3.79,
            "gross_margin_4q_avg": 3.41,
            "net_income": 673604,
            "net_income_4q": null,
            "revenue": 36050838,
            "revenue_4q": null,
            "common_shares": 35760002,
            "book_valuer_per_share": 17.69,
            "book_valuer_per_share_4q_avg": 17.63,
            "equity": 63861304,
            "current_ratio": 291.14,
            "debt_ratio": 39.81,
            "inventory_turnover_ratio": 1.6,
            "account_receivable_turnover_ratio": 2.29,
            "reinvestment_rate": null,
            "research_to_sale_ratio": 0.02,
            "price_fair": 21.23,
            "eps_avg_yearly": 0.61,
            "eps_latest_yearly": 0.76,
            "eps_growth_yearly": 210.12
        },
        "20154": {
            "year_quarter": 20154,
            "year": 2015,
            "quarter": 4,
            "eps": 0.12,
            "eps_growth_year": 141.69,
            "eps_4q": 0.46,
            "eps_4q_growth_year": -28.47,
            "roe": 0.8,
            "roe_4q": 2.7300000000000004,
            "gross_profit": 1872176,
            "gross_margin": 5,
            "gross_margin_4q_avg": 3.88,
            "net_income": 507785,
            "net_income_4q": null,
            "revenue": 37437959,
            "revenue_4q": null,
            "common_shares": 35760002,
            "book_valuer_per_share": 17.59,
            "book_valuer_per_share_4q_avg": 17.55,
            "equity": 63568459,
            "current_ratio": 299.79,
            "debt_ratio": 39.28,
            "inventory_turnover_ratio": 1.58,
            "account_receivable_turnover_ratio": 2.36,
            "reinvestment_rate": null,
            "research_to_sale_ratio": 0.02,
            "price_fair": 20.6,
            "eps_avg_yearly": 0.59,
            "eps_latest_yearly": 0.48,
            "eps_growth_yearly": 159.05
        },
        "20161": {
            "year_quarter": 20161,
            "year": 2016,
            "quarter": 1,
            "eps": 0.26,
            "eps_growth_year": null,
            "eps_4q": 0.77,
            "eps_4q_growth_year": 21.75,
            "roe": 1.5,
            "roe_4q": 4.529999999999999,
            "gross_profit": 2141586,
            "gross_margin": 6.71,
            "gross_margin_4q_avg": 4.91,
            "net_income": 958633,
            "net_income_4q": null,
            "revenue": 31928919,
            "revenue_4q": null,
            "common_shares": 35760002,
            "book_valuer_per_share": 17.85,
            "book_valuer_per_share_4q_avg": 17.62,
            "equity": 64484853,
            "current_ratio": 297.74,
            "debt_ratio": 37.07,
            "inventory_turnover_ratio": 1.32,
            "account_receivable_turnover_ratio": 2.1,
            "reinvestment_rate": null,
            "research_to_sale_ratio": 0.02,
            "price_fair": 22.58,
            "eps_avg_yearly": 0.65,
            "eps_latest_yearly": 1.04,
            "eps_growth_yearly": 197.5
        },
        "20162": {
            "year_quarter": 20162,
            "year": 2016,
            "quarter": 2,
            "eps": 0.3,
            "eps_growth_year": 50,
            "eps_4q": 0.88,
            "eps_4q_growth_year": 35.35,
            "roe": 1.71,
            "roe_4q": 5.07,
            "gross_profit": 2610155,
            "gross_margin": 7.29,
            "gross_margin_4q_avg": 5.7,
            "net_income": 1092654,
            "net_income_4q": null,
            "revenue": 35813886,
            "revenue_4q": null,
            "common_shares": 35760002,
            "book_valuer_per_share": 17.9,
            "book_valuer_per_share_4q_avg": 17.76,
            "equity": 63540600,
            "current_ratio": 231.95,
            "debt_ratio": 41.81,
            "inventory_turnover_ratio": 1.44,
            "account_receivable_turnover_ratio": 2.45,
            "reinvestment_rate": -1571.76,
            "research_to_sale_ratio": 0.02,
            "price_fair": 24.73,
            "eps_avg_yearly": 0.71,
            "eps_latest_yearly": 1.2,
            "eps_growth_yearly": 182.39
        },
        "20163": {
            "year_quarter": 20163,
            "year": 2016,
            "quarter": 3,
            "eps": 0.42,
            "eps_growth_year": 121.05,
            "eps_4q": 1.14,
            "eps_4q_growth_year": 194.64,
            "roe": 2.35,
            "roe_4q": 6.36,
            "gross_profit": 2662584,
            "gross_margin": 7.27,
            "gross_margin_4q_avg": 6.57,
            "net_income": 1494898,
            "net_income_4q": null,
            "revenue": 36635685,
            "revenue_4q": null,
            "common_shares": 35160002,
            "book_valuer_per_share": 18.57,
            "book_valuer_per_share_4q_avg": 17.98,
            "equity": 63590321,
            "current_ratio": 168.78,
            "debt_ratio": 43.28,
            "inventory_turnover_ratio": 1.45,
            "account_receivable_turnover_ratio": 2.69,
            "reinvestment_rate": -248.5,
            "research_to_sale_ratio": 0.03,
            "price_fair": 28.14,
            "eps_avg_yearly": 0.8,
            "eps_latest_yearly": 1.68,
            "eps_growth_yearly": 180.15
        },
        "20164": {
            "year_quarter": 20164,
            "year": 2016,
            "quarter": 4,
            "eps": 0.36,
            "eps_growth_year": 199.45,
            "eps_4q": 1.37,
            "eps_4q_growth_year": 200.63,
            "roe": 2.01,
            "roe_4q": 7.569999999999999,
            "gross_profit": 2149116,
            "gross_margin": 5.51,
            "gross_margin_4q_avg": 6.7,
            "net_income": 1292318,
            "net_income_4q": null,
            "revenue": 38976751,
            "revenue_4q": null,
            "common_shares": 33960002,
            "book_valuer_per_share": 19.05,
            "book_valuer_per_share_4q_avg": 18.34,
            "equity": 65282005,
            "current_ratio": 171.06,
            "debt_ratio": 42.82,
            "inventory_turnover_ratio": 1.45,
            "account_receivable_turnover_ratio": 2.91,
            "reinvestment_rate": -183.85,
            "research_to_sale_ratio": 0.03,
            "price_fair": 30.16,
            "eps_avg_yearly": 0.86,
            "eps_latest_yearly": 1.44,
            "eps_growth_yearly": 158.58
        },
        "20171": {
            "year_quarter": 20171,
            "year": 2017,
            "quarter": 1,
            "eps": 0.26,
            "eps_growth_year": 0,
            "eps_4q": 1.36,
            "eps_4q_growth_year": 76.12,
            "roe": 1.31,
            "roe_4q": 7.38,
            "gross_profit": 2140098,
            "gross_margin": 5.71,
            "gross_margin_4q_avg": 6.45,
            "net_income": 851403,
            "net_income_4q": null,
            "revenue": 37480713,
            "revenue_4q": null,
            "common_shares": 33960002,
            "book_valuer_per_share": 19.06,
            "book_valuer_per_share_4q_avg": 18.65,
            "equity": 65193080,
            "current_ratio": 174.46,
            "debt_ratio": 41.64,
            "inventory_turnover_ratio": 1.31,
            "account_receivable_turnover_ratio": 2.9,
            "reinvestment_rate": -33.59,
            "research_to_sale_ratio": 0.03,
            "price_fair": 33.22,
            "eps_avg_yearly": 0.95,
            "eps_latest_yearly": 1.04,
            "eps_growth_yearly": 176.76
        },
        "20172": {
            "year_quarter": 20172,
            "year": 2017,
            "quarter": 2,
            "eps": 0.2,
            "eps_growth_year": -33.33,
            "eps_4q": 1.24,
            "eps_4q_growth_year": 40.37,
            "roe": 1.04,
            "roe_4q": 6.709999999999999,
            "gross_profit": 1580734,
            "gross_margin": 4.13,
            "gross_margin_4q_avg": 5.66,
            "net_income": 672986,
            "net_income_4q": null,
            "revenue": 38306287,
            "revenue_4q": null,
            "common_shares": 33660002,
            "book_valuer_per_share": 18.87,
            "book_valuer_per_share_4q_avg": 18.89,
            "equity": 64460717,
            "current_ratio": 159.12,
            "debt_ratio": 44.4,
            "inventory_turnover_ratio": 1.37,
            "account_receivable_turnover_ratio": 3.18,
            "reinvestment_rate": -61.62,
            "research_to_sale_ratio": 0.04,
            "price_fair": 34.75,
            "eps_avg_yearly": 0.99,
            "eps_latest_yearly": 0.8,
            "eps_growth_yearly": 59.28
        },
        "20173": {
            "year_quarter": 20173,
            "year": 2017,
            "quarter": 3,
            "eps": 1.06,
            "eps_growth_year": 152.38,
            "eps_4q": 1.87,
            "eps_4q_growth_year": 64.21,
            "roe": 5.27,
            "roe_4q": 9.629999999999999,
            "gross_profit": 5682849,
            "gross_margin": 11.88,
            "gross_margin_4q_avg": 6.81,
            "net_income": 3561207,
            "net_income_4q": null,
            "revenue": 47835693,
            "revenue_4q": null,
            "common_shares": 33660002,
            "book_valuer_per_share": 20.73,
            "book_valuer_per_share_4q_avg": 19.43,
            "equity": 70646219,
            "current_ratio": 222.92,
            "debt_ratio": 40.47,
            "inventory_turnover_ratio": 1.55,
            "account_receivable_turnover_ratio": 3.75,
            "reinvestment_rate": -4.21,
            "research_to_sale_ratio": 0.05,
            "price_fair": 46.71,
            "eps_avg_yearly": 1.33,
            "eps_latest_yearly": 4.24,
            "eps_growth_yearly": 197.46
        },
        "20174": {
            "year_quarter": 20174,
            "year": 2017,
            "quarter": 4,
            "eps": 0.46,
            "eps_growth_year": 28.08,
            "eps_4q": 1.97,
            "eps_4q_growth_year": 43.6,
            "roe": 2.25,
            "roe_4q": 9.87,
            "gross_profit": 2601150,
            "gross_margin": 5.89,
            "gross_margin_4q_avg": 6.9,
            "net_income": 1608417,
            "net_income_4q": null,
            "revenue": 44169892,
            "revenue_4q": null,
            "common_shares": 33660002,
            "book_valuer_per_share": 21.2,
            "book_valuer_per_share_4q_avg": 19.97,
            "equity": 72280256,
            "current_ratio": 183.87,
            "debt_ratio": 44.51,
            "inventory_turnover_ratio": 1.39,
            "account_receivable_turnover_ratio": 3.12,
            "reinvestment_rate": 61.81,
            "research_to_sale_ratio": 0.04,
            "price_fair": 48.18,
            "eps_avg_yearly": 1.38,
            "eps_latest_yearly": 1.84,
            "eps_growth_yearly": 162.14
        },
        "20181": {
            "year_quarter": 20181,
            "year": 2018,
            "quarter": 1,
            "eps": 1.17,
            "eps_growth_year": 350,
            "eps_4q": 2.88,
            "eps_4q_growth_year": 112.26,
            "roe": 5.17,
            "roe_4q": 13.73,
            "gross_profit": 6674992,
            "gross_margin": 13.03,
            "gross_margin_4q_avg": 8.73,
            "net_income": 3858207,
            "net_income_4q": null,
            "revenue": 51236072,
            "revenue_4q": null,
            "common_shares": 33660002,
            "book_valuer_per_share": 22.64,
            "book_valuer_per_share_4q_avg": 20.86,
            "equity": 77044797,
            "current_ratio": 224.57,
            "debt_ratio": 38.44,
            "inventory_turnover_ratio": 1.55,
            "account_receivable_turnover_ratio": 3.27,
            "reinvestment_rate": 24.79,
            "research_to_sale_ratio": 0.04,
            "price_fair": 57.08,
            "eps_avg_yearly": 1.63,
            "eps_latest_yearly": 4.68,
            "eps_growth_yearly": 197.16
        },
        "20182": {
            "year_quarter": 20182,
            "year": 2018,
            "quarter": 2,
            "eps": 1.12,
            "eps_growth_year": 460,
            "eps_4q": 3.81,
            "eps_4q_growth_year": 207.05,
            "roe": 4.75,
            "roe_4q": 17.439999999999998,
            "gross_profit": 5329941,
            "gross_margin": 10.48,
            "gross_margin_4q_avg": 10.32,
            "net_income": 3771606,
            "net_income_4q": null,
            "revenue": 50835046,
            "revenue_4q": null,
            "common_shares": 33660002,
            "book_valuer_per_share": 24.01,
            "book_valuer_per_share_4q_avg": 22.15,
            "equity": 81640519,
            "current_ratio": 202.22,
            "debt_ratio": 38.86,
            "inventory_turnover_ratio": 1.82,
            "account_receivable_turnover_ratio": 3.01,
            "reinvestment_rate": 51.88,
            "research_to_sale_ratio": 0.06,
            "price_fair": 64.2,
            "eps_avg_yearly": 1.83,
            "eps_latest_yearly": 4.48,
            "eps_growth_yearly": 181.86
        },
        "20183": {
            "year_quarter": 20183,
            "year": 2018,
            "quarter": 3,
            "eps": 0.87,
            "eps_growth_year": -17.92,
            "eps_4q": 3.62,
            "eps_4q_growth_year": 93.41,
            "roe": 3.67,
            "roe_4q": 15.84,
            "gross_profit": 2242842,
            "gross_margin": 4.94,
            "gross_margin_4q_avg": 8.59,
            "net_income": 2949095,
            "net_income_4q": null,
            "revenue": 45413641,
            "revenue_4q": null,
            "common_shares": 33260002,
            "book_valuer_per_share": 23.29,
            "book_valuer_per_share_4q_avg": 22.79,
            "equity": 79247341,
            "current_ratio": 178.44,
            "debt_ratio": 38.44,
            "inventory_turnover_ratio": 1.79,
            "account_receivable_turnover_ratio": 2.7,
            "reinvestment_rate": 64.46,
            "research_to_sale_ratio": 0.13,
            "price_fair": 68.4,
            "eps_avg_yearly": 1.95,
            "eps_latest_yearly": 3.48,
            "eps_growth_yearly": 136.38
        },
        "20184": {
            "year_quarter": 20184,
            "year": 2018,
            "quarter": 4,
            "eps": 0.38,
            "eps_growth_year": -18.06,
            "eps_4q": 3.53,
            "eps_4q_growth_year": 79.22,
            "roe": 1.74,
            "roe_4q": 15.33,
            "gross_profit": 1687590,
            "gross_margin": 3.89,
            "gross_margin_4q_avg": 8.09,
            "net_income": 1380379,
            "net_income_4q": null,
            "revenue": 43430378,
            "revenue_4q": null,
            "common_shares": 33260002,
            "book_valuer_per_share": 23.25,
            "book_valuer_per_share_4q_avg": 23.3,
            "equity": 79264343,
            "current_ratio": 182.68,
            "debt_ratio": 40.25,
            "inventory_turnover_ratio": 1.69,
            "account_receivable_turnover_ratio": 2.72,
            "reinvestment_rate": 59.39,
            "research_to_sale_ratio": 0.05,
            "price_fair": 71.7,
            "eps_avg_yearly": 2.05,
            "eps_latest_yearly": 1.52,
            "eps_growth_yearly": 145.68
        },
        "20191": {
            "year_quarter": 20191,
            "year": 2019,
            "quarter": 1,
            "eps": 0.15,
            "eps_growth_year": -87.18,
            "eps_4q": 2.52,
            "eps_4q_growth_year": -12.47,
            "roe": 0.67,
            "roe_4q": 10.83,
            "gross_profit": 1904863,
            "gross_margin": 5.14,
            "gross_margin_4q_avg": 6.11,
            "net_income": 541367,
            "net_income_4q": null,
            "revenue": 37061167,
            "revenue_4q": null,
            "common_shares": 33260002,
            "book_valuer_per_share": 24.01,
            "book_valuer_per_share_4q_avg": 23.64,
            "equity": 81869087,
            "current_ratio": 175.3,
            "debt_ratio": 38.84,
            "inventory_turnover_ratio": 1.34,
            "account_receivable_turnover_ratio": 2.58,
            "reinvestment_rate": 72.18,
            "research_to_sale_ratio": 0.09,
            "price_fair": 68.32,
            "eps_avg_yearly": 1.95,
            "eps_latest_yearly": 0.6,
            "eps_growth_yearly": 119.83
        },
        "20192": {
            "year_quarter": 20192,
            "year": 2019,
            "quarter": 2,
            "eps": 0.48,
            "eps_growth_year": -57.14,
            "eps_4q": 1.89,
            "eps_4q_growth_year": -50.46,
            "roe": 2.32,
            "roe_4q": 8.399999999999999,
            "gross_profit": 1949759,
            "gross_margin": 5.25,
            "gross_margin_4q_avg": 4.81,
            "net_income": 1853885,
            "net_income_4q": null,
            "revenue": 37123236,
            "revenue_4q": null,
            "common_shares": 33260002,
            "book_valuer_per_share": 22.89,
            "book_valuer_per_share_4q_avg": 23.36,
            "equity": 78073070,
            "current_ratio": 157.23,
            "debt_ratio": 45.5,
            "inventory_turnover_ratio": 1.41,
            "account_receivable_turnover_ratio": 2.97,
            "reinvestment_rate": 66.22,
            "research_to_sale_ratio": 0.11,
            "price_fair": 68.25,
            "eps_avg_yearly": 1.95,
            "eps_latest_yearly": 1.92,
            "eps_growth_yearly": 167.34
        },
        "20193": {
            "year_quarter": 20193,
            "year": 2019,
            "quarter": 3,
            "eps": 0.03,
            "eps_growth_year": -96.55,
            "eps_4q": 1.04,
            "eps_4q_growth_year": -71.15,
            "roe": 0.17,
            "roe_4q": 4.8999999999999995,
            "gross_profit": 1953957,
            "gross_margin": 6.53,
            "gross_margin_4q_avg": 5.2,
            "net_income": 134792,
            "net_income_4q": null,
            "revenue": 29930791,
            "revenue_4q": null,
            "common_shares": 33260002,
            "book_valuer_per_share": 22.79,
            "book_valuer_per_share_4q_avg": 23.24,
            "equity": 76699483,
            "current_ratio": 144.5,
            "debt_ratio": 43.36,
            "inventory_turnover_ratio": 1.22,
            "account_receivable_turnover_ratio": 2.41,
            "reinvestment_rate": 73.73,
            "research_to_sale_ratio": 0.13,
            "price_fair": 66.85,
            "eps_avg_yearly": 1.91,
            "eps_latest_yearly": 0.12,
            "eps_growth_yearly": 145.15
        },
        "20194": {
            "year_quarter": 20194,
            "year": 2019,
            "quarter": 4,
            "eps": 0.28,
            "eps_growth_year": -25.59,
            "eps_4q": 0.95,
            "eps_4q_growth_year": -73.21,
            "roe": 1.61,
            "roe_4q": 4.77,
            "gross_profit": 3581987,
            "gross_margin": 11.67,
            "gross_margin_4q_avg": 7.15,
            "net_income": 1253280,
            "net_income_4q": null,
            "revenue": 30689211,
            "revenue_4q": null,
            "common_shares": 33260002,
            "book_valuer_per_share": 23.27,
            "book_valuer_per_share_4q_avg": 23.24,
            "equity": 78566114,
            "current_ratio": 149.2,
            "debt_ratio": 43.1,
            "inventory_turnover_ratio": 1.22,
            "account_receivable_turnover_ratio": 2.54,
            "reinvestment_rate": 70.66,
            "research_to_sale_ratio": 0.1,
            "price_fair": 68.25,
            "eps_avg_yearly": 1.95,
            "eps_latest_yearly": 1.12,
            "eps_growth_yearly": 362.7
        },
        "20201": {
            "year_quarter": 20201,
            "year": 2020,
            "quarter": 1,
            "eps": 0.03,
            "eps_growth_year": -80,
            "eps_4q": 0.83,
            "eps_4q_growth_year": -67.26,
            "roe": 0.23,
            "roe_4q": 4.33,
            "gross_profit": 1509480,
            "gross_margin": 6.27,
            "gross_margin_4q_avg": 7.43,
            "net_income": 177585,
            "net_income_4q": null,
            "revenue": 24084482,
            "revenue_4q": null,
            "common_shares": 33260002,
            "book_valuer_per_share": 21.86,
            "book_valuer_per_share_4q_avg": 22.7,
            "equity": 73983836,
            "current_ratio": 146.7,
            "debt_ratio": 49.66,
            "inventory_turnover_ratio": 1,
            "account_receivable_turnover_ratio": 2.29,
            "reinvestment_rate": 77.74,
            "research_to_sale_ratio": 0.12,
            "price_fair": 66.24,
            "eps_avg_yearly": 1.89,
            "eps_latest_yearly": 0.12,
            "eps_growth_yearly": 311.21
        },
        "20202": {
            "year_quarter": 20202,
            "year": 2020,
            "quarter": 2,
            "eps": 0.87,
            "eps_growth_year": 81.25,
            "eps_4q": 1.22,
            "eps_4q_growth_year": -35.18,
            "roe": 3.89,
            "roe_4q": 5.9,
            "gross_profit": 4709941,
            "gross_margin": 16.21,
            "gross_margin_4q_avg": 10.17,
            "net_income": 2907257,
            "net_income_4q": null,
            "revenue": 29051525,
            "revenue_4q": null,
            "common_shares": 33260002,
            "book_valuer_per_share": 22.55,
            "book_valuer_per_share_4q_avg": 22.62,
            "equity": 75384099,
            "current_ratio": 165.51,
            "debt_ratio": 46.79,
            "inventory_turnover_ratio": 1.12,
            "account_receivable_turnover_ratio": 2.98,
            "reinvestment_rate": 91.49,
            "research_to_sale_ratio": 0.1,
            "price_fair": 71.23,
            "eps_avg_yearly": 2.04,
            "eps_latest_yearly": 3.48,
            "eps_growth_yearly": 1007.36
        },
        "20203": {
            "year_quarter": 20203,
            "year": 2020,
            "quarter": 3,
            "eps": 0.56,
            "eps_growth_year": 1766.67,
            "eps_4q": 1.78,
            "eps_4q_growth_year": 70.89,
            "roe": 2.4,
            "roe_4q": 8.13,
            "gross_profit": 2932332,
            "gross_margin": 10.39,
            "gross_margin_4q_avg": 11.14,
            "net_income": 1855478,
            "net_income_4q": null,
            "revenue": 28221911,
            "revenue_4q": null,
            "common_shares": 32860002,
            "book_valuer_per_share": 23.8,
            "book_valuer_per_share_4q_avg": 22.87,
            "equity": 79450718,
            "current_ratio": 195.39,
            "debt_ratio": 43.84,
            "inventory_turnover_ratio": 1.21,
            "account_receivable_turnover_ratio": 3.06,
            "reinvestment_rate": 82.01,
            "research_to_sale_ratio": 0.09,
            "price_fair": 72.45,
            "eps_avg_yearly": 2.07,
            "eps_latest_yearly": 2.24,
            "eps_growth_yearly": 988.46
        },
        "20204": {
            "year_quarter": 20204,
            "year": 2020,
            "quarter": 4,
            "eps": 0.58,
            "eps_growth_year": 105.83,
            "eps_4q": 2.07,
            "eps_4q_growth_year": 119.02,
            "roe": 2.48,
            "roe_4q": 9,
            "gross_profit": 3316585,
            "gross_margin": 10.63,
            "gross_margin_4q_avg": 10.88,
            "net_income": 2065481,
            "net_income_4q": null,
            "revenue": 31188685,
            "revenue_4q": null,
            "common_shares": 32260002,
            "book_valuer_per_share": 26.18,
            "book_valuer_per_share_4q_avg": 23.6,
            "equity": 87280830,
            "current_ratio": 178.58,
            "debt_ratio": 42.41,
            "inventory_turnover_ratio": 1.31,
            "account_receivable_turnover_ratio": 3.24,
            "reinvestment_rate": 100.23,
            "research_to_sale_ratio": 0.12,
            "price_fair": 74.38,
            "eps_avg_yearly": 2.13,
            "eps_latest_yearly": 2.32,
            "eps_growth_yearly": 992.92
        },
        "20211": {
            "year_quarter": 20211,
            "year": 2021,
            "quarter": 1,
            "eps": 0.55,
            "eps_growth_year": 1733.33,
            "eps_4q": 2.47,
            "eps_4q_growth_year": 198.6,
            "roe": 1.98,
            "roe_4q": 10.75,
            "gross_profit": 2412446,
            "gross_margin": 8.37,
            "gross_margin_4q_avg": 11.4,
            "net_income": 1827988,
            "net_income_4q": null,
            "revenue": 28837914,
            "revenue_4q": null,
            "common_shares": 34313329,
            "book_valuer_per_share": 27.44,
            "book_valuer_per_share_4q_avg": 24.99,
            "equity": 96917565,
            "current_ratio": 172.69,
            "debt_ratio": 40.02,
            "inventory_turnover_ratio": 1.14,
            "account_receivable_turnover_ratio": 2.76,
            "reinvestment_rate": 82.9,
            "research_to_sale_ratio": 0.17,
            "price_fair": 76.91,
            "eps_avg_yearly": 2.2,
            "eps_latest_yearly": 2.2,
            "eps_growth_yearly": 998.57
        },
        "20212": {
            "year_quarter": 20212,
            "year": 2021,
            "quarter": 2,
            "eps": 1.05,
            "eps_growth_year": 20.69,
            "eps_4q": 2.67,
            "eps_4q_growth_year": 118.75,
            "roe": 3.65,
            "roe_4q": 10.51,
            "gross_profit": 3657521,
            "gross_margin": 9.34,
            "gross_margin_4q_avg": 9.68,
            "net_income": 3693179,
            "net_income_4q": null,
            "revenue": 39143003,
            "revenue_4q": null,
            "common_shares": 34313329,
            "book_valuer_per_share": 29.84,
            "book_valuer_per_share_4q_avg": 26.82,
            "equity": 105217833,
            "current_ratio": 161.46,
            "debt_ratio": 39.6,
            "inventory_turnover_ratio": 1.44,
            "account_receivable_turnover_ratio": 3.33,
            "reinvestment_rate": 88.55,
            "research_to_sale_ratio": 0.1,
            "price_fair": 84.35,
            "eps_avg_yearly": 2.41,
            "eps_latest_yearly": 4.2,
            "eps_growth_yearly": 1027.07
        },
        "20213": {
            "year_quarter": 20213,
            "year": 2021,
            "quarter": 3,
            "eps": 1.32,
            "eps_growth_year": 135.71,
            "eps_4q": 3.46,
            "eps_4q_growth_year": 93.87,
            "roe": 4.55,
            "roe_4q": 12.66,
            "gross_profit": 5276058,
            "gross_margin": 12.49,
            "gross_margin_4q_avg": 10.21,
            "net_income": 4640785,
            "net_income_4q": null,
            "revenue": 42255429,
            "revenue_4q": null,
            "common_shares": 34313329,
            "book_valuer_per_share": 28.36,
            "book_valuer_per_share_4q_avg": 27.96,
            "equity": 98952782,
            "current_ratio": 134.69,
            "debt_ratio": 43.67,
            "inventory_turnover_ratio": 1.4,
            "account_receivable_turnover_ratio": 3.19,
            "reinvestment_rate": 84.65,
            "research_to_sale_ratio": 0.11,
            "price_fair": 86.63,
            "eps_avg_yearly": 2.48,
            "eps_latest_yearly": 5.28,
            "eps_growth_yearly": 926
        },
        "20214": {
            "year_quarter": 20214,
            "year": 2021,
            "quarter": 4,
            "eps": 1.35,
            "eps_growth_year": 133.15,
            "eps_4q": 4.27,
            "eps_4q_growth_year": 105.74,
            "roe": 4.93,
            "roe_4q": 15.110000000000001,
            "gross_profit": 8463440,
            "gross_margin": 18.23,
            "gross_margin_4q_avg": 12.11,
            "net_income": 5095362,
            "net_income_4q": null,
            "revenue": 46428420,
            "revenue_4q": null,
            "common_shares": 34313329,
            "book_valuer_per_share": 30.86,
            "book_valuer_per_share_4q_avg": 29.13,
            "equity": 107946268,
            "current_ratio": 178.42,
            "debt_ratio": 41.02,
            "inventory_turnover_ratio": 1.25,
            "account_receivable_turnover_ratio": 3.44,
            "reinvestment_rate": 78.69,
            "research_to_sale_ratio": 0.12,
            "price_fair": 94.41,
            "eps_avg_yearly": 2.7,
            "eps_latest_yearly": 5.4,
            "eps_growth_yearly": 940.72
        },
        "20221": {
            "year_quarter": 20221,
            "year": 2022,
            "quarter": 1,
            "eps": 1.12,
            "eps_growth_year": 103.64,
            "eps_4q": 4.84,
            "eps_4q_growth_year": 96.08,
            "roe": 3.53,
            "roe_4q": 16.659999999999997,
            "gross_profit": 5492416,
            "gross_margin": 12.91,
            "gross_margin_4q_avg": 13.24,
            "net_income": 3888184,
            "net_income_4q": null,
            "revenue": 42557415,
            "revenue_4q": null,
            "common_shares": 34313329,
            "book_valuer_per_share": 32.16,
            "book_valuer_per_share_4q_avg": 30.31,
            "equity": 112528016,
            "current_ratio": 190.77,
            "debt_ratio": 45.11,
            "inventory_turnover_ratio": 1.08,
            "account_receivable_turnover_ratio": 3.05,
            "reinvestment_rate": 92.73,
            "research_to_sale_ratio": 0.12,
            "price_fair": 93.98,
            "eps_avg_yearly": 2.69,
            "eps_latest_yearly": 4.48,
            "eps_growth_yearly": 897.87
        },
        "20222": {
            "year_quarter": 20222,
            "year": 2022,
            "quarter": 2,
            "eps": 1.59,
            "eps_growth_year": 51.43,
            "eps_4q": 5.38,
            "eps_4q_growth_year": 101.25,
            "roe": 4.96,
            "roe_4q": 17.97,
            "gross_profit": 5263516,
            "gross_margin": 10.43,
            "gross_margin_4q_avg": 13.52,
            "net_income": 5460740,
            "net_income_4q": null,
            "revenue": 50483370,
            "revenue_4q": null,
            "common_shares": 34313329,
            "book_valuer_per_share": 30.67,
            "book_valuer_per_share_4q_avg": 30.51,
            "equity": 107544765,
            "current_ratio": 168.2,
            "debt_ratio": 49.2,
            "inventory_turnover_ratio": 1.21,
            "account_receivable_turnover_ratio": 3.18,
            "reinvestment_rate": 68.36,
            "research_to_sale_ratio": 0.12,
            "price_fair": 98.09,
            "eps_avg_yearly": 2.8,
            "eps_latest_yearly": 6.36,
            "eps_growth_yearly": 909.43
        },
        "20223": {
            "year_quarter": 20223,
            "year": 2022,
            "quarter": 3,
            "eps": 2.63,
            "eps_growth_year": 99.24,
            "eps_4q": 6.27,
            "eps_4q_growth_year": 81.26,
            "roe": 7.89,
            "roe_4q": 21.31,
            "gross_profit": 3127213,
            "gross_margin": 7.17,
            "gross_margin_4q_avg": 12.19,
            "net_income": 9317871,
            "net_income_4q": null,
            "revenue": 43624654,
            "revenue_4q": null,
            "common_shares": 37313329,
            "book_valuer_per_share": 33.65,
            "book_valuer_per_share_4q_avg": 31.84,
            "equity": 128658072,
            "current_ratio": 177.86,
            "debt_ratio": 42.88,
            "inventory_turnover_ratio": 1.27,
            "account_receivable_turnover_ratio": 2.21,
            "reinvestment_rate": 94.12,
            "research_to_sale_ratio": 0.11,
            "price_fair": 113.49,
            "eps_avg_yearly": 3.24,
            "eps_latest_yearly": 10.52,
            "eps_growth_yearly": 931.36
        },
        "20224": {
            "year_quarter": 20224,
            "year": 2022,
            "quarter": 4,
            "eps": 0.16,
            "eps_growth_year": -88.06,
            "eps_4q": 5.19,
            "eps_4q_growth_year": 21.54,
            "roe": 0.37,
            "roe_4q": 16.75,
            "gross_profit": 3463160,
            "gross_margin": 7.92,
            "gross_margin_4q_avg": 9.61,
            "net_income": 473281,
            "net_income_4q": null,
            "revenue": 43735280,
            "revenue_4q": null,
            "common_shares": 37313329,
            "book_valuer_per_share": 33.12,
            "book_valuer_per_share_4q_avg": 32.4,
            "equity": 129821212,
            "current_ratio": 152.31,
            "debt_ratio": 48.59,
            "inventory_turnover_ratio": 1.3,
            "account_receivable_turnover_ratio": 1.99,
            "reinvestment_rate": 134.24,
            "research_to_sale_ratio": 0.15,
            "price_fair": 111.56,
            "eps_avg_yearly": 3.19,
            "eps_latest_yearly": 0.64,
            "eps_growth_yearly": 921.96
        },
        "20231": {
            "year_quarter": 20231,
            "year": 2023,
            "quarter": 1,
            "eps": 0.56,
            "eps_growth_year": -50,
            "eps_4q": 4.72,
            "eps_4q_growth_year": -2.4,
            "roe": 1.92,
            "roe_4q": 15.14,
            "gross_profit": 4628647,
            "gross_margin": 9.13,
            "gross_margin_4q_avg": 8.66,
            "net_income": 2510677,
            "net_income_4q": null,
            "revenue": 50713578,
            "revenue_4q": null,
            "common_shares": 37313329,
            "book_valuer_per_share": 33.51,
            "book_valuer_per_share_4q_avg": 32.74,
            "equity": 131499815,
            "current_ratio": 140.63,
            "debt_ratio": 47.62,
            "inventory_turnover_ratio": 1.28,
            "account_receivable_turnover_ratio": 2.36,
            "reinvestment_rate": 129.76,
            "research_to_sale_ratio": 0.12,
            "price_fair": 115.15,
            "eps_avg_yearly": 3.29,
            "eps_latest_yearly": 2.24,
            "eps_growth_yearly": 999.6
        },
        "20232": {
            "year_quarter": 20232,
            "year": 2023,
            "quarter": 2,
            "eps": 0.27,
            "eps_growth_year": -83.02,
            "eps_4q": 3.27,
            "eps_4q_growth_year": -39.24,
            "roe": 0.96,
            "roe_4q": 11.14,
            "gross_profit": 3674669,
            "gross_margin": 7.43,
            "gross_margin_4q_avg": 7.91,
            "net_income": 1333825,
            "net_income_4q": null,
            "revenue": 49446960,
            "revenue_4q": null,
            "common_shares": 40313329,
            "book_valuer_per_share": 34.77,
            "book_valuer_per_share_4q_avg": 33.76,
            "equity": 147353900,
            "current_ratio": 171.86,
            "debt_ratio": 44.53,
            "inventory_turnover_ratio": 1.32,
            "account_receivable_turnover_ratio": 2.34,
            "reinvestment_rate": 138.41,
            "research_to_sale_ratio": 0.15,
            "price_fair": 113.31,
            "eps_avg_yearly": 3.24,
            "eps_latest_yearly": 1.08,
            "eps_growth_yearly": 931.65
        },
        "20233": {
            "year_quarter": 20233,
            "year": 2023,
            "quarter": 3,
            "eps": 0.41,
            "eps_growth_year": -84.41,
            "eps_4q": 1.33,
            "eps_4q_growth_year": -78.82,
            "roe": 1.13,
            "roe_4q": 4.38,
            "gross_profit": 3664973,
            "gross_margin": 7.91,
            "gross_margin_4q_avg": 8.1,
            "net_income": 1729812,
            "net_income_4q": null,
            "revenue": 46345853,
            "revenue_4q": null,
            "common_shares": 40313329,
            "book_valuer_per_share": 35.65,
            "book_valuer_per_share_4q_avg": 34.26,
            "equity": 157790730,
            "current_ratio": 167.22,
            "debt_ratio": 42.33,
            "inventory_turnover_ratio": 1.25,
            "account_receivable_turnover_ratio": 2.12,
            "reinvestment_rate": 145.4,
            "research_to_sale_ratio": 0.15,
            "price_fair": 116.64,
            "eps_avg_yearly": 3.33,
            "eps_latest_yearly": 1.64,
            "eps_growth_yearly": 968.05
        }
    },
    "months": {
        "2001-06": {
            "month": "2001-06",
            "price": "11.52",
            "revenue": 1500850
        },
        "2001-07": {
            "month": "2001-07",
            "price": "9.14",
            "revenue": 1396559
        },
        "2001-08": {
            "month": "2001-08",
            "price": "9.02",
            "revenue": 1301982
        },
        "2001-09": {
            "month": "2001-09",
            "price": "7.38",
            "revenue": 1227208
        },
        "2001-10": {
            "month": "2001-10",
            "price": "6.59",
            "revenue": 1444831
        },
        "2001-11": {
            "month": "2001-11",
            "price": "7.02",
            "revenue": 1421728
        },
        "2001-12": {
            "month": "2001-12",
            "price": "7.93",
            "revenue": 1541200
        },
        "2002-01": {
            "month": "2002-01",
            "price": "9.23",
            "revenue": 1361560
        },
        "2002-02": {
            "month": "2002-02",
            "price": "8.90",
            "revenue": 1012649
        },
        "2002-03": {
            "month": "2002-03",
            "price": "9.35",
            "revenue": 1995170
        },
        "2002-04": {
            "month": "2002-04",
            "price": "10.74",
            "revenue": 1541258
        },
        "2002-05": {
            "month": "2002-05",
            "price": "9.65",
            "revenue": 1787203
        },
        "2002-06": {
            "month": "2002-06",
            "price": "9.79",
            "revenue": 1676406
        },
        "2002-07": {
            "month": "2002-07",
            "price": "8.90",
            "revenue": 1741316
        },
        "2002-08": {
            "month": "2002-08",
            "price": "7.71",
            "revenue": 1639505
        },
        "2002-09": {
            "month": "2002-09",
            "price": "7.57",
            "revenue": 1618854
        },
        "2002-10": {
            "month": "2002-10",
            "price": "7.41",
            "revenue": 1652456
        },
        "2002-11": {
            "month": "2002-11",
            "price": "8.56",
            "revenue": 1677092
        },
        "2002-12": {
            "month": "2002-12",
            "price": "9.26",
            "revenue": 1704842
        },
        "2003-01": {
            "month": "2003-01",
            "price": "10.80",
            "revenue": 1621957
        },
        "2003-02": {
            "month": "2003-02",
            "price": "10.66",
            "revenue": 1680314
        },
        "2003-03": {
            "month": "2003-03",
            "price": "9.44",
            "revenue": 2061279
        },
        "2003-04": {
            "month": "2003-04",
            "price": "8.75",
            "revenue": 1982435
        },
        "2003-05": {
            "month": "2003-05",
            "price": "7.98",
            "revenue": 1769427
        },
        "2003-06": {
            "month": "2003-06",
            "price": "9.02",
            "revenue": 1691526
        },
        "2003-07": {
            "month": "2003-07",
            "price": "9.60",
            "revenue": 1679641
        },
        "2003-08": {
            "month": "2003-08",
            "price": "9.16",
            "revenue": 1693571
        },
        "2003-09": {
            "month": "2003-09",
            "price": "8.74",
            "revenue": 1666391
        },
        "2003-10": {
            "month": "2003-10",
            "price": "9.24",
            "revenue": 1952037
        },
        "2003-11": {
            "month": "2003-11",
            "price": "10.14",
            "revenue": 2243525
        },
        "2003-12": {
            "month": "2003-12",
            "price": "10.34",
            "revenue": 2205367
        },
        "2004-01": {
            "month": "2004-01",
            "price": "12.68",
            "revenue": 2009564
        },
        "2004-02": {
            "month": "2004-02",
            "price": "14.40",
            "revenue": 3041801
        },
        "2004-03": {
            "month": "2004-03",
            "price": "17.21",
            "revenue": 2863025
        },
        "2004-04": {
            "month": "2004-04",
            "price": "18.11",
            "revenue": 3359725
        },
        "2004-05": {
            "month": "2004-05",
            "price": "15.46",
            "revenue": 2591570
        },
        "2004-06": {
            "month": "2004-06",
            "price": "14.35",
            "revenue": 2731928
        },
        "2004-07": {
            "month": "2004-07",
            "price": "14.18",
            "revenue": 3347975
        },
        "2004-08": {
            "month": "2004-08",
            "price": "15.01",
            "revenue": 3558796
        },
        "2004-09": {
            "month": "2004-09",
            "price": "16.97",
            "revenue": 3285066
        },
        "2004-10": {
            "month": "2004-10",
            "price": "17.26",
            "revenue": 3472293
        },
        "2004-11": {
            "month": "2004-11",
            "price": "17.33",
            "revenue": 3383405
        },
        "2004-12": {
            "month": "2004-12",
            "price": "16.78",
            "revenue": 3207131
        },
        "2005-01": {
            "month": "2005-01",
            "price": "15.82",
            "revenue": 2652814
        },
        "2005-02": {
            "month": "2005-02",
            "price": "15.15",
            "revenue": 2726122
        },
        "2005-03": {
            "month": "2005-03",
            "price": "15.06",
            "revenue": 3492756
        },
        "2005-04": {
            "month": "2005-04",
            "price": "13.58",
            "revenue": 3856281
        },
        "2005-05": {
            "month": "2005-05",
            "price": "13.01",
            "revenue": 3580124
        },
        "2005-06": {
            "month": "2005-06",
            "price": "14.03",
            "revenue": 3234096
        },
        "2005-07": {
            "month": "2005-07",
            "price": "12.57",
            "revenue": 6019517
        },
        "2005-08": {
            "month": "2005-08",
            "price": "10.73",
            "revenue": 6096051
        },
        "2005-09": {
            "month": "2005-09",
            "price": "9.87",
            "revenue": 6958899
        },
        "2005-10": {
            "month": "2005-10",
            "price": "9.78",
            "revenue": 6368538
        },
        "2005-11": {
            "month": "2005-11",
            "price": "10.38",
            "revenue": 7636195
        },
        "2005-12": {
            "month": "2005-12",
            "price": "10.75",
            "revenue": 7644085
        },
        "2006-01": {
            "month": "2006-01",
            "price": "11.01",
            "revenue": 6226630
        },
        "2006-02": {
            "month": "2006-02",
            "price": "10.92",
            "revenue": 6899100
        },
        "2006-03": {
            "month": "2006-03",
            "price": "11.03",
            "revenue": 8518453
        },
        "2006-04": {
            "month": "2006-04",
            "price": "13.06",
            "revenue": 9029269
        },
        "2006-05": {
            "month": "2006-05",
            "price": "14.27",
            "revenue": 9491027
        },
        "2006-06": {
            "month": "2006-06",
            "price": "12.88",
            "revenue": 10798006
        },
        "2006-07": {
            "month": "2006-07",
            "price": "12.66",
            "revenue": 11253957
        },
        "2006-08": {
            "month": "2006-08",
            "price": "13.30",
            "revenue": 11709115
        },
        "2006-09": {
            "month": "2006-09",
            "price": "14.24",
            "revenue": 12353878
        },
        "2006-10": {
            "month": "2006-10",
            "price": "16.51",
            "revenue": 12654882
        },
        "2006-11": {
            "month": "2006-11",
            "price": "16.58",
            "revenue": 12553070
        },
        "2006-12": {
            "month": "2006-12",
            "price": "17.27",
            "revenue": 12280567
        },
        "2007-01": {
            "month": "2007-01",
            "price": "16.85",
            "revenue": 11558873
        },
        "2007-02": {
            "month": "2007-02",
            "price": "16.66",
            "revenue": 9660651
        },
        "2007-03": {
            "month": "2007-03",
            "price": "16.30",
            "revenue": 12841570
        },
        "2007-04": {
            "month": "2007-04",
            "price": "18.00",
            "revenue": 15619111
        },
        "2007-05": {
            "month": "2007-05",
            "price": "17.23",
            "revenue": 16810561
        },
        "2007-06": {
            "month": "2007-06",
            "price": "18.73",
            "revenue": 15440204
        },
        "2007-07": {
            "month": "2007-07",
            "price": "18.66",
            "revenue": 12846471
        },
        "2007-08": {
            "month": "2007-08",
            "price": "16.27",
            "revenue": 13182908
        },
        "2007-09": {
            "month": "2007-09",
            "price": "15.80",
            "revenue": 14642859
        },
        "2007-10": {
            "month": "2007-10",
            "price": "17.20",
            "revenue": 13248295
        },
        "2007-11": {
            "month": "2007-11",
            "price": "13.79",
            "revenue": 15000752
        },
        "2007-12": {
            "month": "2007-12",
            "price": "13.00",
            "revenue": 14010149
        },
        "2008-01": {
            "month": "2008-01",
            "price": "13.24",
            "revenue": 13553326
        },
        "2008-02": {
            "month": "2008-02",
            "price": "14.22",
            "revenue": 12719395
        },
        "2008-03": {
            "month": "2008-03",
            "price": "14.90",
            "revenue": 16381383
        },
        "2008-04": {
            "month": "2008-04",
            "price": "15.74",
            "revenue": 15775890
        },
        "2008-05": {
            "month": "2008-05",
            "price": "15.01",
            "revenue": 16886158
        },
        "2008-06": {
            "month": "2008-06",
            "price": "12.53",
            "revenue": 14450774
        },
        "2008-07": {
            "month": "2008-07",
            "price": "10.80",
            "revenue": 12925927
        },
        "2008-08": {
            "month": "2008-08",
            "price": "10.59",
            "revenue": 14371938
        },
        "2008-09": {
            "month": "2008-09",
            "price": "9.21",
            "revenue": 14120515
        },
        "2008-10": {
            "month": "2008-10",
            "price": "8.68",
            "revenue": 11744040
        },
        "2008-11": {
            "month": "2008-11",
            "price": "6.63",
            "revenue": 8116175
        },
        "2008-12": {
            "month": "2008-12",
            "price": "6.30",
            "revenue": 6854390
        },
        "2009-01": {
            "month": "2009-01",
            "price": "6.22",
            "revenue": 5166538
        },
        "2009-02": {
            "month": "2009-02",
            "price": "5.50",
            "revenue": 8587584
        },
        "2009-03": {
            "month": "2009-03",
            "price": "6.22",
            "revenue": 9014050
        },
        "2009-04": {
            "month": "2009-04",
            "price": "8.29",
            "revenue": 10670310
        },
        "2009-05": {
            "month": "2009-05",
            "price": "9.91",
            "revenue": 10310170
        },
        "2009-06": {
            "month": "2009-06",
            "price": "10.28",
            "revenue": 11701374
        },
        "2009-07": {
            "month": "2009-07",
            "price": "10.71",
            "revenue": 12282305
        },
        "2009-08": {
            "month": "2009-08",
            "price": "11.10",
            "revenue": 12705658
        },
        "2009-09": {
            "month": "2009-09",
            "price": "11.30",
            "revenue": 12712830
        },
        "2009-10": {
            "month": "2009-10",
            "price": "11.24",
            "revenue": 12042235
        },
        "2009-11": {
            "month": "2009-11",
            "price": "11.16",
            "revenue": 12884099
        },
        "2009-12": {
            "month": "2009-12",
            "price": "11.41",
            "revenue": 14660593
        },
        "2010-01": {
            "month": "2010-01",
            "price": "12.16",
            "revenue": 14924387
        },
        "2010-02": {
            "month": "2010-02",
            "price": "10.51",
            "revenue": 13508325
        },
        "2010-03": {
            "month": "2010-03",
            "price": "11.74",
            "revenue": 16564589
        },
        "2010-04": {
            "month": "2010-04",
            "price": "13.30",
            "revenue": 17524957
        },
        "2010-05": {
            "month": "2010-05",
            "price": "12.18",
            "revenue": 16582005
        },
        "2010-06": {
            "month": "2010-06",
            "price": "11.62",
            "revenue": 15932691
        },
        "2010-07": {
            "month": "2010-07",
            "price": "13.22",
            "revenue": 15555716
        },
        "2010-08": {
            "month": "2010-08",
            "price": "15.39",
            "revenue": 15982492
        },
        "2010-09": {
            "month": "2010-09",
            "price": "16.54",
            "revenue": 16429854
        },
        "2010-10": {
            "month": "2010-10",
            "price": "18.83",
            "revenue": 14327731
        },
        "2010-11": {
            "month": "2010-11",
            "price": "17.51",
            "revenue": 16260929
        },
        "2010-12": {
            "month": "2010-12",
            "price": "18.73",
            "revenue": 16243746
        },
        "2011-01": {
            "month": "2011-01",
            "price": "17.96",
            "revenue": 15964741
        },
        "2011-02": {
            "month": "2011-02",
            "price": "16.10",
            "revenue": 12710123
        },
        "2011-03": {
            "month": "2011-03",
            "price": "15.26",
            "revenue": 20105459
        },
        "2011-04": {
            "month": "2011-04",
            "price": "16.21",
            "revenue": 17255803
        },
        "2011-05": {
            "month": "2011-05",
            "price": "15.42",
            "revenue": 17304953
        },
        "2011-06": {
            "month": "2011-06",
            "price": "14.33",
            "revenue": 16011515
        },
        "2011-07": {
            "month": "2011-07",
            "price": "13.98",
            "revenue": 15108332
        },
        "2011-08": {
            "month": "2011-08",
            "price": "11.72",
            "revenue": 16571702
        },
        "2011-09": {
            "month": "2011-09",
            "price": "10.19",
            "revenue": 16004804
        },
        "2011-10": {
            "month": "2011-10",
            "price": "9.46",
            "revenue": 14493705
        },
        "2011-11": {
            "month": "2011-11",
            "price": "9.94",
            "revenue": 14217366
        },
        "2011-12": {
            "month": "2011-12",
            "price": "8.81",
            "revenue": 13936176
        },
        "2012-01": {
            "month": "2012-01",
            "price": "9.05",
            "revenue": 10507143
        },
        "2012-02": {
            "month": "2012-02",
            "price": "10.84",
            "revenue": 12632228
        },
        "2012-03": {
            "month": "2012-03",
            "price": "10.49",
            "revenue": 14556275
        },
        "2012-04": {
            "month": "2012-04",
            "price": "8.80",
            "revenue": 13700526
        },
        "2012-05": {
            "month": "2012-05",
            "price": "7.95",
            "revenue": 13517498
        },
        "2012-06": {
            "month": "2012-06",
            "price": "7.97",
            "revenue": 13200330
        },
        "2012-07": {
            "month": "2012-07",
            "price": "8.58",
            "revenue": 12103180
        },
        "2012-08": {
            "month": "2012-08",
            "price": "9.55",
            "revenue": 12332480
        },
        "2012-09": {
            "month": "2012-09",
            "price": "9.98",
            "revenue": 11877891
        },
        "2012-10": {
            "month": "2012-10",
            "price": "9.35",
            "revenue": 12797494
        },
        "2012-11": {
            "month": "2012-11",
            "price": "8.21",
            "revenue": 11969718
        },
        "2012-12": {
            "month": "2012-12",
            "price": "9.63",
            "revenue": 18010181
        },
        "2013-01": {
            "month": "2013-01",
            "price": "9.96",
            "revenue": 12266122
        },
        "2013-02": {
            "month": "2013-02",
            "price": "10.03",
            "revenue": 9504704
        },
        "2013-03": {
            "month": "2013-03",
            "price": "9.34",
            "revenue": 12461500
        },
        "2013-04": {
            "month": "2013-04",
            "price": "8.75",
            "revenue": 13267931
        },
        "2013-05": {
            "month": "2013-05",
            "price": "9.43",
            "revenue": 12710601
        },
        "2013-06": {
            "month": "2013-06",
            "price": "8.72",
            "revenue": 12420417
        },
        "2013-07": {
            "month": "2013-07",
            "price": "8.79",
            "revenue": 11943118
        },
        "2013-08": {
            "month": "2013-08",
            "price": "8.48",
            "revenue": 11986027
        },
        "2013-09": {
            "month": "2013-09",
            "price": "9.00",
            "revenue": 12087581
        },
        "2013-10": {
            "month": "2013-10",
            "price": "9.07",
            "revenue": 12165285
        },
        "2013-11": {
            "month": "2013-11",
            "price": "8.69",
            "revenue": 13069248
        },
        "2013-12": {
            "month": "2013-12",
            "price": "9.39",
            "revenue": 13993908
        },
        "2014-01": {
            "month": "2014-01",
            "price": "9.68",
            "revenue": 11735513
        },
        "2014-02": {
            "month": "2014-02",
            "price": "9.41",
            "revenue": 11405208
        },
        "2014-03": {
            "month": "2014-03",
            "price": "9.47",
            "revenue": 13504108
        },
        "2014-04": {
            "month": "2014-04",
            "price": "9.94",
            "revenue": 14032239
        },
        "2014-05": {
            "month": "2014-05",
            "price": "10.05",
            "revenue": 14847759
        },
        "2014-06": {
            "month": "2014-06",
            "price": "10.43",
            "revenue": 14149350
        },
        "2014-07": {
            "month": "2014-07",
            "price": "11.22",
            "revenue": 13860734
        },
        "2014-08": {
            "month": "2014-08",
            "price": "10.65",
            "revenue": 12220172
        },
        "2014-09": {
            "month": "2014-09",
            "price": "10.21",
            "revenue": 17253233
        },
        "2014-10": {
            "month": "2014-10",
            "price": "9.45",
            "revenue": 12359307
        },
        "2014-11": {
            "month": "2014-11",
            "price": "10.14",
            "revenue": 12950693
        },
        "2014-12": {
            "month": "2014-12",
            "price": "9.74",
            "revenue": 13254647
        },
        "2015-01": {
            "month": "2015-01",
            "price": "9.71",
            "revenue": 12904091
        },
        "2015-02": {
            "month": "2015-02",
            "price": "9.76",
            "revenue": 9918918
        },
        "2015-03": {
            "month": "2015-03",
            "price": "9.72",
            "revenue": 12985900
        },
        "2015-04": {
            "month": "2015-04",
            "price": "9.23",
            "revenue": 13480698
        },
        "2015-05": {
            "month": "2015-05",
            "price": "8.57",
            "revenue": 13321549
        },
        "2015-06": {
            "month": "2015-06",
            "price": "7.57",
            "revenue": 12548475
        },
        "2015-07": {
            "month": "2015-07",
            "price": "7.13",
            "revenue": 12507293
        },
        "2015-08": {
            "month": "2015-08",
            "price": "7.02",
            "revenue": 11249957
        },
        "2015-09": {
            "month": "2015-09",
            "price": "7.44",
            "revenue": 12021829
        },
        "2015-10": {
            "month": "2015-10",
            "price": "7.65",
            "revenue": 12140678
        },
        "2015-11": {
            "month": "2015-11",
            "price": "7.41",
            "revenue": 11948344
        },
        "2015-12": {
            "month": "2015-12",
            "price": "7.22",
            "revenue": 12816681
        },
        "2016-01": {
            "month": "2016-01",
            "price": "7.04",
            "revenue": 10728913
        },
        "2016-02": {
            "month": "2016-02",
            "price": "7.74",
            "revenue": 8818875
        },
        "2016-03": {
            "month": "2016-03",
            "price": "8.75",
            "revenue": 11846650
        },
        "2016-04": {
            "month": "2016-04",
            "price": "8.54",
            "revenue": 11855641
        },
        "2016-05": {
            "month": "2016-05",
            "price": "9.30",
            "revenue": 12092319
        },
        "2016-06": {
            "month": "2016-06",
            "price": "8.82",
            "revenue": 11438807
        },
        "2016-07": {
            "month": "2016-07",
            "price": "8.92",
            "revenue": 11932020
        },
        "2016-08": {
            "month": "2016-08",
            "price": "10.10",
            "revenue": 11907328
        },
        "2016-09": {
            "month": "2016-09",
            "price": "10.64",
            "revenue": 12357911
        },
        "2016-10": {
            "month": "2016-10",
            "price": "10.41",
            "revenue": 12047222
        },
        "2016-11": {
            "month": "2016-11",
            "price": "12.30",
            "revenue": 11919224
        },
        "2016-12": {
            "month": "2016-12",
            "price": "12.55",
            "revenue": 15256078
        },
        "2017-01": {
            "month": "2017-01",
            "price": "11.97",
            "revenue": 11425328
        },
        "2017-02": {
            "month": "2017-02",
            "price": "13.75",
            "revenue": 11459081
        },
        "2017-03": {
            "month": "2017-03",
            "price": "14.22",
            "revenue": 14196772
        },
        "2017-04": {
            "month": "2017-04",
            "price": "13.56",
            "revenue": 13154245
        },
        "2017-05": {
            "month": "2017-05",
            "price": "12.79",
            "revenue": 13073637
        },
        "2017-06": {
            "month": "2017-06",
            "price": "12.85",
            "revenue": 12232660
        },
        "2017-07": {
            "month": "2017-07",
            "price": "12.87",
            "revenue": 13827272
        },
        "2017-08": {
            "month": "2017-08",
            "price": "13.74",
            "revenue": 13507798
        },
        "2017-09": {
            "month": "2017-09",
            "price": "14.52",
            "revenue": 20544434
        },
        "2017-10": {
            "month": "2017-10",
            "price": "14.90",
            "revenue": 13756356
        },
        "2017-11": {
            "month": "2017-11",
            "price": "16.01",
            "revenue": 14664168
        },
        "2017-12": {
            "month": "2017-12",
            "price": "16.93",
            "revenue": 15912055
        },
        "2018-01": {
            "month": "2018-01",
            "price": "17.33",
            "revenue": 24364725
        },
        "2018-02": {
            "month": "2018-02",
            "price": "16.14",
            "revenue": 10962080
        },
        "2018-03": {
            "month": "2018-03",
            "price": "17.57",
            "revenue": 15711541
        },
        "2018-04": {
            "month": "2018-04",
            "price": "19.72",
            "revenue": 19606325
        },
        "2018-05": {
            "month": "2018-05",
            "price": "23.50",
            "revenue": 14923508
        },
        "2018-06": {
            "month": "2018-06",
            "price": "22.63",
            "revenue": 16442330
        },
        "2018-07": {
            "month": "2018-07",
            "price": "20.74",
            "revenue": 16200439
        },
        "2018-08": {
            "month": "2018-08",
            "price": "21.18",
            "revenue": 16164115
        },
        "2018-09": {
            "month": "2018-09",
            "price": "20.10",
            "revenue": 13055431
        },
        "2018-10": {
            "month": "2018-10",
            "price": "17.03",
            "revenue": 14164317
        },
        "2018-11": {
            "month": "2018-11",
            "price": "17.05",
            "revenue": 14402316
        },
        "2018-12": {
            "month": "2018-12",
            "price": "17.23",
            "revenue": 14827461
        },
        "2019-01": {
            "month": "2019-01",
            "price": "17.09",
            "revenue": 13638561
        },
        "2019-02": {
            "month": "2019-02",
            "price": "17.90",
            "revenue": 9739782
        },
        "2019-03": {
            "month": "2019-03",
            "price": "18.02",
            "revenue": 13674394
        },
        "2019-04": {
            "month": "2019-04",
            "price": "17.75",
            "revenue": 14156462
        },
        "2019-05": {
            "month": "2019-05",
            "price": "15.83",
            "revenue": 13129978
        },
        "2019-06": {
            "month": "2019-06",
            "price": "15.48",
            "revenue": 9844288
        },
        "2019-07": {
            "month": "2019-07",
            "price": "14.57",
            "revenue": 9999721
        },
        "2019-08": {
            "month": "2019-08",
            "price": "13.77",
            "revenue": 9657602
        },
        "2019-09": {
            "month": "2019-09",
            "price": "14.58",
            "revenue": 10240216
        },
        "2019-10": {
            "month": "2019-10",
            "price": "14.85",
            "revenue": 10086581
        },
        "2019-11": {
            "month": "2019-11",
            "price": "14.18",
            "revenue": 8972585
        },
        "2019-12": {
            "month": "2019-12",
            "price": "15.13",
            "revenue": 11694930
        },
        "2020-01": {
            "month": "2020-01",
            "price": "15.06",
            "revenue": 8063234
        },
        "2020-02": {
            "month": "2020-02",
            "price": "14.24",
            "revenue": 6970984
        },
        "2020-03": {
            "month": "2020-03",
            "price": "12.24",
            "revenue": 9160981
        },
        "2020-04": {
            "month": "2020-04",
            "price": "12.52",
            "revenue": 12913956
        },
        "2020-05": {
            "month": "2020-05",
            "price": "12.93",
            "revenue": 7208866
        },
        "2020-06": {
            "month": "2020-06",
            "price": "14.34",
            "revenue": 8812556
        },
        "2020-07": {
            "month": "2020-07",
            "price": "14.30",
            "revenue": 8900885
        },
        "2020-08": {
            "month": "2020-08",
            "price": "16.11",
            "revenue": 8849975
        },
        "2020-09": {
            "month": "2020-09",
            "price": "16.62",
            "revenue": 10659389
        },
        "2020-10": {
            "month": "2020-10",
            "price": "17.29",
            "revenue": 9667281
        },
        "2020-11": {
            "month": "2020-11",
            "price": "18.12",
            "revenue": 9517377
        },
        "2020-12": {
            "month": "2020-12",
            "price": "19.24",
            "revenue": 11826620
        },
        "2021-01": {
            "month": "2021-01",
            "price": "17.83",
            "revenue": 10181000
        },
        "2021-02": {
            "month": "2021-02",
            "price": "17.81",
            "revenue": 7251245
        },
        "2021-03": {
            "month": "2021-03",
            "price": "18.64",
            "revenue": 11422132
        },
        "2021-04": {
            "month": "2021-04",
            "price": "22.41",
            "revenue": 12244761
        },
        "2021-05": {
            "month": "2021-05",
            "price": "25.66",
            "revenue": 12770540
        },
        "2021-06": {
            "month": "2021-06",
            "price": "26.38",
            "revenue": 14184106
        },
        "2021-07": {
            "month": "2021-07",
            "price": "27.88",
            "revenue": 14448725
        },
        "2021-08": {
            "month": "2021-08",
            "price": "26.58",
            "revenue": 13419588
        },
        "2021-09": {
            "month": "2021-09",
            "price": "26.12",
            "revenue": 14394712
        },
        "2021-10": {
            "month": "2021-10",
            "price": "25.02",
            "revenue": 13715425
        },
        "2021-11": {
            "month": "2021-11",
            "price": "27.24",
            "revenue": 14611879
        },
        "2021-12": {
            "month": "2021-12",
            "price": "26.31",
            "revenue": 17479990
        },
        "2022-01": {
            "month": "2022-01",
            "price": "25.99",
            "revenue": 13499329
        },
        "2022-02": {
            "month": "2022-02",
            "price": "27.19",
            "revenue": 13028634
        },
        "2022-03": {
            "month": "2022-03",
            "price": "29.12",
            "revenue": 16037946
        },
        "2022-04": {
            "month": "2022-04",
            "price": "38.18",
            "revenue": 17201723
        },
        "2022-05": {
            "month": "2022-05",
            "price": "40.66",
            "revenue": 17630961
        },
        "2022-06": {
            "month": "2022-06",
            "price": "41.32",
            "revenue": 15579541
        },
        "2022-07": {
            "month": "2022-07",
            "price": "33.55",
            "revenue": 15121399
        },
        "2022-08": {
            "month": "2022-08",
            "price": "35.73",
            "revenue": 14315935
        },
        "2022-09": {
            "month": "2022-09",
            "price": "39.90",
            "revenue": 14016727
        },
        "2022-10": {
            "month": "2022-10",
            "price": "36.59",
            "revenue": 14051332
        },
        "2022-11": {
            "month": "2022-11",
            "price": "42.60",
            "revenue": 14443667
        },
        "2022-12": {
            "month": "2022-12",
            "price": "47.45",
            "revenue": 14681167
        },
        "2023-01": {
            "month": "2023-01",
            "price": "48.11",
            "revenue": 15162554
        },
        "2023-02": {
            "month": "2023-02",
            "price": "55.00",
            "revenue": 17872155
        },
        "2023-03": {
            "month": "2023-03",
            "price": "51.35",
            "revenue": 17642621
        },
        "2023-04": {
            "month": "2023-04",
            "price": "49.79",
            "revenue": 16250367
        },
        "2023-05": {
            "month": "2023-05",
            "price": "47.10",
            "revenue": 17711337
        },
        "2023-06": {
            "month": "2023-06",
            "price": "44.94",
            "revenue": 15511914
        },
        "2023-07": {
            "month": "2023-07",
            "price": "40.82",
            "revenue": 15187001
        },
        "2023-08": {
            "month": "2023-08",
            "price": "37.45",
            "revenue": 14410608
        },
        "2023-09": {
            "month": "2023-09",
            "price": "37.26",
            "revenue": 16771119
        },
        "2023-10": {
            "month": "2023-10",
            "price": "35.85",
            "revenue": 15224362
        },
        "2023-11": {
            "month": "2023-11",
            "price": "37.33",
            "revenue": 14578731
        }
    }
}
