{
    "summary": {
        "stock_name": "華榮",
        "stock_id": "1608",
        "category": "電器電纜",
        "main_business": "各種電線電纜及銅製品等之加工,製造,銷售及施工等<br>各種電力,通信工程設計,施工維護及技術服務等<br>各種電氣器具,電力及通信器材,通信用戶迴路配線器材等之製造買賣",
        "website_url": "http://www.hegroup.com.tw",
        "ceo": "黃華志",
        "pe_ratio": 11,
        "report_year_from": 2001,
        "report_year_to": 2023,
        "age": 23,
        "eps_negative_percentage": 35,
        "eps_growth_avg": {
            "last_all": -27.31,
            "last_2y": 0,
            "last_4y": -19.71,
            "last_8y": -11.83,
            "last_12y": -33.97,
            "last_16y": -31.28,
            "last_20y": -27.31,
            "at_2006_last_3y": -12.77,
            "at_2007_last_3y": -6.47,
            "at_2008_last_3y": -33.33,
            "at_2009_last_3y": 0,
            "at_2010_last_3y": -24.11,
            "at_2011_last_3y": -90.77,
            "at_2012_last_3y": -86.16,
            "at_2013_last_3y": -61.64,
            "at_2014_last_3y": -70.87,
            "at_2015_last_3y": -56.31,
            "at_2016_last_3y": -56.31,
            "at_2017_last_3y": 0,
            "at_2018_last_3y": 0,
            "at_2019_last_3y": 0,
            "at_2020_last_3y": -19.71,
            "at_2021_last_3y": -19.71,
            "at_2022_last_3y": -19.71,
            "at_2023_last_3y": -19.71,
            "at_2024_last_3y": -19.71,
            "at_2006_last_all": -12.77,
            "at_2007_last_all": 15.42,
            "at_2008_last_all": -7.66,
            "at_2009_last_all": -7.66,
            "at_2010_last_all": -18.44,
            "at_2011_last_all": -30.09,
            "at_2012_last_all": -30.09,
            "at_2013_last_all": -27.91,
            "at_2014_last_all": -35.92,
            "at_2015_last_all": -35.92,
            "at_2016_last_all": -35.92,
            "at_2017_last_all": -22.33,
            "at_2018_last_all": -29.39,
            "at_2019_last_all": -29.39,
            "at_2020_last_all": -31.87,
            "at_2021_last_all": -21.72,
            "at_2022_last_all": -27.31,
            "at_2023_last_all": -27.31,
            "at_2024_last_all": -27.31
        },
        "latest_eps": 1.95,
        "latest_price": 21.45,
        "latest_roe": 10.47,
        "latest_gross_margin": 7.79,
        "latest_equity": 8427184,
        "latest_revenue": 2422629,
        "latest_gross_profit": 188672,
        "latest_net_income": 116366,
        "latest_debt_ratio": 37.62,
        "latest_current_ratio": 172.83,
        "latest_account_receivable_turnover_ratio": 1.58,
        "latest_inventory_turnover_ratio": 0.54,
        "latest_reinvestment_rate": 4.9,
        "latest_research_to_sale_ratio": null
    },
    "eps_dividends": {
        "1990": {
            "cash": 0,
            "stock": 4,
            "eps": 0
        },
        "1991": {
            "cash": 2,
            "stock": 2,
            "eps": 0
        },
        "1992": {
            "cash": 1.5,
            "stock": 1.5,
            "eps": 0
        },
        "1993": {
            "cash": 1.5,
            "stock": 1.3,
            "eps": 0
        },
        "1994": {
            "cash": 1.2,
            "stock": 1,
            "eps": 0
        },
        "1995": {
            "cash": 0.8,
            "stock": 0.7,
            "eps": 0
        },
        "1996": {
            "cash": 0.5,
            "stock": 0.5,
            "eps": 0
        },
        "1997": {
            "cash": 0.7,
            "stock": 0.8,
            "eps": 0
        },
        "1998": {
            "cash": 0.7,
            "stock": 0.8,
            "eps": 0
        },
        "1999": {
            "cash": 0.5,
            "stock": 0.5,
            "eps": 0
        },
        "2000": {
            "cash": 0.3,
            "stock": 0.5,
            "eps": 0
        },
        "2001": {
            "cash": 0,
            "stock": 0,
            "eps": -1.2
        },
        "2002": {
            "cash": 0,
            "stock": 0,
            "eps": 0.37
        },
        "2003": {
            "cash": 0.5,
            "stock": 0.05,
            "eps": 0.67
        },
        "2004": {
            "cash": 0.6,
            "stock": 0,
            "eps": 0.54
        },
        "2005": {
            "cash": 0.5,
            "stock": 0,
            "eps": -0.26
        },
        "2006": {
            "cash": 0,
            "stock": 0,
            "eps": 0.6
        },
        "2007": {
            "cash": 0.4,
            "stock": 0,
            "eps": 1.45
        },
        "2008": {
            "cash": 0.7,
            "stock": 0,
            "eps": -2.16
        },
        "2009": {
            "cash": 0,
            "stock": 0,
            "eps": 1.77
        },
        "2010": {
            "cash": 0.5,
            "stock": 0,
            "eps": 0.49
        },
        "2011": {
            "cash": 0.35,
            "stock": 0,
            "eps": -0.03
        },
        "2012": {
            "cash": 0,
            "stock": 0,
            "eps": 1.11
        },
        "2013": {
            "cash": 0.7,
            "stock": 0,
            "eps": 0.97
        },
        "2014": {
            "cash": 0.7,
            "stock": 0,
            "eps": -0.02
        },
        "2015": {
            "cash": 0,
            "stock": 0,
            "eps": -0.33
        },
        "2016": {
            "cash": 0,
            "stock": 0,
            "eps": 0.23
        },
        "2017": {
            "cash": 0,
            "stock": 0,
            "eps": 1.03
        },
        "2018": {
            "cash": 0.73,
            "stock": 0,
            "eps": -1.47
        },
        "2019": {
            "cash": 0,
            "stock": 0,
            "eps": 1.86
        },
        "2020": {
            "cash": 0.66,
            "stock": 0,
            "eps": 0.76
        },
        "2021": {
            "cash": 0.7,
            "stock": 0,
            "eps": 3.27
        },
        "2022": {
            "cash": 1.5,
            "stock": 0,
            "eps": -0.09
        },
        "2023": {
            "cash": 0.8,
            "stock": 0,
            "eps": 1.54
        }
    },
    "dividends": {
        "1990-05-24": {
            "cash": 0,
            "stock": 4
        },
        "1991-05-30": {
            "cash": 2,
            "stock": 2
        },
        "1992-05-29": {
            "cash": 1.5,
            "stock": 1.5
        },
        "1993-05-18": {
            "cash": 1.5,
            "stock": 1.3
        },
        "1994-05-18": {
            "cash": 1.2,
            "stock": 1
        },
        "1995-06-14": {
            "cash": 0.8,
            "stock": 0.7
        },
        "1996-06-10": {
            "cash": 0.5,
            "stock": 0.5
        },
        "1997-06-11": {
            "cash": 0.7,
            "stock": 0.8
        },
        "1998-05-20": {
            "cash": 0.7,
            "stock": 0.8
        },
        "1999-06-08": {
            "cash": 0.5,
            "stock": 0.5
        },
        "2000-06-13": {
            "cash": 0.3,
            "stock": 0.5
        },
        "2003-04-01": {
            "cash": 0.5,
            "stock": 0.05
        },
        "2004-03-30": {
            "cash": 0.6,
            "stock": 0
        },
        "2005-03-28": {
            "cash": 0.5,
            "stock": 0
        },
        "2007-03-26": {
            "cash": 0.4,
            "stock": 0
        },
        "2008-03-28": {
            "cash": 0.7,
            "stock": 0
        },
        "2010-03-22": {
            "cash": 0.5,
            "stock": 0
        },
        "2011-03-28": {
            "cash": 0.35,
            "stock": 0
        },
        "2013-03-19": {
            "cash": 0.7,
            "stock": 0
        },
        "2014-06-12": {
            "cash": 0.7,
            "stock": 0
        },
        "2018-08-10": {
            "cash": 0.73,
            "stock": 0
        },
        "2020-08-13": {
            "cash": 0.66,
            "stock": 0
        },
        "2021-10-07": {
            "cash": 0.7,
            "stock": 0
        },
        "2022-08-11": {
            "cash": 1.5,
            "stock": 0
        },
        "2023-03-06": {
            "cash": 0.4,
            "stock": 0
        },
        "2023-08-16": {
            "cash": 0.4,
            "stock": 0
        }
    },
    "prices": {
        "200101": "4.90",
        "200102": "7.18",
        "200103": "7.00",
        "200104": "6.08",
        "200105": "4.19",
        "200106": "4.04",
        "200107": "4.30",
        "200108": "4.13",
        "200109": "3.15",
        "200110": "2.82",
        "200111": "2.88",
        "200112": "3.40",
        "200201": "3.64",
        "200202": "3.85",
        "200203": "4.87",
        "200204": "6.09",
        "200205": "5.17",
        "200206": "5.39",
        "200207": "5.34",
        "200208": "5.00",
        "200209": "4.93",
        "200210": "4.20",
        "200211": "5.24",
        "200212": "6.05",
        "200301": "6.99",
        "200302": "7.37",
        "200303": "6.82",
        "200304": "6.76",
        "200305": "6.55",
        "200306": "7.38",
        "200307": "7.26",
        "200308": "6.67",
        "200309": "6.74",
        "200310": "7.14",
        "200311": "7.44",
        "200312": "7.45",
        "200401": "8.58",
        "200402": "9.96",
        "200403": "10.57",
        "200404": "11.19",
        "200405": "9.27",
        "200406": "8.94",
        "200407": "8.33",
        "200408": "7.86",
        "200409": "8.46",
        "200410": "8.76",
        "200411": "8.23",
        "200412": "8.20",
        "200501": "8.50",
        "200502": "8.13",
        "200503": "7.69",
        "200504": "6.85",
        "200505": "6.11",
        "200506": "6.93",
        "200507": "6.72",
        "200508": "5.98",
        "200509": "5.61",
        "200510": "5.06",
        "200511": "5.03",
        "200512": "5.28",
        "200601": "5.61",
        "200602": "5.63",
        "200603": "5.26",
        "200604": "6.11",
        "200605": "7.73",
        "200606": "6.91",
        "200607": "7.73",
        "200608": "8.50",
        "200609": "8.40",
        "200610": "10.42",
        "200611": "10.91",
        "200612": "12.37",
        "200701": "11.23",
        "200702": "10.38",
        "200703": "10.25",
        "200704": "11.02",
        "200705": "10.04",
        "200706": "10.19",
        "200707": "11.96",
        "200708": "10.97",
        "200709": "11.74",
        "200710": "11.70",
        "200711": "11.92",
        "200712": "10.93",
        "200801": "10.93",
        "200802": "11.54",
        "200803": "12.84",
        "200804": "13.74",
        "200805": "12.77",
        "200806": "11.13",
        "200807": "9.70",
        "200808": "8.37",
        "200809": "6.69",
        "200810": "5.69",
        "200811": "4.83",
        "200812": "5.00",
        "200901": "4.90",
        "200902": "4.73",
        "200903": "5.11",
        "200904": "6.35",
        "200905": "7.00",
        "200906": "7.15",
        "200907": "7.68",
        "200908": "8.77",
        "200909": "9.12",
        "200910": "9.76",
        "200911": "10.82",
        "200912": "10.92",
        "201001": "11.71",
        "201002": "10.71",
        "201003": "11.83",
        "201004": "12.44",
        "201005": "10.82",
        "201006": "10.50",
        "201007": "10.64",
        "201008": "11.18",
        "201009": "10.65",
        "201010": "11.32",
        "201011": "11.15",
        "201012": "11.79",
        "201101": "11.98",
        "201102": "11.60",
        "201103": "11.20",
        "201104": "11.28",
        "201105": "11.39",
        "201106": "10.86",
        "201107": "10.59",
        "201108": "9.61",
        "201109": "9.38",
        "201110": "8.67",
        "201111": "7.88",
        "201112": "7.13",
        "201201": "7.22",
        "201202": "8.39",
        "201203": "8.79",
        "201204": "8.00",
        "201205": "8.24",
        "201206": "7.79",
        "201207": "7.66",
        "201208": "8.87",
        "201209": "10.05",
        "201210": "10.26",
        "201211": "10.71",
        "201212": "11.16",
        "201301": "11.52",
        "201302": "11.25",
        "201303": "11.70",
        "201304": "11.62",
        "201305": "11.64",
        "201306": "11.60",
        "201307": "11.08",
        "201308": "10.72",
        "201309": "10.45",
        "201310": "11.19",
        "201311": "11.18",
        "201312": "11.44",
        "201401": "11.61",
        "201402": "11.55",
        "201403": "11.33",
        "201404": "11.72",
        "201405": "11.91",
        "201406": "11.78",
        "201407": "11.22",
        "201408": "10.98",
        "201409": "10.58",
        "201410": "10.14",
        "201411": "9.98",
        "201412": "10.10",
        "201501": "10.06",
        "201502": "9.98",
        "201503": "9.96",
        "201504": "9.86",
        "201505": "9.60",
        "201506": "9.04",
        "201507": "8.40",
        "201508": "7.30",
        "201509": "7.09",
        "201510": "7.15",
        "201511": "6.97",
        "201512": "6.55",
        "201601": "6.55",
        "201602": "6.70",
        "201603": "7.20",
        "201604": "6.99",
        "201605": "6.45",
        "201606": "6.34",
        "201607": "6.59",
        "201608": "6.99",
        "201609": "6.97",
        "201610": "7.33",
        "201611": "8.01",
        "201612": "8.26",
        "201701": "8.45",
        "201702": "9.60",
        "201703": "9.31",
        "201704": "8.69",
        "201705": "8.47",
        "201706": "9.19",
        "201707": "9.58",
        "201708": "9.90",
        "201709": "9.87",
        "201710": "9.97",
        "201711": "10.52",
        "201712": "10.85",
        "201801": "11.78",
        "201802": "10.72",
        "201803": "11.19",
        "201804": "12.26",
        "201805": "11.79",
        "201806": "11.67",
        "201807": "10.45",
        "201808": "9.85",
        "201809": "9.46",
        "201810": "9.07",
        "201811": "9.43",
        "201812": "9.45",
        "201901": "9.21",
        "201902": "9.35",
        "201903": "9.54",
        "201904": "9.38",
        "201905": "9.94",
        "201906": "10.13",
        "201907": "9.95",
        "201908": "9.70",
        "201909": "9.96",
        "201910": "9.80",
        "201911": "9.82",
        "201912": "9.87",
        "202001": "9.77",
        "202002": "9.05",
        "202003": "7.80",
        "202004": "9.22",
        "202005": "9.43",
        "202006": "9.54",
        "202007": "9.09",
        "202008": "9.27",
        "202009": "10.39",
        "202010": "10.50",
        "202011": "11.10",
        "202012": "12.82",
        "202101": "12.42",
        "202102": "12.35",
        "202103": "13.40",
        "202104": "21.61",
        "202105": "26.63",
        "202106": "27.60",
        "202107": "26.46",
        "202108": "24.55",
        "202109": "23.53",
        "202110": "21.62",
        "202111": "22.30",
        "202112": "21.80",
        "202201": "20.84",
        "202202": "20.86",
        "202203": "21.71",
        "202204": "22.46",
        "202205": "19.13",
        "202206": "18.25",
        "202207": "14.73",
        "202208": "14.97",
        "202209": "13.69",
        "202210": "12.53",
        "202211": "14.22",
        "202212": "14.22",
        "202301": "14.29",
        "202302": "15.63",
        "202303": "14.93",
        "202304": "15.98",
        "202305": "18.77",
        "202306": "23.34",
        "202307": "21.60",
        "202308": "20.61",
        "202309": "20.37",
        "202310": "19.81",
        "202311": "19.53",
        "202312": "21.60"
    },
    "quarters": {
        "20011": {
            "year_quarter": 20011,
            "year": 2001,
            "quarter": 1,
            "eps": 0.05,
            "eps_growth_year": -68.75,
            "eps_4q": 0,
            "eps_4q_growth_year": -99.52,
            "roe": 0.38,
            "roe_4q": 0.38,
            "gross_profit": 23116,
            "gross_margin": 1.77,
            "gross_margin_4q_avg": 1.77,
            "net_income": 29403,
            "net_income_4q": null,
            "revenue": 1305980,
            "revenue_4q": null,
            "common_shares": 6296254,
            "book_valuer_per_share": 12.43,
            "book_valuer_per_share_4q_avg": 12.43,
            "equity": 7829004,
            "current_ratio": 155.16,
            "debt_ratio": 29.14,
            "inventory_turnover_ratio": 1.36,
            "account_receivable_turnover_ratio": null,
            "reinvestment_rate": null,
            "research_to_sale_ratio": null,
            "price_fair": 0,
            "eps_avg_yearly": 0,
            "eps_latest_yearly": 0,
            "eps_growth_yearly": 0
        },
        "20012": {
            "year_quarter": 20012,
            "year": 2001,
            "quarter": 2,
            "eps": -1.26,
            "eps_growth_year": -1069.23,
            "eps_4q": -1.38,
            "eps_4q_growth_year": -325.29,
            "roe": -10.38,
            "roe_4q": -10,
            "gross_profit": 65143,
            "gross_margin": 4.57,
            "gross_margin_4q_avg": 3.17,
            "net_income": -795803,
            "net_income_4q": null,
            "revenue": 1426404,
            "revenue_4q": null,
            "common_shares": 6296254,
            "book_valuer_per_share": 11.92,
            "book_valuer_per_share_4q_avg": 12.18,
            "equity": 7502988,
            "current_ratio": 165.65,
            "debt_ratio": 29.17,
            "inventory_turnover_ratio": 1.58,
            "account_receivable_turnover_ratio": null,
            "reinvestment_rate": null,
            "research_to_sale_ratio": null,
            "price_fair": 0,
            "eps_avg_yearly": 0,
            "eps_latest_yearly": 0,
            "eps_growth_yearly": 0
        },
        "20013": {
            "year_quarter": 20013,
            "year": 2001,
            "quarter": 3,
            "eps": 0.03,
            "eps_growth_year": 0,
            "eps_4q": -1.55,
            "eps_4q_growth_year": -397.1,
            "roe": 0.22,
            "roe_4q": -9.78,
            "gross_profit": 131399,
            "gross_margin": 9.21,
            "gross_margin_4q_avg": 5.18,
            "net_income": 16862,
            "net_income_4q": null,
            "revenue": 1426775,
            "revenue_4q": null,
            "common_shares": 6296254,
            "book_valuer_per_share": 11.98,
            "book_valuer_per_share_4q_avg": 12.11,
            "equity": 7542882,
            "current_ratio": 170.37,
            "debt_ratio": 29.72,
            "inventory_turnover_ratio": 1.57,
            "account_receivable_turnover_ratio": null,
            "reinvestment_rate": null,
            "research_to_sale_ratio": null,
            "price_fair": 0,
            "eps_avg_yearly": 0,
            "eps_latest_yearly": 0,
            "eps_growth_yearly": 0
        },
        "20014": {
            "year_quarter": 20014,
            "year": 2001,
            "quarter": 4,
            "eps": -0.02,
            "eps_growth_year": null,
            "eps_4q": -1.21,
            "eps_4q_growth_year": -1200,
            "roe": -0.15,
            "roe_4q": -9.93,
            "gross_profit": 170068,
            "gross_margin": 10.64,
            "gross_margin_4q_avg": 6.55,
            "net_income": -11301,
            "net_income_4q": null,
            "revenue": 1597972,
            "revenue_4q": null,
            "common_shares": 6296254,
            "book_valuer_per_share": 12,
            "book_valuer_per_share_4q_avg": 12.08,
            "equity": 7555999,
            "current_ratio": 194.55,
            "debt_ratio": 27.92,
            "inventory_turnover_ratio": 1.99,
            "account_receivable_turnover_ratio": null,
            "reinvestment_rate": null,
            "research_to_sale_ratio": null,
            "price_fair": 0,
            "eps_avg_yearly": 0,
            "eps_latest_yearly": 0,
            "eps_growth_yearly": 0
        },
        "20021": {
            "year_quarter": 20021,
            "year": 2002,
            "quarter": 1,
            "eps": 0.04,
            "eps_growth_year": -20,
            "eps_4q": -1.09,
            "eps_4q_growth_year": -23021.06,
            "roe": 0.37,
            "roe_4q": -9.940000000000001,
            "gross_profit": 100349,
            "gross_margin": 7.96,
            "gross_margin_4q_avg": 8.1,
            "net_income": 28044,
            "net_income_4q": null,
            "revenue": 1260472,
            "revenue_4q": null,
            "common_shares": 6296254,
            "book_valuer_per_share": 12.06,
            "book_valuer_per_share_4q_avg": 11.99,
            "equity": 7591853,
            "current_ratio": 198.87,
            "debt_ratio": 28.14,
            "inventory_turnover_ratio": 1.72,
            "account_receivable_turnover_ratio": null,
            "reinvestment_rate": null,
            "research_to_sale_ratio": null,
            "price_fair": 0,
            "eps_avg_yearly": 0,
            "eps_latest_yearly": 0,
            "eps_growth_yearly": 0
        },
        "20022": {
            "year_quarter": 20022,
            "year": 2002,
            "quarter": 2,
            "eps": 0.16,
            "eps_growth_year": null,
            "eps_4q": 0.21,
            "eps_4q_growth_year": null,
            "roe": 1.31,
            "roe_4q": 1.7500000000000002,
            "gross_profit": 216258,
            "gross_margin": 13.36,
            "gross_margin_4q_avg": 10.29,
            "net_income": 99965,
            "net_income_4q": null,
            "revenue": 1618862,
            "revenue_4q": null,
            "common_shares": 6296254,
            "book_valuer_per_share": 12.23,
            "book_valuer_per_share_4q_avg": 12.07,
            "equity": 7700297,
            "current_ratio": 291.28,
            "debt_ratio": 24.29,
            "inventory_turnover_ratio": 1.82,
            "account_receivable_turnover_ratio": null,
            "reinvestment_rate": null,
            "research_to_sale_ratio": null,
            "price_fair": 22.4,
            "eps_avg_yearly": 0.64,
            "eps_latest_yearly": 0.64,
            "eps_growth_yearly": 1200
        },
        "20023": {
            "year_quarter": 20023,
            "year": 2002,
            "quarter": 3,
            "eps": 0.16,
            "eps_growth_year": 433.33,
            "eps_4q": 0.35,
            "eps_4q_growth_year": null,
            "roe": 1.28,
            "roe_4q": 2.81,
            "gross_profit": 166018,
            "gross_margin": 10.86,
            "gross_margin_4q_avg": 10.71,
            "net_income": 99119,
            "net_income_4q": null,
            "revenue": 1529181,
            "revenue_4q": null,
            "common_shares": 6296254,
            "book_valuer_per_share": 12.39,
            "book_valuer_per_share_4q_avg": 12.17,
            "equity": 7799116,
            "current_ratio": 258.73,
            "debt_ratio": 24.95,
            "inventory_turnover_ratio": 1.59,
            "account_receivable_turnover_ratio": null,
            "reinvestment_rate": null,
            "research_to_sale_ratio": null,
            "price_fair": 22.4,
            "eps_avg_yearly": 0.64,
            "eps_latest_yearly": 0.64,
            "eps_growth_yearly": 600
        },
        "20024": {
            "year_quarter": 20024,
            "year": 2002,
            "quarter": 4,
            "eps": 0.01,
            "eps_growth_year": null,
            "eps_4q": 0.37,
            "eps_4q_growth_year": null,
            "roe": 0.07,
            "roe_4q": 3.0300000000000002,
            "gross_profit": 211217,
            "gross_margin": 13.32,
            "gross_margin_4q_avg": 11.38,
            "net_income": 5083,
            "net_income_4q": null,
            "revenue": 1585226,
            "revenue_4q": null,
            "common_shares": 6296254,
            "book_valuer_per_share": 12.41,
            "book_valuer_per_share_4q_avg": 12.27,
            "equity": 7811458,
            "current_ratio": 375.53,
            "debt_ratio": 22.39,
            "inventory_turnover_ratio": 1.4,
            "account_receivable_turnover_ratio": null,
            "reinvestment_rate": -813.35,
            "research_to_sale_ratio": null,
            "price_fair": 15.4,
            "eps_avg_yearly": 0.44,
            "eps_latest_yearly": 0.04,
            "eps_growth_yearly": 275
        },
        "20031": {
            "year_quarter": 20031,
            "year": 2003,
            "quarter": 1,
            "eps": 0.23,
            "eps_growth_year": 475,
            "eps_4q": 0.55,
            "eps_4q_growth_year": null,
            "roe": 1.84,
            "roe_4q": 4.5,
            "gross_profit": 195566,
            "gross_margin": 13.4,
            "gross_margin_4q_avg": 12.74,
            "net_income": 145475,
            "net_income_4q": null,
            "revenue": 1459465,
            "revenue_4q": null,
            "common_shares": 6296254,
            "book_valuer_per_share": 12.65,
            "book_valuer_per_share_4q_avg": 12.42,
            "equity": 7963397,
            "current_ratio": 584.16,
            "debt_ratio": 19.98,
            "inventory_turnover_ratio": 1.3,
            "account_receivable_turnover_ratio": null,
            "reinvestment_rate": -584.82,
            "research_to_sale_ratio": null,
            "price_fair": 19.6,
            "eps_avg_yearly": 0.56,
            "eps_latest_yearly": 0.92,
            "eps_growth_yearly": 2406.25
        },
        "20032": {
            "year_quarter": 20032,
            "year": 2003,
            "quarter": 2,
            "eps": 0.16,
            "eps_growth_year": 0,
            "eps_4q": 0.55,
            "eps_4q_growth_year": 157.3,
            "roe": 1.3,
            "roe_4q": 4.49,
            "gross_profit": 137028,
            "gross_margin": 9.8,
            "gross_margin_4q_avg": 11.85,
            "net_income": 102411,
            "net_income_4q": null,
            "revenue": 1398885,
            "revenue_4q": null,
            "common_shares": 6296254,
            "book_valuer_per_share": 12.28,
            "book_valuer_per_share_4q_avg": 12.43,
            "equity": 7734519,
            "current_ratio": 360.73,
            "debt_ratio": 23.22,
            "inventory_turnover_ratio": 1.34,
            "account_receivable_turnover_ratio": null,
            "reinvestment_rate": null,
            "research_to_sale_ratio": null,
            "price_fair": 20.16,
            "eps_avg_yearly": 0.58,
            "eps_latest_yearly": 0.64,
            "eps_growth_yearly": 1900.65
        },
        "20033": {
            "year_quarter": 20033,
            "year": 2003,
            "quarter": 3,
            "eps": 0.27,
            "eps_growth_year": 68.75,
            "eps_4q": 0.67,
            "eps_4q_growth_year": 93.28,
            "roe": 2.17,
            "roe_4q": 5.38,
            "gross_profit": 176988,
            "gross_margin": 12.34,
            "gross_margin_4q_avg": 12.22,
            "net_income": 169321,
            "net_income_4q": null,
            "revenue": 1434131,
            "revenue_4q": null,
            "common_shares": 6327735,
            "book_valuer_per_share": 12.48,
            "book_valuer_per_share_4q_avg": 12.46,
            "equity": 7893944,
            "current_ratio": 595.83,
            "debt_ratio": 20.08,
            "inventory_turnover_ratio": 1.27,
            "account_receivable_turnover_ratio": null,
            "reinvestment_rate": -1657.19,
            "research_to_sale_ratio": null,
            "price_fair": 23.1,
            "eps_avg_yearly": 0.66,
            "eps_latest_yearly": 1.08,
            "eps_growth_yearly": 1629.71
        },
        "20034": {
            "year_quarter": 20034,
            "year": 2003,
            "quarter": 4,
            "eps": 0.01,
            "eps_growth_year": 0,
            "eps_4q": 0.67,
            "eps_4q_growth_year": 81.08,
            "roe": 0.1,
            "roe_4q": 5.41,
            "gross_profit": 58804,
            "gross_margin": 3.54,
            "gross_margin_4q_avg": 9.77,
            "net_income": 8300,
            "net_income_4q": null,
            "revenue": 1662162,
            "revenue_4q": null,
            "common_shares": 6327735,
            "book_valuer_per_share": 12.5,
            "book_valuer_per_share_4q_avg": 12.48,
            "equity": 7911626,
            "current_ratio": 310.5,
            "debt_ratio": 25.13,
            "inventory_turnover_ratio": 1.63,
            "account_receivable_turnover_ratio": null,
            "reinvestment_rate": null,
            "research_to_sale_ratio": null,
            "price_fair": 20,
            "eps_avg_yearly": 0.57,
            "eps_latest_yearly": 0.04,
            "eps_growth_yearly": 1341.87
        },
        "20041": {
            "year_quarter": 20041,
            "year": 2004,
            "quarter": 1,
            "eps": 0.05,
            "eps_growth_year": -78.26,
            "eps_4q": 0.47,
            "eps_4q_growth_year": -14.99,
            "roe": 0.42,
            "roe_4q": 3.99,
            "gross_profit": 57699,
            "gross_margin": 3.44,
            "gross_margin_4q_avg": 7.28,
            "net_income": 33341,
            "net_income_4q": null,
            "revenue": 1677445,
            "revenue_4q": null,
            "common_shares": 6327735,
            "book_valuer_per_share": 12.59,
            "book_valuer_per_share_4q_avg": 12.46,
            "equity": 7966430,
            "current_ratio": 746.49,
            "debt_ratio": 19.32,
            "inventory_turnover_ratio": 1.9,
            "account_receivable_turnover_ratio": null,
            "reinvestment_rate": null,
            "research_to_sale_ratio": null,
            "price_fair": 18.38,
            "eps_avg_yearly": 0.53,
            "eps_latest_yearly": 0.2,
            "eps_growth_yearly": 1374.13
        },
        "20042": {
            "year_quarter": 20042,
            "year": 2004,
            "quarter": 2,
            "eps": 0.17,
            "eps_growth_year": 6.25,
            "eps_4q": 0.51,
            "eps_4q_growth_year": -8.1,
            "roe": 1.37,
            "roe_4q": 4.0600000000000005,
            "gross_profit": 104906,
            "gross_margin": 5.84,
            "gross_margin_4q_avg": 6.29,
            "net_income": 106886,
            "net_income_4q": null,
            "revenue": 1796020,
            "revenue_4q": null,
            "common_shares": 6327735,
            "book_valuer_per_share": 12.08,
            "book_valuer_per_share_4q_avg": 12.41,
            "equity": 7646820,
            "current_ratio": 242.23,
            "debt_ratio": 27.93,
            "inventory_turnover_ratio": 1.64,
            "account_receivable_turnover_ratio": null,
            "reinvestment_rate": null,
            "research_to_sale_ratio": null,
            "price_fair": 18.98,
            "eps_avg_yearly": 0.54,
            "eps_latest_yearly": 0.68,
            "eps_growth_yearly": 1328.12
        },
        "20043": {
            "year_quarter": 20043,
            "year": 2004,
            "quarter": 3,
            "eps": 0.22,
            "eps_growth_year": -18.52,
            "eps_4q": 0.46,
            "eps_4q_growth_year": -31.88,
            "roe": 1.77,
            "roe_4q": 3.66,
            "gross_profit": 142402,
            "gross_margin": 6.62,
            "gross_margin_4q_avg": 4.86,
            "net_income": 136905,
            "net_income_4q": null,
            "revenue": 2149953,
            "revenue_4q": null,
            "common_shares": 6327735,
            "book_valuer_per_share": 12.3,
            "book_valuer_per_share_4q_avg": 12.37,
            "equity": 7780475,
            "current_ratio": 383.27,
            "debt_ratio": 22.79,
            "inventory_turnover_ratio": 1.55,
            "account_receivable_turnover_ratio": null,
            "reinvestment_rate": -1113.9,
            "research_to_sale_ratio": null,
            "price_fair": 20.16,
            "eps_avg_yearly": 0.58,
            "eps_latest_yearly": 0.88,
            "eps_growth_yearly": 1207.07
        },
        "20044": {
            "year_quarter": 20044,
            "year": 2004,
            "quarter": 4,
            "eps": 0.1,
            "eps_growth_year": 900,
            "eps_4q": 0.53,
            "eps_4q_growth_year": -21.27,
            "roe": 0.83,
            "roe_4q": 4.390000000000001,
            "gross_profit": 149136,
            "gross_margin": 6.2,
            "gross_margin_4q_avg": 5.53,
            "net_income": 64829,
            "net_income_4q": null,
            "revenue": 2404636,
            "revenue_4q": null,
            "common_shares": 6327735,
            "book_valuer_per_share": 12.39,
            "book_valuer_per_share_4q_avg": 12.34,
            "equity": 7840760,
            "current_ratio": 260.69,
            "debt_ratio": 27.96,
            "inventory_turnover_ratio": 1.65,
            "account_receivable_turnover_ratio": null,
            "reinvestment_rate": -376.89,
            "research_to_sale_ratio": null,
            "price_fair": 19.6,
            "eps_avg_yearly": 0.56,
            "eps_latest_yearly": 0.4,
            "eps_growth_yearly": 1077.5
        },
        "20051": {
            "year_quarter": 20051,
            "year": 2005,
            "quarter": 1,
            "eps": -0.59,
            "eps_growth_year": -1280,
            "eps_4q": -0.07,
            "eps_4q_growth_year": -115.77,
            "roe": -4.64,
            "roe_4q": -0.6699999999999995,
            "gross_profit": 63688,
            "gross_margin": 3.7,
            "gross_margin_4q_avg": 5.59,
            "net_income": -352953,
            "net_income_4q": null,
            "revenue": 1722254,
            "revenue_4q": null,
            "common_shares": 6327735,
            "book_valuer_per_share": 11.67,
            "book_valuer_per_share_4q_avg": 12.11,
            "equity": 7382104,
            "current_ratio": 349.82,
            "debt_ratio": 26.33,
            "inventory_turnover_ratio": 1.04,
            "account_receivable_turnover_ratio": null,
            "reinvestment_rate": null,
            "research_to_sale_ratio": null,
            "price_fair": 19.6,
            "eps_avg_yearly": 0.56,
            "eps_latest_yearly": 0.4,
            "eps_growth_yearly": 1077.5
        },
        "20052": {
            "year_quarter": 20052,
            "year": 2005,
            "quarter": 2,
            "eps": 0.2,
            "eps_growth_year": 17.65,
            "eps_4q": -0.05,
            "eps_4q_growth_year": -109.81,
            "roe": 1.65,
            "roe_4q": -0.3899999999999997,
            "gross_profit": 125416,
            "gross_margin": 5.41,
            "gross_margin_4q_avg": 5.48,
            "net_income": 121167,
            "net_income_4q": null,
            "revenue": 2317409,
            "revenue_4q": null,
            "common_shares": 6327735,
            "book_valuer_per_share": 11.54,
            "book_valuer_per_share_4q_avg": 11.98,
            "equity": 7299815,
            "current_ratio": 488.3,
            "debt_ratio": 16.69,
            "inventory_turnover_ratio": 1.48,
            "account_receivable_turnover_ratio": null,
            "reinvestment_rate": -203.03,
            "research_to_sale_ratio": null,
            "price_fair": 19.6,
            "eps_avg_yearly": 0.56,
            "eps_latest_yearly": 0.4,
            "eps_growth_yearly": 1077.5
        },
        "20053": {
            "year_quarter": 20053,
            "year": 2005,
            "quarter": 3,
            "eps": 0.22,
            "eps_growth_year": 0,
            "eps_4q": -0.04,
            "eps_4q_growth_year": -108.36,
            "roe": 1.93,
            "roe_4q": -0.22999999999999965,
            "gross_profit": 158049,
            "gross_margin": 6.97,
            "gross_margin_4q_avg": 5.57,
            "net_income": 142176,
            "net_income_4q": null,
            "revenue": 2266850,
            "revenue_4q": null,
            "common_shares": 6327735,
            "book_valuer_per_share": 11.77,
            "book_valuer_per_share_4q_avg": 11.84,
            "equity": 7445563,
            "current_ratio": 479.02,
            "debt_ratio": 16.51,
            "inventory_turnover_ratio": 1.78,
            "account_receivable_turnover_ratio": null,
            "reinvestment_rate": -167,
            "research_to_sale_ratio": null,
            "price_fair": 20.53,
            "eps_avg_yearly": 0.59,
            "eps_latest_yearly": 0.88,
            "eps_growth_yearly": 991.05
        },
        "20054": {
            "year_quarter": 20054,
            "year": 2005,
            "quarter": 4,
            "eps": -0.09,
            "eps_growth_year": -190,
            "eps_4q": -0.38,
            "eps_4q_growth_year": -172.26,
            "roe": -0.61,
            "roe_4q": -1.67,
            "gross_profit": 114858,
            "gross_margin": 5,
            "gross_margin_4q_avg": 5.27,
            "net_income": -54856,
            "net_income_4q": null,
            "revenue": 2298970,
            "revenue_4q": null,
            "common_shares": 6327735,
            "book_valuer_per_share": 11.68,
            "book_valuer_per_share_4q_avg": 11.67,
            "equity": 10607846,
            "current_ratio": 432.3,
            "debt_ratio": 19.04,
            "inventory_turnover_ratio": 1.23,
            "account_receivable_turnover_ratio": null,
            "reinvestment_rate": 41.86,
            "research_to_sale_ratio": null,
            "price_fair": 20.53,
            "eps_avg_yearly": 0.59,
            "eps_latest_yearly": 0.88,
            "eps_growth_yearly": 991.05
        },
        "20061": {
            "year_quarter": 20061,
            "year": 2006,
            "quarter": 1,
            "eps": 0.6,
            "eps_growth_year": null,
            "eps_4q": 0.95,
            "eps_4q_growth_year": null,
            "roe": 3.93,
            "roe_4q": 6.9,
            "gross_profit": 97847,
            "gross_margin": 4.17,
            "gross_margin_4q_avg": 5.39,
            "net_income": 360599,
            "net_income_4q": null,
            "revenue": 2345968,
            "revenue_4q": null,
            "common_shares": 6327735,
            "book_valuer_per_share": 12.25,
            "book_valuer_per_share_4q_avg": 11.81,
            "equity": 7754293,
            "current_ratio": 657.5,
            "debt_ratio": 14.5,
            "inventory_turnover_ratio": 1.19,
            "account_receivable_turnover_ratio": null,
            "reinvestment_rate": -116.02,
            "research_to_sale_ratio": null,
            "price_fair": 20.53,
            "eps_avg_yearly": 0.59,
            "eps_latest_yearly": 0.88,
            "eps_growth_yearly": 991.05
        },
        "20062": {
            "year_quarter": 20062,
            "year": 2006,
            "quarter": 2,
            "eps": 0.53,
            "eps_growth_year": 165,
            "eps_4q": 1.29,
            "eps_4q_growth_year": null,
            "roe": 3.95,
            "roe_4q": 9.200000000000001,
            "gross_profit": 296319,
            "gross_margin": 8.78,
            "gross_margin_4q_avg": 6.23,
            "net_income": 312816,
            "net_income_4q": null,
            "revenue": 3374998,
            "revenue_4q": null,
            "common_shares": 6327735,
            "book_valuer_per_share": 12.75,
            "book_valuer_per_share_4q_avg": 12.11,
            "equity": 8067108,
            "current_ratio": 345.66,
            "debt_ratio": 20.67,
            "inventory_turnover_ratio": 1.7,
            "account_receivable_turnover_ratio": null,
            "reinvestment_rate": -96.06,
            "research_to_sale_ratio": null,
            "price_fair": 24.85,
            "eps_avg_yearly": 0.71,
            "eps_latest_yearly": 2.12,
            "eps_growth_yearly": 887.16
        },
        "20063": {
            "year_quarter": 20063,
            "year": 2006,
            "quarter": 3,
            "eps": 0.36,
            "eps_growth_year": 63.64,
            "eps_4q": 1.4,
            "eps_4q_growth_year": null,
            "roe": 2.62,
            "roe_4q": 9.89,
            "gross_profit": 108561,
            "gross_margin": 2.9,
            "gross_margin_4q_avg": 5.21,
            "net_income": 213811,
            "net_income_4q": null,
            "revenue": 3738539,
            "revenue_4q": null,
            "common_shares": 6327735,
            "book_valuer_per_share": 13.09,
            "book_valuer_per_share_4q_avg": 12.44,
            "equity": 8280919,
            "current_ratio": 256.31,
            "debt_ratio": 25.8,
            "inventory_turnover_ratio": 1.45,
            "account_receivable_turnover_ratio": null,
            "reinvestment_rate": -85.25,
            "research_to_sale_ratio": null,
            "price_fair": 27.18,
            "eps_avg_yearly": 0.78,
            "eps_latest_yearly": 1.44,
            "eps_growth_yearly": 876.46
        },
        "20064": {
            "year_quarter": 20064,
            "year": 2006,
            "quarter": 4,
            "eps": -0.89,
            "eps_growth_year": null,
            "eps_4q": 0.28,
            "eps_4q_growth_year": null,
            "roe": -5.42,
            "roe_4q": 5.08,
            "gross_profit": 73079,
            "gross_margin": 1.85,
            "gross_margin_4q_avg": 4.43,
            "net_income": -529168,
            "net_income_4q": null,
            "revenue": 3940773,
            "revenue_4q": null,
            "common_shares": 6327735,
            "book_valuer_per_share": 12.26,
            "book_valuer_per_share_4q_avg": 12.59,
            "equity": 11262057,
            "current_ratio": 337.37,
            "debt_ratio": 25.65,
            "inventory_turnover_ratio": 1.05,
            "account_receivable_turnover_ratio": null,
            "reinvestment_rate": 37.62,
            "research_to_sale_ratio": null,
            "price_fair": 29.53,
            "eps_avg_yearly": 0.84,
            "eps_latest_yearly": 1.44,
            "eps_growth_yearly": 990.23
        },
        "20071": {
            "year_quarter": 20071,
            "year": 2007,
            "quarter": 1,
            "eps": 0.15,
            "eps_growth_year": -75,
            "eps_4q": 0.15,
            "eps_4q_growth_year": -84.6,
            "roe": 0.96,
            "roe_4q": 2.1100000000000003,
            "gross_profit": -35507,
            "gross_margin": -1.02,
            "gross_margin_4q_avg": 3.13,
            "net_income": 91796,
            "net_income_4q": null,
            "revenue": 3480943,
            "revenue_4q": null,
            "common_shares": 6327735,
            "book_valuer_per_share": 12.39,
            "book_valuer_per_share_4q_avg": 12.62,
            "equity": 7837232,
            "current_ratio": 629.06,
            "debt_ratio": 16.41,
            "inventory_turnover_ratio": 1.05,
            "account_receivable_turnover_ratio": null,
            "reinvestment_rate": -136.91,
            "research_to_sale_ratio": null,
            "price_fair": 29.26,
            "eps_avg_yearly": 0.84,
            "eps_latest_yearly": 1.44,
            "eps_growth_yearly": 209.26
        },
        "20072": {
            "year_quarter": 20072,
            "year": 2007,
            "quarter": 2,
            "eps": 0.7,
            "eps_growth_year": 32.08,
            "eps_4q": 0.32,
            "eps_4q_growth_year": -75.19,
            "roe": 5.2,
            "roe_4q": 3.3600000000000003,
            "gross_profit": 124051,
            "gross_margin": 3.18,
            "gross_margin_4q_avg": 1.73,
            "net_income": 411574,
            "net_income_4q": null,
            "revenue": 3898658,
            "revenue_4q": null,
            "common_shares": 6327735,
            "book_valuer_per_share": 12.62,
            "book_valuer_per_share_4q_avg": 12.59,
            "equity": 7983389,
            "current_ratio": 354.64,
            "debt_ratio": 23,
            "inventory_turnover_ratio": 1.71,
            "account_receivable_turnover_ratio": null,
            "reinvestment_rate": -101.17,
            "research_to_sale_ratio": null,
            "price_fair": 36.82,
            "eps_avg_yearly": 1.05,
            "eps_latest_yearly": 2.8,
            "eps_growth_yearly": 368.1
        },
        "20073": {
            "year_quarter": 20073,
            "year": 2007,
            "quarter": 3,
            "eps": 0.95,
            "eps_growth_year": 163.89,
            "eps_4q": 0.91,
            "eps_4q_growth_year": -35.33,
            "roe": 6.81,
            "roe_4q": 7.549999999999999,
            "gross_profit": 178876,
            "gross_margin": 4.6,
            "gross_margin_4q_avg": 2.15,
            "net_income": 561509,
            "net_income_4q": null,
            "revenue": 3891547,
            "revenue_4q": null,
            "common_shares": 6327735,
            "book_valuer_per_share": 13.43,
            "book_valuer_per_share_4q_avg": 12.68,
            "equity": 8500299,
            "current_ratio": 307.26,
            "debt_ratio": 26.31,
            "inventory_turnover_ratio": 1.3,
            "account_receivable_turnover_ratio": null,
            "reinvestment_rate": -74.78,
            "research_to_sale_ratio": null,
            "price_fair": 46.34,
            "eps_avg_yearly": 1.32,
            "eps_latest_yearly": 3.8,
            "eps_growth_yearly": 354.88
        },
        "20074": {
            "year_quarter": 20074,
            "year": 2007,
            "quarter": 4,
            "eps": -0.35,
            "eps_growth_year": null,
            "eps_4q": 1.06,
            "eps_4q_growth_year": 281.27,
            "roe": -2.06,
            "roe_4q": 10.91,
            "gross_profit": 59494,
            "gross_margin": 1.51,
            "gross_margin_4q_avg": 2.07,
            "net_income": -204737,
            "net_income_4q": null,
            "revenue": 3938388,
            "revenue_4q": null,
            "common_shares": 6327735,
            "book_valuer_per_share": 13.07,
            "book_valuer_per_share_4q_avg": 12.88,
            "equity": 11342262,
            "current_ratio": 393.2,
            "debt_ratio": 23.5,
            "inventory_turnover_ratio": 0.93,
            "account_receivable_turnover_ratio": null,
            "reinvestment_rate": 32.9,
            "research_to_sale_ratio": null,
            "price_fair": 51.33,
            "eps_avg_yearly": 1.47,
            "eps_latest_yearly": 3.8,
            "eps_growth_yearly": 437.11
        },
        "20081": {
            "year_quarter": 20081,
            "year": 2008,
            "quarter": 1,
            "eps": -0.24,
            "eps_growth_year": -260,
            "eps_4q": 0.87,
            "eps_4q_growth_year": 498.22,
            "roe": -1.55,
            "roe_4q": 8.399999999999999,
            "gross_profit": 63126,
            "gross_margin": 1.08,
            "gross_margin_4q_avg": 2.59,
            "net_income": -173986,
            "net_income_4q": null,
            "revenue": 5828898,
            "revenue_4q": null,
            "common_shares": 6327735,
            "book_valuer_per_share": 12.85,
            "book_valuer_per_share_4q_avg": 12.99,
            "equity": 11168673,
            "current_ratio": 380.17,
            "debt_ratio": 24.11,
            "inventory_turnover_ratio": 1.15,
            "account_receivable_turnover_ratio": null,
            "reinvestment_rate": 38.5,
            "research_to_sale_ratio": null,
            "price_fair": 56.88,
            "eps_avg_yearly": 1.63,
            "eps_latest_yearly": 3.8,
            "eps_growth_yearly": 291.75
        },
        "20082": {
            "year_quarter": 20082,
            "year": 2008,
            "quarter": 2,
            "eps": 0.27,
            "eps_growth_year": -61.43,
            "eps_4q": 0.38,
            "eps_4q_growth_year": 18.85,
            "roe": 2.4,
            "roe_4q": 5.6,
            "gross_profit": 338492,
            "gross_margin": 5.67,
            "gross_margin_4q_avg": 3.22,
            "net_income": 264241,
            "net_income_4q": null,
            "revenue": 5964694,
            "revenue_4q": null,
            "common_shares": 6327735,
            "book_valuer_per_share": 12.31,
            "book_valuer_per_share_4q_avg": 12.92,
            "equity": 10892912,
            "current_ratio": 345.3,
            "debt_ratio": 26.37,
            "inventory_turnover_ratio": 1.14,
            "account_receivable_turnover_ratio": null,
            "reinvestment_rate": 26.84,
            "research_to_sale_ratio": null,
            "price_fair": 61.6,
            "eps_avg_yearly": 1.76,
            "eps_latest_yearly": 3.8,
            "eps_growth_yearly": 196.29
        },
        "20083": {
            "year_quarter": 20083,
            "year": 2008,
            "quarter": 3,
            "eps": -0.22,
            "eps_growth_year": -123.16,
            "eps_4q": -0.5,
            "eps_4q_growth_year": -154.73,
            "roe": -0.72,
            "roe_4q": -1.9300000000000002,
            "gross_profit": 129753,
            "gross_margin": 2.25,
            "gross_margin_4q_avg": 2.63,
            "net_income": -76939,
            "net_income_4q": null,
            "revenue": 5776223,
            "revenue_4q": null,
            "common_shares": 6327735,
            "book_valuer_per_share": 12.07,
            "book_valuer_per_share_4q_avg": 12.58,
            "equity": 10372755,
            "current_ratio": 304.83,
            "debt_ratio": 28.86,
            "inventory_turnover_ratio": 1.14,
            "account_receivable_turnover_ratio": null,
            "reinvestment_rate": 29.4,
            "research_to_sale_ratio": null,
            "price_fair": 66.73,
            "eps_avg_yearly": 1.91,
            "eps_latest_yearly": 3.8,
            "eps_growth_yearly": 209.4
        },
        "20084": {
            "year_quarter": 20084,
            "year": 2008,
            "quarter": 4,
            "eps": -1.97,
            "eps_growth_year": null,
            "eps_4q": -1.53,
            "eps_4q_growth_year": -244.11,
            "roe": -18.12,
            "roe_4q": -17.990000000000002,
            "gross_profit": -1559736,
            "gross_margin": -42.97,
            "gross_margin_4q_avg": -8.49,
            "net_income": -1723567,
            "net_income_4q": null,
            "revenue": 3629561,
            "revenue_4q": null,
            "common_shares": 6327735,
            "book_valuer_per_share": 10.33,
            "book_valuer_per_share_4q_avg": 11.89,
            "equity": 8646169,
            "current_ratio": 329.56,
            "debt_ratio": 26.53,
            "inventory_turnover_ratio": 1.18,
            "account_receivable_turnover_ratio": 8.09,
            "reinvestment_rate": null,
            "research_to_sale_ratio": null,
            "price_fair": 77.28,
            "eps_avg_yearly": 2.21,
            "eps_latest_yearly": 3.8,
            "eps_growth_yearly": 294.91
        },
        "20091": {
            "year_quarter": 20091,
            "year": 2009,
            "quarter": 1,
            "eps": 0.12,
            "eps_growth_year": null,
            "eps_4q": -1.84,
            "eps_4q_growth_year": -311.2,
            "roe": -0.76,
            "roe_4q": -17.200000000000003,
            "gross_profit": -119279,
            "gross_margin": -6.64,
            "gross_margin_4q_avg": -10.42,
            "net_income": -65136,
            "net_income_4q": null,
            "revenue": 1796660,
            "revenue_4q": null,
            "common_shares": 6327735,
            "book_valuer_per_share": 10.44,
            "book_valuer_per_share_4q_avg": 11.29,
            "equity": 8581769,
            "current_ratio": 380.52,
            "debt_ratio": 24.8,
            "inventory_turnover_ratio": 0.55,
            "account_receivable_turnover_ratio": 2.12,
            "reinvestment_rate": null,
            "research_to_sale_ratio": null,
            "price_fair": 77.28,
            "eps_avg_yearly": 2.21,
            "eps_latest_yearly": 3.8,
            "eps_growth_yearly": 294.91
        },
        "20092": {
            "year_quarter": 20092,
            "year": 2009,
            "quarter": 2,
            "eps": 0.52,
            "eps_growth_year": 92.59,
            "eps_4q": -0.93,
            "eps_4q_growth_year": -345.67,
            "roe": 5.48,
            "roe_4q": -14.120000000000001,
            "gross_profit": 400562,
            "gross_margin": 13.33,
            "gross_margin_4q_avg": -8.51,
            "net_income": 483147,
            "net_income_4q": null,
            "revenue": 3004714,
            "revenue_4q": null,
            "common_shares": 6327735,
            "book_valuer_per_share": 10.89,
            "book_valuer_per_share_4q_avg": 10.93,
            "equity": 9056427,
            "current_ratio": 490.12,
            "debt_ratio": 20.99,
            "inventory_turnover_ratio": 0.9,
            "account_receivable_turnover_ratio": 3.76,
            "reinvestment_rate": 849.49,
            "research_to_sale_ratio": null,
            "price_fair": 76.53,
            "eps_avg_yearly": 2.19,
            "eps_latest_yearly": 2.08,
            "eps_growth_yearly": 467.98
        },
        "20093": {
            "year_quarter": 20093,
            "year": 2009,
            "quarter": 3,
            "eps": 0.62,
            "eps_growth_year": null,
            "eps_4q": -0.45,
            "eps_4q_growth_year": null,
            "roe": 6.17,
            "roe_4q": -7.23,
            "gross_profit": 452727,
            "gross_margin": 12.48,
            "gross_margin_4q_avg": -5.95,
            "net_income": 569345,
            "net_income_4q": null,
            "revenue": 3626892,
            "revenue_4q": null,
            "common_shares": 6327735,
            "book_valuer_per_share": 11.33,
            "book_valuer_per_share_4q_avg": 10.75,
            "equity": 9412689,
            "current_ratio": 453.56,
            "debt_ratio": 21.85,
            "inventory_turnover_ratio": 1.24,
            "account_receivable_turnover_ratio": 3.29,
            "reinvestment_rate": 308.98,
            "research_to_sale_ratio": null,
            "price_fair": 85.87,
            "eps_avg_yearly": 2.45,
            "eps_latest_yearly": 2.48,
            "eps_growth_yearly": 474.14
        },
        "20094": {
            "year_quarter": 20094,
            "year": 2009,
            "quarter": 4,
            "eps": 0.51,
            "eps_growth_year": null,
            "eps_4q": 1.83,
            "eps_4q_growth_year": null,
            "roe": 4.84,
            "roe_4q": 15.730000000000002,
            "gross_profit": 407919,
            "gross_margin": 9.64,
            "gross_margin_4q_avg": 7.2,
            "net_income": 469243,
            "net_income_4q": null,
            "revenue": 4230541,
            "revenue_4q": null,
            "common_shares": 6327735,
            "book_valuer_per_share": 14.44,
            "book_valuer_per_share_4q_avg": 11.78,
            "equity": 9965281,
            "current_ratio": 332.57,
            "debt_ratio": 24.83,
            "inventory_turnover_ratio": 1.26,
            "account_receivable_turnover_ratio": 7.09,
            "reinvestment_rate": 120.11,
            "research_to_sale_ratio": null,
            "price_fair": 83.8,
            "eps_avg_yearly": 2.39,
            "eps_latest_yearly": 2.04,
            "eps_growth_yearly": 396.26
        },
        "20101": {
            "year_quarter": 20101,
            "year": 2010,
            "quarter": 1,
            "eps": 0.21,
            "eps_growth_year": 75,
            "eps_4q": 1.93,
            "eps_4q_growth_year": null,
            "roe": 1.94,
            "roe_4q": 18.43,
            "gross_profit": 253095,
            "gross_margin": 6.36,
            "gross_margin_4q_avg": 10.45,
            "net_income": 195457,
            "net_income_4q": null,
            "revenue": 3978253,
            "revenue_4q": null,
            "common_shares": 6327735,
            "book_valuer_per_share": 14.95,
            "book_valuer_per_share_4q_avg": 12.9,
            "equity": 10145453,
            "current_ratio": 319.49,
            "debt_ratio": 25.9,
            "inventory_turnover_ratio": 1.06,
            "account_receivable_turnover_ratio": 3.04,
            "reinvestment_rate": 1205.86,
            "research_to_sale_ratio": null,
            "price_fair": 77,
            "eps_avg_yearly": 2.2,
            "eps_latest_yearly": 0.84,
            "eps_growth_yearly": 317.32
        },
        "20102": {
            "year_quarter": 20102,
            "year": 2010,
            "quarter": 2,
            "eps": -0.08,
            "eps_growth_year": -114.65,
            "eps_4q": 1.31,
            "eps_4q_growth_year": null,
            "roe": 0.23,
            "roe_4q": 13.18,
            "gross_profit": 283594,
            "gross_margin": 6.12,
            "gross_margin_4q_avg": 8.65,
            "net_income": 23442,
            "net_income_4q": null,
            "revenue": 4635320,
            "revenue_4q": null,
            "common_shares": 6327735,
            "book_valuer_per_share": 14.19,
            "book_valuer_per_share_4q_avg": 13.73,
            "equity": 9818089,
            "current_ratio": 261.3,
            "debt_ratio": 30.2,
            "inventory_turnover_ratio": 1.27,
            "account_receivable_turnover_ratio": 3.05,
            "reinvestment_rate": null,
            "research_to_sale_ratio": null,
            "price_fair": 77.4,
            "eps_avg_yearly": 2.21,
            "eps_latest_yearly": 0.84,
            "eps_growth_yearly": 369.32
        },
        "20103": {
            "year_quarter": 20103,
            "year": 2010,
            "quarter": 3,
            "eps": 0.35,
            "eps_growth_year": -44.19,
            "eps_4q": 1.01,
            "eps_4q_growth_year": null,
            "roe": 2.97,
            "roe_4q": 9.98,
            "gross_profit": 180641,
            "gross_margin": 4.65,
            "gross_margin_4q_avg": 6.69,
            "net_income": 294828,
            "net_income_4q": null,
            "revenue": 3884430,
            "revenue_4q": null,
            "common_shares": 6327735,
            "book_valuer_per_share": 14.73,
            "book_valuer_per_share_4q_avg": 14.58,
            "equity": 10059781,
            "current_ratio": 322.35,
            "debt_ratio": 26.4,
            "inventory_turnover_ratio": 1.04,
            "account_receivable_turnover_ratio": 2.81,
            "reinvestment_rate": null,
            "research_to_sale_ratio": null,
            "price_fair": 81.9,
            "eps_avg_yearly": 2.34,
            "eps_latest_yearly": 0.84,
            "eps_growth_yearly": 452.25
        },
        "20104": {
            "year_quarter": 20104,
            "year": 2010,
            "quarter": 4,
            "eps": 0.01,
            "eps_growth_year": -97.32,
            "eps_4q": 0.49,
            "eps_4q_growth_year": -73,
            "roe": 0.73,
            "roe_4q": 5.87,
            "gross_profit": 166794,
            "gross_margin": 4.26,
            "gross_margin_4q_avg": 5.35,
            "net_income": 73788,
            "net_income_4q": null,
            "revenue": 3919968,
            "revenue_4q": null,
            "common_shares": 6327735,
            "book_valuer_per_share": 14.8,
            "book_valuer_per_share_4q_avg": 14.67,
            "equity": 10160592,
            "current_ratio": 251.86,
            "debt_ratio": 31.01,
            "inventory_turnover_ratio": 0.89,
            "account_receivable_turnover_ratio": 3.5,
            "reinvestment_rate": 304.18,
            "research_to_sale_ratio": null,
            "price_fair": 70.4,
            "eps_avg_yearly": 2.01,
            "eps_latest_yearly": 0.04,
            "eps_growth_yearly": 332.14
        },
        "20111": {
            "year_quarter": 20111,
            "year": 2011,
            "quarter": 1,
            "eps": 0.3,
            "eps_growth_year": 42.86,
            "eps_4q": 0.59,
            "eps_4q_growth_year": -69.32,
            "roe": 2.21,
            "roe_4q": 6.140000000000001,
            "gross_profit": 291700,
            "gross_margin": 7.2,
            "gross_margin_4q_avg": 5.56,
            "net_income": 226263,
            "net_income_4q": null,
            "revenue": 4053341,
            "revenue_4q": null,
            "common_shares": 6327735,
            "book_valuer_per_share": 15.54,
            "book_valuer_per_share_4q_avg": 14.82,
            "equity": 10276700,
            "current_ratio": 236.55,
            "debt_ratio": 32.91,
            "inventory_turnover_ratio": 0.79,
            "account_receivable_turnover_ratio": 3.47,
            "reinvestment_rate": 656.81,
            "research_to_sale_ratio": null,
            "price_fair": 66.85,
            "eps_avg_yearly": 1.91,
            "eps_latest_yearly": 1.2,
            "eps_growth_yearly": 1740.62
        },
        "20112": {
            "year_quarter": 20112,
            "year": 2011,
            "quarter": 2,
            "eps": 0.15,
            "eps_growth_year": null,
            "eps_4q": 0.82,
            "eps_4q_growth_year": -37.05,
            "roe": 1.12,
            "roe_4q": 7.030000000000001,
            "gross_profit": 104015,
            "gross_margin": 2.86,
            "gross_margin_4q_avg": 4.74,
            "net_income": 113764,
            "net_income_4q": null,
            "revenue": 3637059,
            "revenue_4q": null,
            "common_shares": 6327735,
            "book_valuer_per_share": 15.17,
            "book_valuer_per_share_4q_avg": 15.06,
            "equity": 10093232,
            "current_ratio": 194.4,
            "debt_ratio": 36.18,
            "inventory_turnover_ratio": 0.72,
            "account_receivable_turnover_ratio": 3.09,
            "reinvestment_rate": 4278.57,
            "research_to_sale_ratio": null,
            "price_fair": 57.23,
            "eps_avg_yearly": 1.64,
            "eps_latest_yearly": 0.6,
            "eps_growth_yearly": 1532.29
        },
        "20113": {
            "year_quarter": 20113,
            "year": 2011,
            "quarter": 3,
            "eps": -0.29,
            "eps_growth_year": -185.24,
            "eps_4q": 0.18,
            "eps_4q_growth_year": -82.44,
            "roe": -1.53,
            "roe_4q": 2.5300000000000002,
            "gross_profit": 46044,
            "gross_margin": 1.08,
            "gross_margin_4q_avg": 3.85,
            "net_income": -148837,
            "net_income_4q": null,
            "revenue": 4243575,
            "revenue_4q": null,
            "common_shares": 6327735,
            "book_valuer_per_share": 14.66,
            "book_valuer_per_share_4q_avg": 15.04,
            "equity": 9401994,
            "current_ratio": 164.94,
            "debt_ratio": 40.63,
            "inventory_turnover_ratio": 0.86,
            "account_receivable_turnover_ratio": 3.21,
            "reinvestment_rate": null,
            "research_to_sale_ratio": null,
            "price_fair": 46.4,
            "eps_avg_yearly": 1.33,
            "eps_latest_yearly": 0.6,
            "eps_growth_yearly": 1730.77
        },
        "20114": {
            "year_quarter": 20114,
            "year": 2011,
            "quarter": 4,
            "eps": -0.19,
            "eps_growth_year": -1498.11,
            "eps_4q": -0.03,
            "eps_4q_growth_year": -105.73,
            "roe": -2.53,
            "roe_4q": -0.7299999999999995,
            "gross_profit": -134213,
            "gross_margin": -4.06,
            "gross_margin_4q_avg": 1.77,
            "net_income": -232541,
            "net_income_4q": null,
            "revenue": 3306884,
            "revenue_4q": null,
            "common_shares": 6327735,
            "book_valuer_per_share": 14.04,
            "book_valuer_per_share_4q_avg": 14.85,
            "equity": 8949652,
            "current_ratio": 176.1,
            "debt_ratio": 38.2,
            "inventory_turnover_ratio": 0.74,
            "account_receivable_turnover_ratio": 2.61,
            "reinvestment_rate": null,
            "research_to_sale_ratio": null,
            "price_fair": 46.4,
            "eps_avg_yearly": 1.33,
            "eps_latest_yearly": 0.6,
            "eps_growth_yearly": 1730.77
        },
        "20121": {
            "year_quarter": 20121,
            "year": 2012,
            "quarter": 1,
            "eps": 0.48,
            "eps_growth_year": 60,
            "eps_4q": 0.15,
            "eps_4q_growth_year": -74.85,
            "roe": 2.99,
            "roe_4q": 0.05000000000000049,
            "gross_profit": 201574,
            "gross_margin": 6.14,
            "gross_margin_4q_avg": 1.51,
            "net_income": 273749,
            "net_income_4q": null,
            "revenue": 3284155,
            "revenue_4q": null,
            "common_shares": 6327735,
            "book_valuer_per_share": 14.79,
            "book_valuer_per_share_4q_avg": 14.67,
            "equity": 9369073,
            "current_ratio": 186.63,
            "debt_ratio": 36.4,
            "inventory_turnover_ratio": 0.71,
            "account_receivable_turnover_ratio": 2.68,
            "reinvestment_rate": null,
            "research_to_sale_ratio": null,
            "price_fair": 46.4,
            "eps_avg_yearly": 1.33,
            "eps_latest_yearly": 0.6,
            "eps_growth_yearly": 1730.77
        },
        "20122": {
            "year_quarter": 20122,
            "year": 2012,
            "quarter": 2,
            "eps": 0.11,
            "eps_growth_year": -29.88,
            "eps_4q": 0.1,
            "eps_4q_growth_year": -87.52,
            "roe": 0.25,
            "roe_4q": -0.8199999999999996,
            "gross_profit": 59501,
            "gross_margin": 1.5,
            "gross_margin_4q_avg": 1.17,
            "net_income": 23310,
            "net_income_4q": null,
            "revenue": 3971080,
            "revenue_4q": null,
            "common_shares": 6327735,
            "book_valuer_per_share": 14.64,
            "book_valuer_per_share_4q_avg": 14.53,
            "equity": 9254462,
            "current_ratio": 217.69,
            "debt_ratio": 33.13,
            "inventory_turnover_ratio": 1.02,
            "account_receivable_turnover_ratio": 2.81,
            "reinvestment_rate": null,
            "research_to_sale_ratio": null,
            "price_fair": 42.53,
            "eps_avg_yearly": 1.22,
            "eps_latest_yearly": 0.44,
            "eps_growth_yearly": 1475.89
        },
        "20123": {
            "year_quarter": 20123,
            "year": 2012,
            "quarter": 3,
            "eps": 0.46,
            "eps_growth_year": null,
            "eps_4q": 0.88,
            "eps_4q_growth_year": 395.83,
            "roe": 2.66,
            "roe_4q": 3.3700000000000006,
            "gross_profit": 196092,
            "gross_margin": 5.38,
            "gross_margin_4q_avg": 2.24,
            "net_income": 244272,
            "net_income_4q": null,
            "revenue": 3642469,
            "revenue_4q": null,
            "common_shares": 6327735,
            "book_valuer_per_share": 15.39,
            "book_valuer_per_share_4q_avg": 14.72,
            "equity": 9115330,
            "current_ratio": 220.58,
            "debt_ratio": 32.94,
            "inventory_turnover_ratio": 0.95,
            "account_receivable_turnover_ratio": 2.64,
            "reinvestment_rate": null,
            "research_to_sale_ratio": null,
            "price_fair": 44.96,
            "eps_avg_yearly": 1.28,
            "eps_latest_yearly": 1.84,
            "eps_growth_yearly": 1453.31
        },
        "20124": {
            "year_quarter": 20124,
            "year": 2012,
            "quarter": 4,
            "eps": 0.06,
            "eps_growth_year": null,
            "eps_4q": 1.21,
            "eps_4q_growth_year": null,
            "roe": 0.21,
            "roe_4q": 6.11,
            "gross_profit": 42014,
            "gross_margin": 1.41,
            "gross_margin_4q_avg": 3.61,
            "net_income": 18303,
            "net_income_4q": null,
            "revenue": 2985975,
            "revenue_4q": null,
            "common_shares": 6327735,
            "book_valuer_per_share": 15.96,
            "book_valuer_per_share_4q_avg": 15.2,
            "equity": 8558369,
            "current_ratio": 223.1,
            "debt_ratio": 32.37,
            "inventory_turnover_ratio": 0.83,
            "account_receivable_turnover_ratio": 2.62,
            "reinvestment_rate": 114.23,
            "research_to_sale_ratio": null,
            "price_fair": 41.3,
            "eps_avg_yearly": 1.18,
            "eps_latest_yearly": 0.24,
            "eps_growth_yearly": 1273.2
        },
        "20131": {
            "year_quarter": 20131,
            "year": 2013,
            "quarter": 1,
            "eps": 0.5,
            "eps_growth_year": 4.17,
            "eps_4q": 1.18,
            "eps_4q_growth_year": 692.65,
            "roe": 2.64,
            "roe_4q": 5.76,
            "gross_profit": 32928,
            "gross_margin": 1.24,
            "gross_margin_4q_avg": 2.38,
            "net_income": 237413,
            "net_income_4q": null,
            "revenue": 2665309,
            "revenue_4q": null,
            "common_shares": 6327735,
            "book_valuer_per_share": 17.82,
            "book_valuer_per_share_4q_avg": 15.95,
            "equity": 9398977,
            "current_ratio": 254.79,
            "debt_ratio": 28.18,
            "inventory_turnover_ratio": 0.82,
            "account_receivable_turnover_ratio": 2.93,
            "reinvestment_rate": 108.01,
            "research_to_sale_ratio": null,
            "price_fair": 43.91,
            "eps_avg_yearly": 1.25,
            "eps_latest_yearly": 2,
            "eps_growth_yearly": 1424.12
        },
        "20132": {
            "year_quarter": 20132,
            "year": 2013,
            "quarter": 2,
            "eps": -0.71,
            "eps_growth_year": -769.87,
            "eps_4q": 0.36,
            "eps_4q_growth_year": 253.12,
            "roe": -3.95,
            "roe_4q": 1.56,
            "gross_profit": -74548,
            "gross_margin": -2.54,
            "gross_margin_4q_avg": 1.37,
            "net_income": -357866,
            "net_income_4q": null,
            "revenue": 2931592,
            "revenue_4q": null,
            "common_shares": 6327735,
            "book_valuer_per_share": 16.53,
            "book_valuer_per_share_4q_avg": 16.43,
            "equity": 8720422,
            "current_ratio": 198.96,
            "debt_ratio": 33.83,
            "inventory_turnover_ratio": 1.03,
            "account_receivable_turnover_ratio": 2.98,
            "reinvestment_rate": 151.83,
            "research_to_sale_ratio": null,
            "price_fair": 41.02,
            "eps_avg_yearly": 1.17,
            "eps_latest_yearly": 2,
            "eps_growth_yearly": 1433.2
        },
        "20133": {
            "year_quarter": 20133,
            "year": 2013,
            "quarter": 3,
            "eps": 0.27,
            "eps_growth_year": -41.39,
            "eps_4q": 0.13,
            "eps_4q_growth_year": -85.32,
            "roe": 2.58,
            "roe_4q": 1.48,
            "gross_profit": 10210,
            "gross_margin": 0.38,
            "gross_margin_4q_avg": 0.12,
            "net_income": 235027,
            "net_income_4q": null,
            "revenue": 2689254,
            "revenue_4q": null,
            "common_shares": 6327735,
            "book_valuer_per_share": 18.16,
            "book_valuer_per_share_4q_avg": 17.12,
            "equity": 9475795,
            "current_ratio": 259.24,
            "debt_ratio": 26.67,
            "inventory_turnover_ratio": 0.98,
            "account_receivable_turnover_ratio": 3.15,
            "reinvestment_rate": 232.81,
            "research_to_sale_ratio": null,
            "price_fair": 35.93,
            "eps_avg_yearly": 1.03,
            "eps_latest_yearly": 2,
            "eps_growth_yearly": 1583.9
        },
        "20134": {
            "year_quarter": 20134,
            "year": 2013,
            "quarter": 4,
            "eps": 0.91,
            "eps_growth_year": 1420.73,
            "eps_4q": 0.98,
            "eps_4q_growth_year": -19.17,
            "roe": 3.5,
            "roe_4q": 4.77,
            "gross_profit": 12495,
            "gross_margin": 0.45,
            "gross_margin_4q_avg": -0.12,
            "net_income": 330438,
            "net_income_4q": null,
            "revenue": 2757770,
            "revenue_4q": null,
            "common_shares": 6327735,
            "book_valuer_per_share": 18.8,
            "book_valuer_per_share_4q_avg": 17.83,
            "equity": 9402925,
            "current_ratio": 250.75,
            "debt_ratio": 26.6,
            "inventory_turnover_ratio": 1.07,
            "account_receivable_turnover_ratio": 3.98,
            "reinvestment_rate": 78.47,
            "research_to_sale_ratio": null,
            "price_fair": 42.16,
            "eps_avg_yearly": 1.2,
            "eps_latest_yearly": 3.64,
            "eps_growth_yearly": 1697.13
        },
        "20141": {
            "year_quarter": 20141,
            "year": 2014,
            "quarter": 1,
            "eps": -0.01,
            "eps_growth_year": -102,
            "eps_4q": 0.44,
            "eps_4q_growth_year": -62.6,
            "roe": -0.31,
            "roe_4q": 1.8199999999999994,
            "gross_profit": 13649,
            "gross_margin": 0.55,
            "gross_margin_4q_avg": -0.29,
            "net_income": -29135,
            "net_income_4q": null,
            "revenue": 2494882,
            "revenue_4q": null,
            "common_shares": 6327735,
            "book_valuer_per_share": 19.04,
            "book_valuer_per_share_4q_avg": 18.13,
            "equity": 9428742,
            "current_ratio": 225.89,
            "debt_ratio": 28.84,
            "inventory_turnover_ratio": 0.94,
            "account_receivable_turnover_ratio": 3.38,
            "reinvestment_rate": 94.51,
            "research_to_sale_ratio": null,
            "price_fair": 43.75,
            "eps_avg_yearly": 1.25,
            "eps_latest_yearly": 3.64,
            "eps_growth_yearly": 1938.68
        },
        "20142": {
            "year_quarter": 20142,
            "year": 2014,
            "quarter": 2,
            "eps": 0.13,
            "eps_growth_year": null,
            "eps_4q": 1.31,
            "eps_4q_growth_year": 259.84,
            "roe": 1.75,
            "roe_4q": 7.52,
            "gross_profit": 18190,
            "gross_margin": 0.73,
            "gross_margin_4q_avg": 0.53,
            "net_income": 166044,
            "net_income_4q": null,
            "revenue": 2498813,
            "revenue_4q": null,
            "common_shares": 6327735,
            "book_valuer_per_share": 19.36,
            "book_valuer_per_share_4q_avg": 18.84,
            "equity": 9553497,
            "current_ratio": 199.47,
            "debt_ratio": 30.62,
            "inventory_turnover_ratio": 0.86,
            "account_receivable_turnover_ratio": 3.38,
            "reinvestment_rate": 123.26,
            "research_to_sale_ratio": null,
            "price_fair": 43.75,
            "eps_avg_yearly": 1.25,
            "eps_latest_yearly": 3.64,
            "eps_growth_yearly": 1938.68
        },
        "20143": {
            "year_quarter": 20143,
            "year": 2014,
            "quarter": 3,
            "eps": 0.04,
            "eps_growth_year": -85.19,
            "eps_4q": 1.07,
            "eps_4q_growth_year": 735.36,
            "roe": 0.23,
            "roe_4q": 5.17,
            "gross_profit": 42697,
            "gross_margin": 1.68,
            "gross_margin_4q_avg": 0.85,
            "net_income": 21754,
            "net_income_4q": null,
            "revenue": 2534910,
            "revenue_4q": null,
            "common_shares": 6327735,
            "book_valuer_per_share": 19.09,
            "book_valuer_per_share_4q_avg": 19.07,
            "equity": 9442566,
            "current_ratio": 188.11,
            "debt_ratio": 31.9,
            "inventory_turnover_ratio": 0.81,
            "account_receivable_turnover_ratio": 3.73,
            "reinvestment_rate": 164.34,
            "research_to_sale_ratio": null,
            "price_fair": 39.51,
            "eps_avg_yearly": 1.13,
            "eps_latest_yearly": 0.16,
            "eps_growth_yearly": 1692.51
        },
        "20144": {
            "year_quarter": 20144,
            "year": 2014,
            "quarter": 4,
            "eps": -0.18,
            "eps_growth_year": -119.83,
            "eps_4q": -0.02,
            "eps_4q_growth_year": -101.64,
            "roe": -0.85,
            "roe_4q": 0.8199999999999998,
            "gross_profit": -14548,
            "gross_margin": -0.61,
            "gross_margin_4q_avg": 0.59,
            "net_income": -78521,
            "net_income_4q": null,
            "revenue": 2388831,
            "revenue_4q": null,
            "common_shares": 6327735,
            "book_valuer_per_share": 18.4,
            "book_valuer_per_share_4q_avg": 18.97,
            "equity": 9138209,
            "current_ratio": 175.11,
            "debt_ratio": 34.11,
            "inventory_turnover_ratio": 0.73,
            "account_receivable_turnover_ratio": 3.39,
            "reinvestment_rate": 116.01,
            "research_to_sale_ratio": null,
            "price_fair": 44.28,
            "eps_avg_yearly": 1.27,
            "eps_latest_yearly": 0.16,
            "eps_growth_yearly": 1952.64
        },
        "20151": {
            "year_quarter": 20151,
            "year": 2015,
            "quarter": 1,
            "eps": -0.04,
            "eps_growth_year": null,
            "eps_4q": -0.05,
            "eps_4q_growth_year": -111.1,
            "roe": -1.1,
            "roe_4q": 0.029999999999999805,
            "gross_profit": -104480,
            "gross_margin": -4.74,
            "gross_margin_4q_avg": -0.74,
            "net_income": -98549,
            "net_income_4q": null,
            "revenue": 2206348,
            "revenue_4q": null,
            "common_shares": 6327735,
            "book_valuer_per_share": 17.56,
            "book_valuer_per_share_4q_avg": 18.6,
            "equity": 8701198,
            "current_ratio": 174.26,
            "debt_ratio": 35.12,
            "inventory_turnover_ratio": 0.71,
            "account_receivable_turnover_ratio": 2.85,
            "reinvestment_rate": 96.26,
            "research_to_sale_ratio": null,
            "price_fair": 44.6,
            "eps_avg_yearly": 1.27,
            "eps_latest_yearly": 0.16,
            "eps_growth_yearly": 574.45
        },
        "20152": {
            "year_quarter": 20152,
            "year": 2015,
            "quarter": 2,
            "eps": -0.02,
            "eps_growth_year": -115.38,
            "eps_4q": -0.2,
            "eps_4q_growth_year": -115.6,
            "roe": -0.44,
            "roe_4q": -2.16,
            "gross_profit": 64541,
            "gross_margin": 2.84,
            "gross_margin_4q_avg": -0.21,
            "net_income": -37339,
            "net_income_4q": null,
            "revenue": 2270348,
            "revenue_4q": null,
            "common_shares": 6327735,
            "book_valuer_per_share": 17.07,
            "book_valuer_per_share_4q_avg": 18.03,
            "equity": 8372231,
            "current_ratio": 170.08,
            "debt_ratio": 36.83,
            "inventory_turnover_ratio": 0.7,
            "account_receivable_turnover_ratio": 2.77,
            "reinvestment_rate": -53.19,
            "research_to_sale_ratio": null,
            "price_fair": 48.53,
            "eps_avg_yearly": 1.39,
            "eps_latest_yearly": 0.16,
            "eps_growth_yearly": 703.52
        },
        "20153": {
            "year_quarter": 20153,
            "year": 2015,
            "quarter": 3,
            "eps": -0.43,
            "eps_growth_year": -1175,
            "eps_4q": -0.67,
            "eps_4q_growth_year": -162.84,
            "roe": -3.36,
            "roe_4q": -5.75,
            "gross_profit": -98138,
            "gross_margin": -5.11,
            "gross_margin_4q_avg": -1.91,
            "net_income": -266973,
            "net_income_4q": null,
            "revenue": 1920066,
            "revenue_4q": null,
            "common_shares": 6327735,
            "book_valuer_per_share": 15.27,
            "book_valuer_per_share_4q_avg": 17.08,
            "equity": 7519244,
            "current_ratio": 165.75,
            "debt_ratio": 37.83,
            "inventory_turnover_ratio": 0.66,
            "account_receivable_turnover_ratio": 2.24,
            "reinvestment_rate": -162.93,
            "research_to_sale_ratio": null,
            "price_fair": 48.53,
            "eps_avg_yearly": 1.39,
            "eps_latest_yearly": 0.16,
            "eps_growth_yearly": 703.52
        },
        "20154": {
            "year_quarter": 20154,
            "year": 2015,
            "quarter": 4,
            "eps": 0.16,
            "eps_growth_year": null,
            "eps_4q": -0.33,
            "eps_4q_growth_year": null,
            "roe": 0.53,
            "roe_4q": -4.37,
            "gross_profit": 38661,
            "gross_margin": 1.7,
            "gross_margin_4q_avg": -1.33,
            "net_income": 40974,
            "net_income_4q": null,
            "revenue": 2276878,
            "revenue_4q": null,
            "common_shares": 6327735,
            "book_valuer_per_share": 16.23,
            "book_valuer_per_share_4q_avg": 16.53,
            "equity": 7902487,
            "current_ratio": 175.2,
            "debt_ratio": 35.22,
            "inventory_turnover_ratio": 0.81,
            "account_receivable_turnover_ratio": 2.25,
            "reinvestment_rate": -47.16,
            "research_to_sale_ratio": null,
            "price_fair": 48.53,
            "eps_avg_yearly": 1.39,
            "eps_latest_yearly": 0.16,
            "eps_growth_yearly": 703.52
        },
        "20161": {
            "year_quarter": 20161,
            "year": 2016,
            "quarter": 1,
            "eps": -0.01,
            "eps_growth_year": null,
            "eps_4q": -0.3,
            "eps_4q_growth_year": null,
            "roe": -0.17,
            "roe_4q": -3.44,
            "gross_profit": 70530,
            "gross_margin": 4.13,
            "gross_margin_4q_avg": 0.89,
            "net_income": -13542,
            "net_income_4q": null,
            "revenue": 1709386,
            "revenue_4q": null,
            "common_shares": 6327735,
            "book_valuer_per_share": 15.89,
            "book_valuer_per_share_4q_avg": 16.12,
            "equity": 7757497,
            "current_ratio": 167.71,
            "debt_ratio": 33.45,
            "inventory_turnover_ratio": 0.66,
            "account_receivable_turnover_ratio": 1.62,
            "reinvestment_rate": -118.93,
            "research_to_sale_ratio": null,
            "price_fair": 48.53,
            "eps_avg_yearly": 1.39,
            "eps_latest_yearly": 0.16,
            "eps_growth_yearly": 703.52
        },
        "20162": {
            "year_quarter": 20162,
            "year": 2016,
            "quarter": 2,
            "eps": -0.06,
            "eps_growth_year": null,
            "eps_4q": -0.34,
            "eps_4q_growth_year": null,
            "roe": -0.91,
            "roe_4q": -3.91,
            "gross_profit": 50231,
            "gross_margin": 2.87,
            "gross_margin_4q_avg": 0.9,
            "net_income": -70453,
            "net_income_4q": null,
            "revenue": 1751604,
            "revenue_4q": null,
            "common_shares": 6327735,
            "book_valuer_per_share": 15.88,
            "book_valuer_per_share_4q_avg": 15.82,
            "equity": 7733817,
            "current_ratio": 156.48,
            "debt_ratio": 37.2,
            "inventory_turnover_ratio": 0.7,
            "account_receivable_turnover_ratio": 1.77,
            "reinvestment_rate": -182.95,
            "research_to_sale_ratio": null,
            "price_fair": 55.16,
            "eps_avg_yearly": 1.58,
            "eps_latest_yearly": 0.16,
            "eps_growth_yearly": 905.89
        },
        "20163": {
            "year_quarter": 20163,
            "year": 2016,
            "quarter": 3,
            "eps": 0.22,
            "eps_growth_year": null,
            "eps_4q": 0.31,
            "eps_4q_growth_year": null,
            "roe": 0.73,
            "roe_4q": 0.17999999999999994,
            "gross_profit": -9129,
            "gross_margin": -0.52,
            "gross_margin_4q_avg": 2.05,
            "net_income": 56515,
            "net_income_4q": null,
            "revenue": 1767549,
            "revenue_4q": null,
            "common_shares": 6327735,
            "book_valuer_per_share": 15.78,
            "book_valuer_per_share_4q_avg": 15.95,
            "equity": 7691963,
            "current_ratio": 173.71,
            "debt_ratio": 32.32,
            "inventory_turnover_ratio": 0.74,
            "account_receivable_turnover_ratio": 1.74,
            "reinvestment_rate": -191.54,
            "research_to_sale_ratio": null,
            "price_fair": 52.85,
            "eps_avg_yearly": 1.51,
            "eps_latest_yearly": 0.16,
            "eps_growth_yearly": 814.18
        },
        "20164": {
            "year_quarter": 20164,
            "year": 2016,
            "quarter": 4,
            "eps": 0.08,
            "eps_growth_year": -47.75,
            "eps_4q": 0.23,
            "eps_4q_growth_year": null,
            "roe": 0.21,
            "roe_4q": -0.1400000000000001,
            "gross_profit": 58977,
            "gross_margin": 3.18,
            "gross_margin_4q_avg": 2.42,
            "net_income": 16180,
            "net_income_4q": null,
            "revenue": 1855125,
            "revenue_4q": null,
            "common_shares": 6327735,
            "book_valuer_per_share": 16.21,
            "book_valuer_per_share_4q_avg": 15.94,
            "equity": 7889757,
            "current_ratio": 169.66,
            "debt_ratio": 34.06,
            "inventory_turnover_ratio": 0.74,
            "account_receivable_turnover_ratio": 1.71,
            "reinvestment_rate": -147.22,
            "research_to_sale_ratio": null,
            "price_fair": 53.55,
            "eps_avg_yearly": 1.53,
            "eps_latest_yearly": 0.32,
            "eps_growth_yearly": 837.5
        },
        "20171": {
            "year_quarter": 20171,
            "year": 2017,
            "quarter": 1,
            "eps": 0.26,
            "eps_growth_year": null,
            "eps_4q": 0.5,
            "eps_4q_growth_year": null,
            "roe": 1.65,
            "roe_4q": 1.6799999999999997,
            "gross_profit": 150418,
            "gross_margin": 7.76,
            "gross_margin_4q_avg": 3.32,
            "net_income": 133363,
            "net_income_4q": null,
            "revenue": 1937892,
            "revenue_4q": null,
            "common_shares": 6327735,
            "book_valuer_per_share": 16.96,
            "book_valuer_per_share_4q_avg": 16.21,
            "equity": 8289819,
            "current_ratio": 180.24,
            "debt_ratio": 32.06,
            "inventory_turnover_ratio": 0.7,
            "account_receivable_turnover_ratio": 1.65,
            "reinvestment_rate": -142.3,
            "research_to_sale_ratio": null,
            "price_fair": 45.15,
            "eps_avg_yearly": 1.29,
            "eps_latest_yearly": 1.04,
            "eps_growth_yearly": 329.17
        },
        "20172": {
            "year_quarter": 20172,
            "year": 2017,
            "quarter": 2,
            "eps": 0.19,
            "eps_growth_year": null,
            "eps_4q": 0.75,
            "eps_4q_growth_year": null,
            "roe": 1.38,
            "roe_4q": 3.9699999999999998,
            "gross_profit": 187293,
            "gross_margin": 7.91,
            "gross_margin_4q_avg": 4.58,
            "net_income": 115002,
            "net_income_4q": null,
            "revenue": 2366615,
            "revenue_4q": null,
            "common_shares": 6327735,
            "book_valuer_per_share": 17.25,
            "book_valuer_per_share_4q_avg": 16.55,
            "equity": 8407997,
            "current_ratio": 188.7,
            "debt_ratio": 30.47,
            "inventory_turnover_ratio": 0.85,
            "account_receivable_turnover_ratio": 2.04,
            "reinvestment_rate": -22.31,
            "research_to_sale_ratio": null,
            "price_fair": 41.44,
            "eps_avg_yearly": 1.18,
            "eps_latest_yearly": 0.76,
            "eps_growth_yearly": 241.8
        },
        "20173": {
            "year_quarter": 20173,
            "year": 2017,
            "quarter": 3,
            "eps": 0.28,
            "eps_growth_year": 27.27,
            "eps_4q": 0.82,
            "eps_4q_growth_year": 166.14,
            "roe": 2.58,
            "roe_4q": 5.819999999999999,
            "gross_profit": 100172,
            "gross_margin": 5.15,
            "gross_margin_4q_avg": 6,
            "net_income": 215843,
            "net_income_4q": null,
            "revenue": 1944975,
            "revenue_4q": null,
            "common_shares": 6327735,
            "book_valuer_per_share": 16.97,
            "book_valuer_per_share_4q_avg": 16.85,
            "equity": 8327426,
            "current_ratio": 191.54,
            "debt_ratio": 30.64,
            "inventory_turnover_ratio": 0.69,
            "account_receivable_turnover_ratio": 1.88,
            "reinvestment_rate": -136.08,
            "research_to_sale_ratio": null,
            "price_fair": 41.07,
            "eps_avg_yearly": 1.17,
            "eps_latest_yearly": 1.12,
            "eps_growth_yearly": 233.08
        },
        "20174": {
            "year_quarter": 20174,
            "year": 2017,
            "quarter": 4,
            "eps": 0.3,
            "eps_growth_year": 259.16,
            "eps_4q": 1.04,
            "eps_4q_growth_year": 350.17,
            "roe": 1.82,
            "roe_4q": 7.43,
            "gross_profit": 110543,
            "gross_margin": 5.39,
            "gross_margin_4q_avg": 6.55,
            "net_income": 151797,
            "net_income_4q": null,
            "revenue": 2049762,
            "revenue_4q": null,
            "common_shares": 6327735,
            "book_valuer_per_share": 17.03,
            "book_valuer_per_share_4q_avg": 17.05,
            "equity": 8363962,
            "current_ratio": 174.65,
            "debt_ratio": 34.79,
            "inventory_turnover_ratio": 0.62,
            "account_receivable_turnover_ratio": 1.89,
            "reinvestment_rate": -207.31,
            "research_to_sale_ratio": null,
            "price_fair": 26.83,
            "eps_avg_yearly": 0.77,
            "eps_latest_yearly": 1.2,
            "eps_growth_yearly": 79.81
        },
        "20181": {
            "year_quarter": 20181,
            "year": 2018,
            "quarter": 1,
            "eps": 0.09,
            "eps_growth_year": -65.38,
            "eps_4q": 0.87,
            "eps_4q_growth_year": 74.63,
            "roe": 0.71,
            "roe_4q": 6.49,
            "gross_profit": 170784,
            "gross_margin": 7.58,
            "gross_margin_4q_avg": 6.51,
            "net_income": 59834,
            "net_income_4q": null,
            "revenue": 2252417,
            "revenue_4q": null,
            "common_shares": 6327735,
            "book_valuer_per_share": 17.14,
            "book_valuer_per_share_4q_avg": 17.1,
            "equity": 8429463,
            "current_ratio": 187.76,
            "debt_ratio": 32.12,
            "inventory_turnover_ratio": 0.63,
            "account_receivable_turnover_ratio": 1.95,
            "reinvestment_rate": -229.65,
            "research_to_sale_ratio": null,
            "price_fair": 24.8,
            "eps_avg_yearly": 0.71,
            "eps_latest_yearly": 0.36,
            "eps_growth_yearly": 28.41
        },
        "20182": {
            "year_quarter": 20182,
            "year": 2018,
            "quarter": 2,
            "eps": -0.38,
            "eps_growth_year": -300,
            "eps_4q": 0.3,
            "eps_4q_growth_year": -59.94,
            "roe": -1.98,
            "roe_4q": 3.13,
            "gross_profit": 105990,
            "gross_margin": 4.94,
            "gross_margin_4q_avg": 5.77,
            "net_income": -160268,
            "net_income_4q": null,
            "revenue": 2144237,
            "revenue_4q": null,
            "common_shares": 6327735,
            "book_valuer_per_share": 15.66,
            "book_valuer_per_share_4q_avg": 16.7,
            "equity": 7799792,
            "current_ratio": 158.39,
            "debt_ratio": 37.69,
            "inventory_turnover_ratio": 0.64,
            "account_receivable_turnover_ratio": 1.87,
            "reinvestment_rate": -709.37,
            "research_to_sale_ratio": null,
            "price_fair": 24.8,
            "eps_avg_yearly": 0.71,
            "eps_latest_yearly": 0.36,
            "eps_growth_yearly": 28.41
        },
        "20183": {
            "year_quarter": 20183,
            "year": 2018,
            "quarter": 3,
            "eps": -0.79,
            "eps_growth_year": -382.14,
            "eps_4q": -0.77,
            "eps_4q_growth_year": -193.83,
            "roe": -3.74,
            "roe_4q": -3.1900000000000004,
            "gross_profit": -7573,
            "gross_margin": -0.36,
            "gross_margin_4q_avg": 4.39,
            "net_income": -286944,
            "net_income_4q": null,
            "revenue": 2083264,
            "revenue_4q": null,
            "common_shares": 6327735,
            "book_valuer_per_share": 14.96,
            "book_valuer_per_share_4q_avg": 16.2,
            "equity": 7542910,
            "current_ratio": 181.96,
            "debt_ratio": 33.2,
            "inventory_turnover_ratio": 0.71,
            "account_receivable_turnover_ratio": 1.77,
            "reinvestment_rate": null,
            "research_to_sale_ratio": null,
            "price_fair": 28,
            "eps_avg_yearly": 0.8,
            "eps_latest_yearly": 0.36,
            "eps_growth_yearly": 79.3
        },
        "20184": {
            "year_quarter": 20184,
            "year": 2018,
            "quarter": 4,
            "eps": -0.39,
            "eps_growth_year": -227.49,
            "eps_4q": -1.46,
            "eps_4q_growth_year": -240.52,
            "roe": -2.34,
            "roe_4q": -7.3500000000000005,
            "gross_profit": 57757,
            "gross_margin": 2.78,
            "gross_margin_4q_avg": 3.74,
            "net_income": -173271,
            "net_income_4q": null,
            "revenue": 2080175,
            "revenue_4q": null,
            "common_shares": 6327735,
            "book_valuer_per_share": 14.44,
            "book_valuer_per_share_4q_avg": 15.55,
            "equity": 7287315,
            "current_ratio": 167.75,
            "debt_ratio": 36.19,
            "inventory_turnover_ratio": 0.73,
            "account_receivable_turnover_ratio": 1.9,
            "reinvestment_rate": null,
            "research_to_sale_ratio": null,
            "price_fair": 28,
            "eps_avg_yearly": 0.8,
            "eps_latest_yearly": 0.36,
            "eps_growth_yearly": 79.3
        },
        "20191": {
            "year_quarter": 20191,
            "year": 2019,
            "quarter": 1,
            "eps": 0.7,
            "eps_growth_year": 677.78,
            "eps_4q": -0.85,
            "eps_4q_growth_year": -197.46,
            "roe": 4.09,
            "roe_4q": -3.97,
            "gross_profit": 67486,
            "gross_margin": 3.62,
            "gross_margin_4q_avg": 2.75,
            "net_income": 303366,
            "net_income_4q": null,
            "revenue": 1863803,
            "revenue_4q": null,
            "common_shares": 6327735,
            "book_valuer_per_share": 15.09,
            "book_valuer_per_share_4q_avg": 15.04,
            "equity": 7559717,
            "current_ratio": 173.31,
            "debt_ratio": 34.77,
            "inventory_turnover_ratio": 0.67,
            "account_receivable_turnover_ratio": 1.63,
            "reinvestment_rate": -1318.34,
            "research_to_sale_ratio": null,
            "price_fair": 28,
            "eps_avg_yearly": 0.8,
            "eps_latest_yearly": 0.36,
            "eps_growth_yearly": 79.3
        },
        "20192": {
            "year_quarter": 20192,
            "year": 2019,
            "quarter": 2,
            "eps": -0.13,
            "eps_growth_year": null,
            "eps_4q": -0.6,
            "eps_4q_growth_year": -298.73,
            "roe": -1.14,
            "roe_4q": -3.13,
            "gross_profit": 7198,
            "gross_margin": 0.37,
            "gross_margin_4q_avg": 1.6,
            "net_income": -85659,
            "net_income_4q": null,
            "revenue": 1953730,
            "revenue_4q": null,
            "common_shares": 6327735,
            "book_valuer_per_share": 14.9,
            "book_valuer_per_share_4q_avg": 14.85,
            "equity": 7432455,
            "current_ratio": 160.74,
            "debt_ratio": 37.62,
            "inventory_turnover_ratio": 0.7,
            "account_receivable_turnover_ratio": 1.73,
            "reinvestment_rate": -1965.03,
            "research_to_sale_ratio": null,
            "price_fair": 28,
            "eps_avg_yearly": 0.8,
            "eps_latest_yearly": 0.36,
            "eps_growth_yearly": 79.3
        },
        "20193": {
            "year_quarter": 20193,
            "year": 2019,
            "quarter": 3,
            "eps": 0.04,
            "eps_growth_year": null,
            "eps_4q": 0.23,
            "eps_4q_growth_year": null,
            "roe": -0.34,
            "roe_4q": 0.27,
            "gross_profit": -13839,
            "gross_margin": -0.66,
            "gross_margin_4q_avg": 1.53,
            "net_income": -25042,
            "net_income_4q": null,
            "revenue": 2093059,
            "revenue_4q": null,
            "common_shares": 6327735,
            "book_valuer_per_share": 14.89,
            "book_valuer_per_share_4q_avg": 14.83,
            "equity": 7380211,
            "current_ratio": 169.82,
            "debt_ratio": 35.22,
            "inventory_turnover_ratio": 0.76,
            "account_receivable_turnover_ratio": 2.02,
            "reinvestment_rate": -191.34,
            "research_to_sale_ratio": null,
            "price_fair": 28,
            "eps_avg_yearly": 0.8,
            "eps_latest_yearly": 0.36,
            "eps_growth_yearly": 79.3
        },
        "20194": {
            "year_quarter": 20194,
            "year": 2019,
            "quarter": 4,
            "eps": 1.25,
            "eps_growth_year": null,
            "eps_4q": 1.87,
            "eps_4q_growth_year": null,
            "roe": 7.06,
            "roe_4q": 9.67,
            "gross_profit": 37214,
            "gross_margin": 1.94,
            "gross_margin_4q_avg": 1.32,
            "net_income": 539754,
            "net_income_4q": null,
            "revenue": 1922025,
            "revenue_4q": null,
            "common_shares": 6327735,
            "book_valuer_per_share": 16.13,
            "book_valuer_per_share_4q_avg": 15.25,
            "equity": 7909887,
            "current_ratio": 161.6,
            "debt_ratio": 35.71,
            "inventory_turnover_ratio": 0.7,
            "account_receivable_turnover_ratio": 1.98,
            "reinvestment_rate": -51.17,
            "research_to_sale_ratio": null,
            "price_fair": 49,
            "eps_avg_yearly": 1.4,
            "eps_latest_yearly": 5,
            "eps_growth_yearly": 1796.54
        },
        "20201": {
            "year_quarter": 20201,
            "year": 2020,
            "quarter": 1,
            "eps": -2.49,
            "eps_growth_year": -455.71,
            "eps_4q": -1.33,
            "eps_4q_growth_year": null,
            "roe": -16.15,
            "roe_4q": -10.57,
            "gross_profit": -79561,
            "gross_margin": -4.65,
            "gross_margin_4q_avg": -0.75,
            "net_income": -1182629,
            "net_income_4q": null,
            "revenue": 1710800,
            "revenue_4q": null,
            "common_shares": 6327735,
            "book_valuer_per_share": 13.66,
            "book_valuer_per_share_4q_avg": 14.9,
            "equity": 6737554,
            "current_ratio": 148.62,
            "debt_ratio": 39.49,
            "inventory_turnover_ratio": 0.64,
            "account_receivable_turnover_ratio": 1.9,
            "reinvestment_rate": null,
            "research_to_sale_ratio": null,
            "price_fair": 49,
            "eps_avg_yearly": 1.4,
            "eps_latest_yearly": 5,
            "eps_growth_yearly": 1796.54
        },
        "20202": {
            "year_quarter": 20202,
            "year": 2020,
            "quarter": 2,
            "eps": 1.72,
            "eps_growth_year": null,
            "eps_4q": 0.52,
            "eps_4q_growth_year": null,
            "roe": 11.01,
            "roe_4q": 1.5800000000000007,
            "gross_profit": 115333,
            "gross_margin": 6.51,
            "gross_margin_4q_avg": 0.79,
            "net_income": 759589,
            "net_income_4q": null,
            "revenue": 1772323,
            "revenue_4q": null,
            "common_shares": 6327735,
            "book_valuer_per_share": 14.36,
            "book_valuer_per_share_4q_avg": 14.76,
            "equity": 7065548,
            "current_ratio": 140.24,
            "debt_ratio": 40.11,
            "inventory_turnover_ratio": 0.59,
            "account_receivable_turnover_ratio": 1.88,
            "reinvestment_rate": -110.78,
            "research_to_sale_ratio": null,
            "price_fair": 49,
            "eps_avg_yearly": 1.4,
            "eps_latest_yearly": 5,
            "eps_growth_yearly": 1796.54
        },
        "20203": {
            "year_quarter": 20203,
            "year": 2020,
            "quarter": 3,
            "eps": 0.47,
            "eps_growth_year": 1075,
            "eps_4q": 0.95,
            "eps_4q_growth_year": 310.36,
            "roe": 4.06,
            "roe_4q": 5.980000000000001,
            "gross_profit": 168266,
            "gross_margin": 8.44,
            "gross_margin_4q_avg": 3.06,
            "net_income": 293768,
            "net_income_4q": null,
            "revenue": 1993855,
            "revenue_4q": null,
            "common_shares": 6327735,
            "book_valuer_per_share": 14.97,
            "book_valuer_per_share_4q_avg": 14.78,
            "equity": 7419041,
            "current_ratio": 155.21,
            "debt_ratio": 36.98,
            "inventory_turnover_ratio": 0.68,
            "account_receivable_turnover_ratio": 1.92,
            "reinvestment_rate": -72.64,
            "research_to_sale_ratio": null,
            "price_fair": 51.1,
            "eps_avg_yearly": 1.46,
            "eps_latest_yearly": 1.88,
            "eps_growth_yearly": 1535.64
        },
        "20204": {
            "year_quarter": 20204,
            "year": 2020,
            "quarter": 4,
            "eps": 1.06,
            "eps_growth_year": -14.91,
            "eps_4q": 0.76,
            "eps_4q_growth_year": -59.17,
            "roe": 6.53,
            "roe_4q": 5.450000000000003,
            "gross_profit": 143053,
            "gross_margin": 7.29,
            "gross_margin_4q_avg": 4.4,
            "net_income": 500969,
            "net_income_4q": null,
            "revenue": 1963085,
            "revenue_4q": null,
            "common_shares": 6327735,
            "book_valuer_per_share": 16.03,
            "book_valuer_per_share_4q_avg": 14.76,
            "equity": 7923083,
            "current_ratio": 161.68,
            "debt_ratio": 35.81,
            "inventory_turnover_ratio": 0.67,
            "account_receivable_turnover_ratio": 1.97,
            "reinvestment_rate": -20.41,
            "research_to_sale_ratio": null,
            "price_fair": 68.25,
            "eps_avg_yearly": 1.95,
            "eps_latest_yearly": 4.24,
            "eps_growth_yearly": 1630.22
        },
        "20211": {
            "year_quarter": 20211,
            "year": 2021,
            "quarter": 1,
            "eps": 2.06,
            "eps_growth_year": null,
            "eps_4q": 5.32,
            "eps_4q_growth_year": null,
            "roe": 11.2,
            "roe_4q": 32.8,
            "gross_profit": 243636,
            "gross_margin": 10.83,
            "gross_margin_4q_avg": 8.27,
            "net_income": 941120,
            "net_income_4q": null,
            "revenue": 2249784,
            "revenue_4q": null,
            "common_shares": 6327735,
            "book_valuer_per_share": 18.12,
            "book_valuer_per_share_4q_avg": 15.87,
            "equity": 8876464,
            "current_ratio": 204.5,
            "debt_ratio": 29.66,
            "inventory_turnover_ratio": 0.71,
            "account_receivable_turnover_ratio": 2.07,
            "reinvestment_rate": -10.45,
            "research_to_sale_ratio": null,
            "price_fair": 99.75,
            "eps_avg_yearly": 2.85,
            "eps_latest_yearly": 8.24,
            "eps_growth_yearly": 1564.89
        },
        "20212": {
            "year_quarter": 20212,
            "year": 2021,
            "quarter": 2,
            "eps": 0.25,
            "eps_growth_year": -85.47,
            "eps_4q": 3.84,
            "eps_4q_growth_year": 635.08,
            "roe": 1.73,
            "roe_4q": 23.52,
            "gross_profit": 273021,
            "gross_margin": 10.4,
            "gross_margin_4q_avg": 9.24,
            "net_income": 154702,
            "net_income_4q": null,
            "revenue": 2624729,
            "revenue_4q": null,
            "common_shares": 6327735,
            "book_valuer_per_share": 18.39,
            "book_valuer_per_share_4q_avg": 16.88,
            "equity": 9039004,
            "current_ratio": 212.7,
            "debt_ratio": 29.5,
            "inventory_turnover_ratio": 0.77,
            "account_receivable_turnover_ratio": 2.14,
            "reinvestment_rate": -20.18,
            "research_to_sale_ratio": null,
            "price_fair": 100.8,
            "eps_avg_yearly": 2.88,
            "eps_latest_yearly": 1,
            "eps_growth_yearly": 1534.42
        },
        "20213": {
            "year_quarter": 20213,
            "year": 2021,
            "quarter": 3,
            "eps": 0.24,
            "eps_growth_year": -48.94,
            "eps_4q": 3.62,
            "eps_4q_growth_year": 280.82,
            "roe": 2.54,
            "roe_4q": 22,
            "gross_profit": 238135,
            "gross_margin": 8.79,
            "gross_margin_4q_avg": 9.33,
            "net_income": 225271,
            "net_income_4q": null,
            "revenue": 2707939,
            "revenue_4q": null,
            "common_shares": 6327735,
            "book_valuer_per_share": 17.72,
            "book_valuer_per_share_4q_avg": 17.57,
            "equity": 8703537,
            "current_ratio": 187.3,
            "debt_ratio": 33.42,
            "inventory_turnover_ratio": 0.71,
            "account_receivable_turnover_ratio": 2.22,
            "reinvestment_rate": -12.73,
            "research_to_sale_ratio": null,
            "price_fair": 100.1,
            "eps_avg_yearly": 2.86,
            "eps_latest_yearly": 0.96,
            "eps_growth_yearly": 1508.74
        },
        "20214": {
            "year_quarter": 20214,
            "year": 2021,
            "quarter": 4,
            "eps": 0.72,
            "eps_growth_year": -32.27,
            "eps_4q": 3.27,
            "eps_4q_growth_year": 328.88,
            "roe": 3.74,
            "roe_4q": 19.21,
            "gross_profit": 236023,
            "gross_margin": 8.13,
            "gross_margin_4q_avg": 9.54,
            "net_income": 330954,
            "net_income_4q": null,
            "revenue": 2902362,
            "revenue_4q": null,
            "common_shares": 6327735,
            "book_valuer_per_share": 18.39,
            "book_valuer_per_share_4q_avg": 18.16,
            "equity": 9005006,
            "current_ratio": 189.03,
            "debt_ratio": 34.11,
            "inventory_turnover_ratio": 0.72,
            "account_receivable_turnover_ratio": 2.13,
            "reinvestment_rate": -5.73,
            "research_to_sale_ratio": null,
            "price_fair": 107.45,
            "eps_avg_yearly": 3.07,
            "eps_latest_yearly": 2.88,
            "eps_growth_yearly": 1605.17
        },
        "20221": {
            "year_quarter": 20221,
            "year": 2022,
            "quarter": 1,
            "eps": -0.21,
            "eps_growth_year": -110.19,
            "eps_4q": 1,
            "eps_4q_growth_year": -81.13,
            "roe": -0.9,
            "roe_4q": 7.110000000000001,
            "gross_profit": 228500,
            "gross_margin": 8.24,
            "gross_margin_4q_avg": 8.89,
            "net_income": -80388,
            "net_income_4q": null,
            "revenue": 2774574,
            "revenue_4q": null,
            "common_shares": 6327735,
            "book_valuer_per_share": 18.18,
            "book_valuer_per_share_4q_avg": 18.17,
            "equity": 8923954,
            "current_ratio": 190.1,
            "debt_ratio": 34.65,
            "inventory_turnover_ratio": 0.66,
            "account_receivable_turnover_ratio": 1.81,
            "reinvestment_rate": -11.59,
            "research_to_sale_ratio": null,
            "price_fair": 121,
            "eps_avg_yearly": 3.46,
            "eps_latest_yearly": 2.88,
            "eps_growth_yearly": 1874.48
        },
        "20222": {
            "year_quarter": 20222,
            "year": 2022,
            "quarter": 2,
            "eps": -0.32,
            "eps_growth_year": -228,
            "eps_4q": 0.44,
            "eps_4q_growth_year": -88.55,
            "roe": -1.66,
            "roe_4q": 3.72,
            "gross_profit": 145908,
            "gross_margin": 5.29,
            "gross_margin_4q_avg": 7.61,
            "net_income": -138994,
            "net_income_4q": null,
            "revenue": 2759429,
            "revenue_4q": null,
            "common_shares": 6327735,
            "book_valuer_per_share": 15.62,
            "book_valuer_per_share_4q_avg": 17.48,
            "equity": 7834705,
            "current_ratio": 149.97,
            "debt_ratio": 43.01,
            "inventory_turnover_ratio": 0.63,
            "account_receivable_turnover_ratio": 1.74,
            "reinvestment_rate": -13.07,
            "research_to_sale_ratio": null,
            "price_fair": 121,
            "eps_avg_yearly": 3.46,
            "eps_latest_yearly": 2.88,
            "eps_growth_yearly": 1874.48
        },
        "20223": {
            "year_quarter": 20223,
            "year": 2022,
            "quarter": 3,
            "eps": 0.03,
            "eps_growth_year": -87.5,
            "eps_4q": 0.23,
            "eps_4q_growth_year": -93.76,
            "roe": 1.54,
            "roe_4q": 2.72,
            "gross_profit": -5916,
            "gross_margin": -0.21,
            "gross_margin_4q_avg": 5.36,
            "net_income": 120711,
            "net_income_4q": null,
            "revenue": 2787069,
            "revenue_4q": null,
            "common_shares": 6327735,
            "book_valuer_per_share": 15.95,
            "book_valuer_per_share_4q_avg": 17.04,
            "equity": 7860991,
            "current_ratio": 156.55,
            "debt_ratio": 41.82,
            "inventory_turnover_ratio": 0.66,
            "account_receivable_turnover_ratio": 1.81,
            "reinvestment_rate": 2.03,
            "research_to_sale_ratio": null,
            "price_fair": 121,
            "eps_avg_yearly": 3.46,
            "eps_latest_yearly": 2.88,
            "eps_growth_yearly": 1874.48
        },
        "20224": {
            "year_quarter": 20224,
            "year": 2022,
            "quarter": 4,
            "eps": 0.41,
            "eps_growth_year": -43.23,
            "eps_4q": -0.09,
            "eps_4q_growth_year": -102.63,
            "roe": 2.36,
            "roe_4q": 1.3400000000000003,
            "gross_profit": 160629,
            "gross_margin": 6.61,
            "gross_margin_4q_avg": 4.98,
            "net_income": 188419,
            "net_income_4q": null,
            "revenue": 2428825,
            "revenue_4q": null,
            "common_shares": 6327735,
            "book_valuer_per_share": 16.42,
            "book_valuer_per_share_4q_avg": 16.54,
            "equity": 8081493,
            "current_ratio": 160.07,
            "debt_ratio": 40.23,
            "inventory_turnover_ratio": 0.54,
            "account_receivable_turnover_ratio": 1.55,
            "reinvestment_rate": 10.47,
            "research_to_sale_ratio": null,
            "price_fair": 113.05,
            "eps_avg_yearly": 3.23,
            "eps_latest_yearly": 1.64,
            "eps_growth_yearly": 2273.5
        },
        "20231": {
            "year_quarter": 20231,
            "year": 2023,
            "quarter": 1,
            "eps": 0.84,
            "eps_growth_year": null,
            "eps_4q": 0.96,
            "eps_4q_growth_year": -3.87,
            "roe": 4.34,
            "roe_4q": 6.579999999999998,
            "gross_profit": 209911,
            "gross_margin": 8.38,
            "gross_margin_4q_avg": 5.02,
            "net_income": 359006,
            "net_income_4q": null,
            "revenue": 2503759,
            "revenue_4q": null,
            "common_shares": 6327735,
            "book_valuer_per_share": 17.27,
            "book_valuer_per_share_4q_avg": 16.32,
            "equity": 8443561,
            "current_ratio": 168.79,
            "debt_ratio": 38.2,
            "inventory_turnover_ratio": 0.54,
            "account_receivable_turnover_ratio": 1.6,
            "reinvestment_rate": 6.05,
            "research_to_sale_ratio": null,
            "price_fair": 113.56,
            "eps_avg_yearly": 3.24,
            "eps_latest_yearly": 3.36,
            "eps_growth_yearly": 2067.5
        },
        "20232": {
            "year_quarter": 20232,
            "year": 2023,
            "quarter": 2,
            "eps": 0.53,
            "eps_growth_year": null,
            "eps_4q": 1.81,
            "eps_4q_growth_year": 311.72,
            "roe": 2.25,
            "roe_4q": 10.489999999999998,
            "gross_profit": 107107,
            "gross_margin": 4.74,
            "gross_margin_4q_avg": 4.88,
            "net_income": 189115,
            "net_income_4q": null,
            "revenue": 2260920,
            "revenue_4q": null,
            "common_shares": 6327735,
            "book_valuer_per_share": 17.16,
            "book_valuer_per_share_4q_avg": 16.7,
            "equity": 8364751,
            "current_ratio": 166.17,
            "debt_ratio": 38.51,
            "inventory_turnover_ratio": 0.51,
            "account_receivable_turnover_ratio": 1.57,
            "reinvestment_rate": 8.01,
            "research_to_sale_ratio": null,
            "price_fair": 109.62,
            "eps_avg_yearly": 3.13,
            "eps_latest_yearly": 2.12,
            "eps_growth_yearly": 1845.99
        },
        "20233": {
            "year_quarter": 20233,
            "year": 2023,
            "quarter": 3,
            "eps": 0.17,
            "eps_growth_year": 466.67,
            "eps_4q": 1.95,
            "eps_4q_growth_year": 762.88,
            "roe": 1.39,
            "roe_4q": 10.34,
            "gross_profit": 188672,
            "gross_margin": 7.79,
            "gross_margin_4q_avg": 6.88,
            "net_income": 116366,
            "net_income_4q": null,
            "revenue": 2422629,
            "revenue_4q": null,
            "common_shares": 6327735,
            "book_valuer_per_share": 17.42,
            "book_valuer_per_share_4q_avg": 17.07,
            "equity": 8427184,
            "current_ratio": 172.83,
            "debt_ratio": 37.62,
            "inventory_turnover_ratio": 0.54,
            "account_receivable_turnover_ratio": 1.58,
            "reinvestment_rate": 4.9,
            "research_to_sale_ratio": null,
            "price_fair": 101.82,
            "eps_avg_yearly": 2.91,
            "eps_latest_yearly": 0.68,
            "eps_growth_yearly": 1653.47
        }
    },
    "months": {
        "2001-06": {
            "month": "2001-06",
            "price": "4.04",
            "revenue": 525330
        },
        "2001-07": {
            "month": "2001-07",
            "price": "4.30",
            "revenue": 455699
        },
        "2001-08": {
            "month": "2001-08",
            "price": "4.13",
            "revenue": 456096
        },
        "2001-09": {
            "month": "2001-09",
            "price": "3.15",
            "revenue": 514978
        },
        "2001-10": {
            "month": "2001-10",
            "price": "2.82",
            "revenue": 469781
        },
        "2001-11": {
            "month": "2001-11",
            "price": "2.88",
            "revenue": 579047
        },
        "2001-12": {
            "month": "2001-12",
            "price": "3.40",
            "revenue": 543355
        },
        "2002-01": {
            "month": "2002-01",
            "price": "3.64",
            "revenue": 434994
        },
        "2002-02": {
            "month": "2002-02",
            "price": "3.85",
            "revenue": 377345
        },
        "2002-03": {
            "month": "2002-03",
            "price": "4.87",
            "revenue": 448132
        },
        "2002-04": {
            "month": "2002-04",
            "price": "6.09",
            "revenue": 471680
        },
        "2002-05": {
            "month": "2002-05",
            "price": "5.17",
            "revenue": 456617
        },
        "2002-06": {
            "month": "2002-06",
            "price": "5.39",
            "revenue": 690565
        },
        "2002-07": {
            "month": "2002-07",
            "price": "5.34",
            "revenue": 520928
        },
        "2002-08": {
            "month": "2002-08",
            "price": "5.00",
            "revenue": 627607
        },
        "2002-09": {
            "month": "2002-09",
            "price": "4.93",
            "revenue": 380644
        },
        "2002-10": {
            "month": "2002-10",
            "price": "4.20",
            "revenue": 470200
        },
        "2002-11": {
            "month": "2002-11",
            "price": "5.24",
            "revenue": 553550
        },
        "2002-12": {
            "month": "2002-12",
            "price": "6.05",
            "revenue": 560988
        },
        "2003-01": {
            "month": "2003-01",
            "price": "6.99",
            "revenue": 520701
        },
        "2003-02": {
            "month": "2003-02",
            "price": "7.37",
            "revenue": 407232
        },
        "2003-03": {
            "month": "2003-03",
            "price": "6.82",
            "revenue": 531531
        },
        "2003-04": {
            "month": "2003-04",
            "price": "6.76",
            "revenue": 475975
        },
        "2003-05": {
            "month": "2003-05",
            "price": "6.55",
            "revenue": 487325
        },
        "2003-06": {
            "month": "2003-06",
            "price": "7.38",
            "revenue": 435583
        },
        "2003-07": {
            "month": "2003-07",
            "price": "7.26",
            "revenue": 421098
        },
        "2003-08": {
            "month": "2003-08",
            "price": "6.67",
            "revenue": 487917
        },
        "2003-09": {
            "month": "2003-09",
            "price": "6.74",
            "revenue": 525116
        },
        "2003-10": {
            "month": "2003-10",
            "price": "7.14",
            "revenue": 496135
        },
        "2003-11": {
            "month": "2003-11",
            "price": "7.44",
            "revenue": 579641
        },
        "2003-12": {
            "month": "2003-12",
            "price": "7.45",
            "revenue": 586383
        },
        "2004-01": {
            "month": "2004-01",
            "price": "8.58",
            "revenue": 431248
        },
        "2004-02": {
            "month": "2004-02",
            "price": "9.96",
            "revenue": 593199
        },
        "2004-03": {
            "month": "2004-03",
            "price": "10.57",
            "revenue": 652998
        },
        "2004-04": {
            "month": "2004-04",
            "price": "11.19",
            "revenue": 588343
        },
        "2004-05": {
            "month": "2004-05",
            "price": "9.27",
            "revenue": 596135
        },
        "2004-06": {
            "month": "2004-06",
            "price": "8.94",
            "revenue": 611540
        },
        "2004-07": {
            "month": "2004-07",
            "price": "8.33",
            "revenue": 741227
        },
        "2004-08": {
            "month": "2004-08",
            "price": "7.86",
            "revenue": 632073
        },
        "2004-09": {
            "month": "2004-09",
            "price": "8.46",
            "revenue": 776652
        },
        "2004-10": {
            "month": "2004-10",
            "price": "8.76",
            "revenue": 645601
        },
        "2004-11": {
            "month": "2004-11",
            "price": "8.23",
            "revenue": 750031
        },
        "2004-12": {
            "month": "2004-12",
            "price": "8.20",
            "revenue": 1009003
        },
        "2005-01": {
            "month": "2005-01",
            "price": "8.50",
            "revenue": 488308
        },
        "2005-02": {
            "month": "2005-02",
            "price": "8.13",
            "revenue": 390860
        },
        "2005-03": {
            "month": "2005-03",
            "price": "7.69",
            "revenue": 843084
        },
        "2005-04": {
            "month": "2005-04",
            "price": "6.85",
            "revenue": 874290
        },
        "2005-05": {
            "month": "2005-05",
            "price": "6.11",
            "revenue": 668747
        },
        "2005-06": {
            "month": "2005-06",
            "price": "6.93",
            "revenue": 774371
        },
        "2005-07": {
            "month": "2005-07",
            "price": "6.72",
            "revenue": 645400
        },
        "2005-08": {
            "month": "2005-08",
            "price": "5.98",
            "revenue": 814947
        },
        "2005-09": {
            "month": "2005-09",
            "price": "5.61",
            "revenue": 806502
        },
        "2005-10": {
            "month": "2005-10",
            "price": "5.06",
            "revenue": 688669
        },
        "2005-11": {
            "month": "2005-11",
            "price": "5.03",
            "revenue": 730452
        },
        "2005-12": {
            "month": "2005-12",
            "price": "5.28",
            "revenue": 879849
        },
        "2006-01": {
            "month": "2006-01",
            "price": "5.61",
            "revenue": 617260
        },
        "2006-02": {
            "month": "2006-02",
            "price": "5.63",
            "revenue": 708180
        },
        "2006-03": {
            "month": "2006-03",
            "price": "5.26",
            "revenue": 1020526
        },
        "2006-04": {
            "month": "2006-04",
            "price": "6.11",
            "revenue": 993876
        },
        "2006-05": {
            "month": "2006-05",
            "price": "7.73",
            "revenue": 1114611
        },
        "2006-06": {
            "month": "2006-06",
            "price": "6.91",
            "revenue": 1266510
        },
        "2006-07": {
            "month": "2006-07",
            "price": "7.73",
            "revenue": 1273170
        },
        "2006-08": {
            "month": "2006-08",
            "price": "8.50",
            "revenue": 1214093
        },
        "2006-09": {
            "month": "2006-09",
            "price": "8.40",
            "revenue": 1251277
        },
        "2006-10": {
            "month": "2006-10",
            "price": "10.42",
            "revenue": 1474746
        },
        "2006-11": {
            "month": "2006-11",
            "price": "10.91",
            "revenue": 1219458
        },
        "2006-12": {
            "month": "2006-12",
            "price": "12.37",
            "revenue": 1253711
        },
        "2007-01": {
            "month": "2007-01",
            "price": "11.23",
            "revenue": 1359962
        },
        "2007-02": {
            "month": "2007-02",
            "price": "10.38",
            "revenue": 780465
        },
        "2007-03": {
            "month": "2007-03",
            "price": "10.25",
            "revenue": 1343793
        },
        "2007-04": {
            "month": "2007-04",
            "price": "11.02",
            "revenue": 1151529
        },
        "2007-05": {
            "month": "2007-05",
            "price": "10.04",
            "revenue": 1260728
        },
        "2007-06": {
            "month": "2007-06",
            "price": "10.19",
            "revenue": 1486462
        },
        "2007-07": {
            "month": "2007-07",
            "price": "11.96",
            "revenue": 1322502
        },
        "2007-08": {
            "month": "2007-08",
            "price": "10.97",
            "revenue": 1390114
        },
        "2007-09": {
            "month": "2007-09",
            "price": "11.74",
            "revenue": 1178931
        },
        "2007-10": {
            "month": "2007-10",
            "price": "11.70",
            "revenue": 1191175
        },
        "2007-11": {
            "month": "2007-11",
            "price": "11.92",
            "revenue": 1187561
        },
        "2007-12": {
            "month": "2007-12",
            "price": "10.93",
            "revenue": 1558062
        },
        "2008-01": {
            "month": "2008-01",
            "price": "10.93",
            "revenue": 1158972
        },
        "2008-02": {
            "month": "2008-02",
            "price": "11.54",
            "revenue": 1103512
        },
        "2008-03": {
            "month": "2008-03",
            "price": "12.84",
            "revenue": 1583956
        },
        "2008-04": {
            "month": "2008-04",
            "price": "13.74",
            "revenue": 1247477
        },
        "2008-05": {
            "month": "2008-05",
            "price": "12.77",
            "revenue": 1307364
        },
        "2008-06": {
            "month": "2008-06",
            "price": "11.13",
            "revenue": 1370000
        },
        "2008-07": {
            "month": "2008-07",
            "price": "9.70",
            "revenue": 1214017
        },
        "2008-08": {
            "month": "2008-08",
            "price": "8.37",
            "revenue": 1343983
        },
        "2008-09": {
            "month": "2008-09",
            "price": "6.69",
            "revenue": 1230495
        },
        "2008-10": {
            "month": "2008-10",
            "price": "5.69",
            "revenue": 1349613
        },
        "2008-11": {
            "month": "2008-11",
            "price": "4.83",
            "revenue": 724957
        },
        "2008-12": {
            "month": "2008-12",
            "price": "5.00",
            "revenue": 649350
        },
        "2009-01": {
            "month": "2009-01",
            "price": "4.90",
            "revenue": 246119
        },
        "2009-02": {
            "month": "2009-02",
            "price": "4.73",
            "revenue": 393927
        },
        "2009-03": {
            "month": "2009-03",
            "price": "5.11",
            "revenue": 591819
        },
        "2009-04": {
            "month": "2009-04",
            "price": "6.35",
            "revenue": 597516
        },
        "2009-05": {
            "month": "2009-05",
            "price": "7.00",
            "revenue": 543674
        },
        "2009-06": {
            "month": "2009-06",
            "price": "7.15",
            "revenue": 719736
        },
        "2009-07": {
            "month": "2009-07",
            "price": "7.68",
            "revenue": 666618
        },
        "2009-08": {
            "month": "2009-08",
            "price": "8.77",
            "revenue": 790196
        },
        "2009-09": {
            "month": "2009-09",
            "price": "9.12",
            "revenue": 780101
        },
        "2009-10": {
            "month": "2009-10",
            "price": "9.76",
            "revenue": 904846
        },
        "2009-11": {
            "month": "2009-11",
            "price": "10.82",
            "revenue": 635671
        },
        "2009-12": {
            "month": "2009-12",
            "price": "10.92",
            "revenue": 1117536
        },
        "2010-01": {
            "month": "2010-01",
            "price": "11.71",
            "revenue": 876332
        },
        "2010-02": {
            "month": "2010-02",
            "price": "10.71",
            "revenue": 560659
        },
        "2010-03": {
            "month": "2010-03",
            "price": "11.83",
            "revenue": 954700
        },
        "2010-04": {
            "month": "2010-04",
            "price": "12.44",
            "revenue": 916098
        },
        "2010-05": {
            "month": "2010-05",
            "price": "10.82",
            "revenue": 982158
        },
        "2010-06": {
            "month": "2010-06",
            "price": "10.50",
            "revenue": 975848
        },
        "2010-07": {
            "month": "2010-07",
            "price": "10.64",
            "revenue": 681576
        },
        "2010-08": {
            "month": "2010-08",
            "price": "11.18",
            "revenue": 895926
        },
        "2010-09": {
            "month": "2010-09",
            "price": "10.65",
            "revenue": 713188
        },
        "2010-10": {
            "month": "2010-10",
            "price": "11.32",
            "revenue": 840616
        },
        "2010-11": {
            "month": "2010-11",
            "price": "11.15",
            "revenue": 819240
        },
        "2010-12": {
            "month": "2010-12",
            "price": "11.79",
            "revenue": 811970
        },
        "2011-01": {
            "month": "2011-01",
            "price": "11.98",
            "revenue": 715600
        },
        "2011-02": {
            "month": "2011-02",
            "price": "11.60",
            "revenue": 856509
        },
        "2011-03": {
            "month": "2011-03",
            "price": "11.20",
            "revenue": 985473
        },
        "2011-04": {
            "month": "2011-04",
            "price": "11.28",
            "revenue": 847235
        },
        "2011-05": {
            "month": "2011-05",
            "price": "11.39",
            "revenue": 664590
        },
        "2011-06": {
            "month": "2011-06",
            "price": "10.86",
            "revenue": 683095
        },
        "2011-07": {
            "month": "2011-07",
            "price": "10.59",
            "revenue": 897956
        },
        "2011-08": {
            "month": "2011-08",
            "price": "9.61",
            "revenue": 906614
        },
        "2011-09": {
            "month": "2011-09",
            "price": "9.38",
            "revenue": 1086610
        },
        "2011-10": {
            "month": "2011-10",
            "price": "8.67",
            "revenue": 756074
        },
        "2011-11": {
            "month": "2011-11",
            "price": "7.88",
            "revenue": 617638
        },
        "2011-12": {
            "month": "2011-12",
            "price": "7.13",
            "revenue": 928444
        },
        "2012-01": {
            "month": "2012-01",
            "price": "7.22",
            "revenue": 327498
        },
        "2012-02": {
            "month": "2012-02",
            "price": "8.39",
            "revenue": 764091
        },
        "2012-03": {
            "month": "2012-03",
            "price": "8.79",
            "revenue": 1205300
        },
        "2012-04": {
            "month": "2012-04",
            "price": "8.00",
            "revenue": 1143428
        },
        "2012-05": {
            "month": "2012-05",
            "price": "8.24",
            "revenue": 890021
        },
        "2012-06": {
            "month": "2012-06",
            "price": "7.79",
            "revenue": 783375
        },
        "2012-07": {
            "month": "2012-07",
            "price": "7.66",
            "revenue": 1041335
        },
        "2012-08": {
            "month": "2012-08",
            "price": "8.87",
            "revenue": 737346
        },
        "2012-09": {
            "month": "2012-09",
            "price": "10.05",
            "revenue": 788371
        },
        "2012-10": {
            "month": "2012-10",
            "price": "10.26",
            "revenue": 657037
        },
        "2012-11": {
            "month": "2012-11",
            "price": "10.71",
            "revenue": 647162
        },
        "2012-12": {
            "month": "2012-12",
            "price": "11.16",
            "revenue": 720579
        },
        "2013-01": {
            "month": "2013-01",
            "price": "11.52",
            "revenue": 953072
        },
        "2013-02": {
            "month": "2013-02",
            "price": "11.25",
            "revenue": 623069
        },
        "2013-03": {
            "month": "2013-03",
            "price": "11.70",
            "revenue": 1089167
        },
        "2013-04": {
            "month": "2013-04",
            "price": "11.62",
            "revenue": 1013522
        },
        "2013-05": {
            "month": "2013-05",
            "price": "11.64",
            "revenue": 926299
        },
        "2013-06": {
            "month": "2013-06",
            "price": "11.60",
            "revenue": 991771
        },
        "2013-07": {
            "month": "2013-07",
            "price": "11.08",
            "revenue": 931039
        },
        "2013-08": {
            "month": "2013-08",
            "price": "10.72",
            "revenue": 831993
        },
        "2013-09": {
            "month": "2013-09",
            "price": "10.45",
            "revenue": 926221
        },
        "2013-10": {
            "month": "2013-10",
            "price": "11.19",
            "revenue": 883744
        },
        "2013-11": {
            "month": "2013-11",
            "price": "11.18",
            "revenue": 876225
        },
        "2013-12": {
            "month": "2013-12",
            "price": "11.44",
            "revenue": 997803
        },
        "2014-01": {
            "month": "2014-01",
            "price": "11.61",
            "revenue": 867620
        },
        "2014-02": {
            "month": "2014-02",
            "price": "11.55",
            "revenue": 784394
        },
        "2014-03": {
            "month": "2014-03",
            "price": "11.33",
            "revenue": 842868
        },
        "2014-04": {
            "month": "2014-04",
            "price": "11.72",
            "revenue": 882270
        },
        "2014-05": {
            "month": "2014-05",
            "price": "11.91",
            "revenue": 807372
        },
        "2014-06": {
            "month": "2014-06",
            "price": "11.78",
            "revenue": 809172
        },
        "2014-07": {
            "month": "2014-07",
            "price": "11.22",
            "revenue": 938637
        },
        "2014-08": {
            "month": "2014-08",
            "price": "10.98",
            "revenue": 764548
        },
        "2014-09": {
            "month": "2014-09",
            "price": "10.58",
            "revenue": 831723
        },
        "2014-10": {
            "month": "2014-10",
            "price": "10.14",
            "revenue": 755551
        },
        "2014-11": {
            "month": "2014-11",
            "price": "9.98",
            "revenue": 772936
        },
        "2014-12": {
            "month": "2014-12",
            "price": "10.10",
            "revenue": 860345
        },
        "2015-01": {
            "month": "2015-01",
            "price": "10.06",
            "revenue": 816847
        },
        "2015-02": {
            "month": "2015-02",
            "price": "9.98",
            "revenue": 551780
        },
        "2015-03": {
            "month": "2015-03",
            "price": "9.96",
            "revenue": 837721
        },
        "2015-04": {
            "month": "2015-04",
            "price": "9.86",
            "revenue": 710612
        },
        "2015-05": {
            "month": "2015-05",
            "price": "9.60",
            "revenue": 792896
        },
        "2015-06": {
            "month": "2015-06",
            "price": "9.04",
            "revenue": 766842
        },
        "2015-07": {
            "month": "2015-07",
            "price": "8.40",
            "revenue": 720289
        },
        "2015-08": {
            "month": "2015-08",
            "price": "7.30",
            "revenue": 636664
        },
        "2015-09": {
            "month": "2015-09",
            "price": "7.09",
            "revenue": 563109
        },
        "2015-10": {
            "month": "2015-10",
            "price": "7.15",
            "revenue": 721899
        },
        "2015-11": {
            "month": "2015-11",
            "price": "6.97",
            "revenue": 796728
        },
        "2015-12": {
            "month": "2015-12",
            "price": "6.55",
            "revenue": 764215
        },
        "2016-01": {
            "month": "2016-01",
            "price": "6.55",
            "revenue": 642566
        },
        "2016-02": {
            "month": "2016-02",
            "price": "6.70",
            "revenue": 418188
        },
        "2016-03": {
            "month": "2016-03",
            "price": "7.20",
            "revenue": 648634
        },
        "2016-04": {
            "month": "2016-04",
            "price": "6.99",
            "revenue": 505831
        },
        "2016-05": {
            "month": "2016-05",
            "price": "6.45",
            "revenue": 504077
        },
        "2016-06": {
            "month": "2016-06",
            "price": "6.34",
            "revenue": 741697
        },
        "2016-07": {
            "month": "2016-07",
            "price": "6.59",
            "revenue": 534902
        },
        "2016-08": {
            "month": "2016-08",
            "price": "6.99",
            "revenue": 633496
        },
        "2016-09": {
            "month": "2016-09",
            "price": "6.97",
            "revenue": 599149
        },
        "2016-10": {
            "month": "2016-10",
            "price": "7.33",
            "revenue": 561701
        },
        "2016-11": {
            "month": "2016-11",
            "price": "8.01",
            "revenue": 563523
        },
        "2016-12": {
            "month": "2016-12",
            "price": "8.26",
            "revenue": 729901
        },
        "2017-01": {
            "month": "2017-01",
            "price": "8.45",
            "revenue": 504870
        },
        "2017-02": {
            "month": "2017-02",
            "price": "9.60",
            "revenue": 507319
        },
        "2017-03": {
            "month": "2017-03",
            "price": "9.31",
            "revenue": 925704
        },
        "2017-04": {
            "month": "2017-04",
            "price": "8.69",
            "revenue": 714537
        },
        "2017-05": {
            "month": "2017-05",
            "price": "8.47",
            "revenue": 621546
        },
        "2017-06": {
            "month": "2017-06",
            "price": "9.19",
            "revenue": 1030530
        },
        "2017-07": {
            "month": "2017-07",
            "price": "9.58",
            "revenue": 717525
        },
        "2017-08": {
            "month": "2017-08",
            "price": "9.90",
            "revenue": 613975
        },
        "2017-09": {
            "month": "2017-09",
            "price": "9.87",
            "revenue": 613476
        },
        "2017-10": {
            "month": "2017-10",
            "price": "9.97",
            "revenue": 690534
        },
        "2017-11": {
            "month": "2017-11",
            "price": "10.52",
            "revenue": 685921
        },
        "2017-12": {
            "month": "2017-12",
            "price": "10.85",
            "revenue": 673307
        },
        "2018-01": {
            "month": "2018-01",
            "price": "11.78",
            "revenue": 755884
        },
        "2018-02": {
            "month": "2018-02",
            "price": "10.72",
            "revenue": 655132
        },
        "2018-03": {
            "month": "2018-03",
            "price": "11.19",
            "revenue": 841401
        },
        "2018-04": {
            "month": "2018-04",
            "price": "12.26",
            "revenue": 697045
        },
        "2018-05": {
            "month": "2018-05",
            "price": "11.79",
            "revenue": 705951
        },
        "2018-06": {
            "month": "2018-06",
            "price": "11.67",
            "revenue": 741241
        },
        "2018-07": {
            "month": "2018-07",
            "price": "10.45",
            "revenue": 728056
        },
        "2018-08": {
            "month": "2018-08",
            "price": "9.85",
            "revenue": 703178
        },
        "2018-09": {
            "month": "2018-09",
            "price": "9.46",
            "revenue": 652031
        },
        "2018-10": {
            "month": "2018-10",
            "price": "9.07",
            "revenue": 782773
        },
        "2018-11": {
            "month": "2018-11",
            "price": "9.43",
            "revenue": 605754
        },
        "2018-12": {
            "month": "2018-12",
            "price": "9.45",
            "revenue": 691647
        },
        "2019-01": {
            "month": "2019-01",
            "price": "9.21",
            "revenue": 715762
        },
        "2019-02": {
            "month": "2019-02",
            "price": "9.35",
            "revenue": 451498
        },
        "2019-03": {
            "month": "2019-03",
            "price": "9.54",
            "revenue": 696543
        },
        "2019-04": {
            "month": "2019-04",
            "price": "9.38",
            "revenue": 602601
        },
        "2019-05": {
            "month": "2019-05",
            "price": "9.94",
            "revenue": 609767
        },
        "2019-06": {
            "month": "2019-06",
            "price": "10.13",
            "revenue": 741362
        },
        "2019-07": {
            "month": "2019-07",
            "price": "9.95",
            "revenue": 651684
        },
        "2019-08": {
            "month": "2019-08",
            "price": "9.70",
            "revenue": 692934
        },
        "2019-09": {
            "month": "2019-09",
            "price": "9.96",
            "revenue": 748441
        },
        "2019-10": {
            "month": "2019-10",
            "price": "9.80",
            "revenue": 580616
        },
        "2019-11": {
            "month": "2019-11",
            "price": "9.82",
            "revenue": 545098
        },
        "2019-12": {
            "month": "2019-12",
            "price": "9.87",
            "revenue": 796311
        },
        "2020-01": {
            "month": "2020-01",
            "price": "9.77",
            "revenue": 542860
        },
        "2020-02": {
            "month": "2020-02",
            "price": "9.05",
            "revenue": 493882
        },
        "2020-03": {
            "month": "2020-03",
            "price": "7.80",
            "revenue": 674058
        },
        "2020-04": {
            "month": "2020-04",
            "price": "9.22",
            "revenue": 500631
        },
        "2020-05": {
            "month": "2020-05",
            "price": "9.43",
            "revenue": 769694
        },
        "2020-06": {
            "month": "2020-06",
            "price": "9.54",
            "revenue": 501998
        },
        "2020-07": {
            "month": "2020-07",
            "price": "9.09",
            "revenue": 559833
        },
        "2020-08": {
            "month": "2020-08",
            "price": "9.27",
            "revenue": 574345
        },
        "2020-09": {
            "month": "2020-09",
            "price": "10.39",
            "revenue": 859677
        },
        "2020-10": {
            "month": "2020-10",
            "price": "10.50",
            "revenue": 684140
        },
        "2020-11": {
            "month": "2020-11",
            "price": "11.10",
            "revenue": 618687
        },
        "2020-12": {
            "month": "2020-12",
            "price": "12.82",
            "revenue": 660258
        },
        "2021-01": {
            "month": "2021-01",
            "price": "12.42",
            "revenue": 671293
        },
        "2021-02": {
            "month": "2021-02",
            "price": "12.35",
            "revenue": 662515
        },
        "2021-03": {
            "month": "2021-03",
            "price": "13.40",
            "revenue": 915976
        },
        "2021-04": {
            "month": "2021-04",
            "price": "21.61",
            "revenue": 808397
        },
        "2021-05": {
            "month": "2021-05",
            "price": "26.63",
            "revenue": 880343
        },
        "2021-06": {
            "month": "2021-06",
            "price": "27.60",
            "revenue": 935989
        },
        "2021-07": {
            "month": "2021-07",
            "price": "26.46",
            "revenue": 906578
        },
        "2021-08": {
            "month": "2021-08",
            "price": "24.55",
            "revenue": 812890
        },
        "2021-09": {
            "month": "2021-09",
            "price": "23.53",
            "revenue": 988471
        },
        "2021-10": {
            "month": "2021-10",
            "price": "21.62",
            "revenue": 973633
        },
        "2021-11": {
            "month": "2021-11",
            "price": "22.30",
            "revenue": 941524
        },
        "2021-12": {
            "month": "2021-12",
            "price": "21.80",
            "revenue": 987205
        },
        "2022-01": {
            "month": "2022-01",
            "price": "20.84",
            "revenue": 834139
        },
        "2022-02": {
            "month": "2022-02",
            "price": "20.86",
            "revenue": 897613
        },
        "2022-03": {
            "month": "2022-03",
            "price": "21.71",
            "revenue": 1042822
        },
        "2022-04": {
            "month": "2022-04",
            "price": "22.46",
            "revenue": 848954
        },
        "2022-05": {
            "month": "2022-05",
            "price": "19.13",
            "revenue": 1025379
        },
        "2022-06": {
            "month": "2022-06",
            "price": "18.25",
            "revenue": 885096
        },
        "2022-07": {
            "month": "2022-07",
            "price": "14.73",
            "revenue": 976010
        },
        "2022-08": {
            "month": "2022-08",
            "price": "14.97",
            "revenue": 857290
        },
        "2022-09": {
            "month": "2022-09",
            "price": "13.69",
            "revenue": 953769
        },
        "2022-10": {
            "month": "2022-10",
            "price": "12.53",
            "revenue": 764354
        },
        "2022-11": {
            "month": "2022-11",
            "price": "14.22",
            "revenue": 869009
        },
        "2022-12": {
            "month": "2022-12",
            "price": "14.22",
            "revenue": 795462
        },
        "2023-01": {
            "month": "2023-01",
            "price": "14.29",
            "revenue": 791408
        },
        "2023-02": {
            "month": "2023-02",
            "price": "15.63",
            "revenue": 730688
        },
        "2023-03": {
            "month": "2023-03",
            "price": "14.93",
            "revenue": 981663
        },
        "2023-04": {
            "month": "2023-04",
            "price": "15.98",
            "revenue": 743219
        },
        "2023-05": {
            "month": "2023-05",
            "price": "18.77",
            "revenue": 842263
        },
        "2023-06": {
            "month": "2023-06",
            "price": "23.34",
            "revenue": 675438
        },
        "2023-07": {
            "month": "2023-07",
            "price": "21.60",
            "revenue": 806878
        },
        "2023-08": {
            "month": "2023-08",
            "price": "20.61",
            "revenue": 710289
        },
        "2023-09": {
            "month": "2023-09",
            "price": "20.37",
            "revenue": 905462
        },
        "2023-10": {
            "month": "2023-10",
            "price": "19.81",
            "revenue": 747916
        },
        "2023-11": {
            "month": "2023-11",
            "price": "19.53",
            "revenue": 1109385
        }
    }
}
