{
    "summary": {
        "stock_name": "大亞",
        "stock_id": "1609",
        "category": "電器電纜",
        "main_business": "發電輸電配電機械製造業、電線電纜製造業、其他塑膠製品製造業<br>電子零組件製造業、配管工程業、其它工程業、塑膠膜、鋼線鋼纜<br>金屬結構建築組件製造業、電信器材電子材料批發業、國際貿易業",
        "website_url": "http://www.taya.com.tw",
        "ceo": "沈尚宜",
        "pe_ratio": 11,
        "report_year_from": 2001,
        "report_year_to": 2023,
        "age": 23,
        "eps_negative_percentage": 9,
        "eps_growth_avg": {
            "last_all": 2.81,
            "last_2y": 37.95,
            "last_4y": 36.93,
            "last_8y": 23.08,
            "last_12y": 2.69,
            "last_16y": -3.38,
            "last_20y": -2.31,
            "at_2006_last_3y": 1.69,
            "at_2007_last_3y": -16.58,
            "at_2008_last_3y": -51.74,
            "at_2009_last_3y": -58.31,
            "at_2010_last_3y": -27.66,
            "at_2011_last_3y": -9.26,
            "at_2012_last_3y": 4.2,
            "at_2013_last_3y": 7.91,
            "at_2014_last_3y": -38.09,
            "at_2015_last_3y": -56.14,
            "at_2016_last_3y": -54.98,
            "at_2017_last_3y": -28,
            "at_2018_last_3y": 0,
            "at_2019_last_3y": 35.34,
            "at_2020_last_3y": 42.7,
            "at_2021_last_3y": 32.53,
            "at_2022_last_3y": 21.16,
            "at_2023_last_3y": 44.66,
            "at_2024_last_3y": 44.66,
            "at_2006_last_all": 21.35,
            "at_2007_last_all": 3.97,
            "at_2008_last_all": -10.89,
            "at_2009_last_all": -10.89,
            "at_2010_last_all": 2.97,
            "at_2011_last_all": -0.44,
            "at_2012_last_all": -6.36,
            "at_2013_last_all": -4.05,
            "at_2014_last_all": -10.71,
            "at_2015_last_all": -17.58,
            "at_2016_last_all": -17.58,
            "at_2017_last_all": -9.18,
            "at_2018_last_all": -8.57,
            "at_2019_last_all": -7.66,
            "at_2020_last_all": -3.4,
            "at_2021_last_all": 0.09,
            "at_2022_last_all": -2.31,
            "at_2023_last_all": 2.81,
            "at_2024_last_all": 2.81
        },
        "latest_eps": 3.78,
        "latest_price": 43,
        "latest_roe": 21.65,
        "latest_gross_margin": 15.34,
        "latest_equity": 16496693,
        "latest_revenue": 7247777,
        "latest_gross_profit": 1111647,
        "latest_net_income": 395926,
        "latest_debt_ratio": 64.51,
        "latest_current_ratio": 143.88,
        "latest_account_receivable_turnover_ratio": 1.8,
        "latest_inventory_turnover_ratio": 1.01,
        "latest_reinvestment_rate": 243.29,
        "latest_research_to_sale_ratio": 0.23
    },
    "eps_dividends": {
        "1990": {
            "cash": 1,
            "stock": 1,
            "eps": 0
        },
        "1991": {
            "cash": 0,
            "stock": 1,
            "eps": 0
        },
        "1992": {
            "cash": 0,
            "stock": 1,
            "eps": 0
        },
        "1993": {
            "cash": 0,
            "stock": 1.6,
            "eps": 0
        },
        "1994": {
            "cash": 0,
            "stock": 2.8,
            "eps": 0
        },
        "1995": {
            "cash": 0,
            "stock": 1.4,
            "eps": 0
        },
        "1996": {
            "cash": 0,
            "stock": 1.3,
            "eps": 0
        },
        "1997": {
            "cash": 0,
            "stock": 1.4,
            "eps": 0
        },
        "2000": {
            "cash": 0.35,
            "stock": 0.02,
            "eps": 0
        },
        "2001": {
            "cash": 0,
            "stock": 0,
            "eps": 0.14
        },
        "2002": {
            "cash": 0.2,
            "stock": 0,
            "eps": 1.01
        },
        "2003": {
            "cash": 0.8,
            "stock": 0,
            "eps": 0.91
        },
        "2004": {
            "cash": 0.2,
            "stock": 0.6,
            "eps": 1.28
        },
        "2005": {
            "cash": 0.3,
            "stock": 0.3,
            "eps": 0.87
        },
        "2006": {
            "cash": 0.19,
            "stock": 0.38,
            "eps": 0.94
        },
        "2007": {
            "cash": 0.2,
            "stock": 0.3,
            "eps": 0.16
        },
        "2008": {
            "cash": 0.15,
            "stock": 0.15,
            "eps": -1.49
        },
        "2009": {
            "cash": 0,
            "stock": 0,
            "eps": 0.18
        },
        "2010": {
            "cash": 0.14,
            "stock": 0,
            "eps": 0.72
        },
        "2011": {
            "cash": 0.6,
            "stock": 0.1,
            "eps": 0.52
        },
        "2012": {
            "cash": 0,
            "stock": 0,
            "eps": 0.21
        },
        "2013": {
            "cash": 0.2,
            "stock": 0,
            "eps": 0.25
        },
        "2014": {
            "cash": 0.2,
            "stock": 0,
            "eps": 0.04
        },
        "2015": {
            "cash": 0,
            "stock": 0,
            "eps": -0.96
        },
        "2016": {
            "cash": 0,
            "stock": 0,
            "eps": 0.05
        },
        "2017": {
            "cash": 0,
            "stock": 0,
            "eps": 0.83
        },
        "2018": {
            "cash": 0.35,
            "stock": 0,
            "eps": 0.83
        },
        "2019": {
            "cash": 0.3,
            "stock": 0.4,
            "eps": 0.88
        },
        "2020": {
            "cash": 0.3,
            "stock": 0,
            "eps": 1.45
        },
        "2021": {
            "cash": 0.35,
            "stock": 0.35,
            "eps": 2.31
        },
        "2022": {
            "cash": 0.35,
            "stock": 0.6,
            "eps": 1.26
        },
        "2023": {
            "cash": 0.5,
            "stock": 0.1,
            "eps": 4.02
        }
    },
    "dividends": {
        "1990-05-31": {
            "cash": 1,
            "stock": 1
        },
        "1991-05-31": {
            "cash": 0,
            "stock": 1
        },
        "1992-05-23": {
            "cash": 0,
            "stock": 1
        },
        "1993-06-04": {
            "cash": 0,
            "stock": 1.6
        },
        "1994-05-12": {
            "cash": 0,
            "stock": 2.8
        },
        "1995-05-25": {
            "cash": 0,
            "stock": 1.4
        },
        "1996-05-23": {
            "cash": 0,
            "stock": 1.3
        },
        "1997-06-03": {
            "cash": 0,
            "stock": 1.4
        },
        "2000-05-31": {
            "cash": 0.35,
            "stock": 0.02
        },
        "2002-06-14": {
            "cash": 0.2,
            "stock": 0
        },
        "2003-03-17": {
            "cash": 0.8,
            "stock": 0
        },
        "2004-03-24": {
            "cash": 0.2,
            "stock": 0.6
        },
        "2005-03-18": {
            "cash": 0.3,
            "stock": 0.3
        },
        "2006-09-07": {
            "cash": 0.19,
            "stock": 0.38
        },
        "2007-03-28": {
            "cash": 0.2,
            "stock": 0.3
        },
        "2008-06-13": {
            "cash": 0.15,
            "stock": 0.15
        },
        "2010-04-16": {
            "cash": 0.14,
            "stock": 0
        },
        "2011-01-01": {
            "cash": 0.25,
            "stock": 0
        },
        "2011-06-09": {
            "cash": 0.35,
            "stock": 0.1
        },
        "2013-03-28": {
            "cash": 0.2,
            "stock": 0
        },
        "2014-09-18": {
            "cash": 0.2,
            "stock": 0
        },
        "2018-08-15": {
            "cash": 0.35,
            "stock": 0
        },
        "2019-08-29": {
            "cash": 0.3,
            "stock": 0.4
        },
        "2020-07-31": {
            "cash": 0.3,
            "stock": 0
        },
        "2021-10-29": {
            "cash": 0.35,
            "stock": 0.35
        },
        "2022-09-16": {
            "cash": 0.35,
            "stock": 0.6
        },
        "2023-08-18": {
            "cash": 0.5,
            "stock": 0.1
        }
    },
    "prices": {
        "200101": "5.91",
        "200102": "6.53",
        "200103": "6.13",
        "200104": "5.54",
        "200105": "4.31",
        "200106": "4.17",
        "200107": "3.80",
        "200108": "3.81",
        "200109": "3.41",
        "200110": "3.42",
        "200111": "3.42",
        "200112": "3.82",
        "200201": "4.04",
        "200202": "4.11",
        "200203": "6.56",
        "200204": "12.58",
        "200205": "11.36",
        "200206": "11.50",
        "200207": "11.22",
        "200208": "10.23",
        "200209": "9.28",
        "200210": "8.39",
        "200211": "10.02",
        "200212": "11.36",
        "200301": "13.34",
        "200302": "12.50",
        "200303": "10.67",
        "200304": "10.06",
        "200305": "9.33",
        "200306": "10.22",
        "200307": "9.41",
        "200308": "8.81",
        "200309": "8.61",
        "200310": "8.67",
        "200311": "9.52",
        "200312": "9.85",
        "200401": "11.55",
        "200402": "14.27",
        "200403": "16.61",
        "200404": "15.60",
        "200405": "12.35",
        "200406": "11.60",
        "200407": "11.21",
        "200408": "10.08",
        "200409": "11.45",
        "200410": "12.22",
        "200411": "11.73",
        "200412": "11.81",
        "200501": "11.86",
        "200502": "11.25",
        "200503": "10.70",
        "200504": "9.46",
        "200505": "9.35",
        "200506": "9.97",
        "200507": "9.78",
        "200508": "8.61",
        "200509": "8.26",
        "200510": "7.51",
        "200511": "7.74",
        "200512": "8.18",
        "200601": "8.14",
        "200602": "8.21",
        "200603": "8.09",
        "200604": "9.13",
        "200605": "10.01",
        "200606": "8.72",
        "200607": "9.15",
        "200608": "10.28",
        "200609": "10.27",
        "200610": "11.32",
        "200611": "12.95",
        "200612": "14.65",
        "200701": "15.37",
        "200702": "14.52",
        "200703": "13.73",
        "200704": "14.02",
        "200705": "12.45",
        "200706": "12.31",
        "200707": "13.65",
        "200708": "12.03",
        "200709": "11.76",
        "200710": "12.05",
        "200711": "10.34",
        "200712": "9.26",
        "200801": "9.06",
        "200802": "9.24",
        "200803": "9.95",
        "200804": "10.47",
        "200805": "10.49",
        "200806": "8.91",
        "200807": "7.90",
        "200808": "7.92",
        "200809": "6.51",
        "200810": "5.64",
        "200811": "5.30",
        "200812": "5.45",
        "200901": "5.34",
        "200902": "5.01",
        "200903": "5.33",
        "200904": "6.32",
        "200905": "6.30",
        "200906": "6.14",
        "200907": "6.12",
        "200908": "6.77",
        "200909": "6.79",
        "200910": "7.51",
        "200911": "7.92",
        "200912": "8.14",
        "201001": "8.64",
        "201002": "7.58",
        "201003": "8.08",
        "201004": "9.28",
        "201005": "8.28",
        "201006": "8.08",
        "201007": "8.44",
        "201008": "8.96",
        "201009": "8.81",
        "201010": "9.07",
        "201011": "8.75",
        "201012": "8.82",
        "201101": "8.98",
        "201102": "8.64",
        "201103": "8.27",
        "201104": "8.54",
        "201105": "9.24",
        "201106": "9.18",
        "201107": "9.33",
        "201108": "8.66",
        "201109": "8.12",
        "201110": "7.91",
        "201111": "8.00",
        "201112": "7.74",
        "201201": "7.60",
        "201202": "8.39",
        "201203": "8.66",
        "201204": "7.80",
        "201205": "7.51",
        "201206": "7.21",
        "201207": "7.33",
        "201208": "7.35",
        "201209": "7.25",
        "201210": "7.08",
        "201211": "6.80",
        "201212": "7.10",
        "201301": "7.15",
        "201302": "7.17",
        "201303": "7.11",
        "201304": "7.05",
        "201305": "7.21",
        "201306": "6.94",
        "201307": "6.98",
        "201308": "6.87",
        "201309": "6.62",
        "201310": "6.92",
        "201311": "6.79",
        "201312": "7.03",
        "201401": "7.26",
        "201402": "7.08",
        "201403": "7.11",
        "201404": "7.33",
        "201405": "7.24",
        "201406": "7.24",
        "201407": "7.35",
        "201408": "7.18",
        "201409": "7.07",
        "201410": "6.62",
        "201411": "6.37",
        "201412": "6.36",
        "201501": "6.48",
        "201502": "6.45",
        "201503": "6.56",
        "201504": "6.48",
        "201505": "6.41",
        "201506": "5.66",
        "201507": "5.18",
        "201508": "4.61",
        "201509": "4.52",
        "201510": "4.72",
        "201511": "4.79",
        "201512": "4.56",
        "201601": "4.38",
        "201602": "4.43",
        "201603": "4.70",
        "201604": "4.61",
        "201605": "4.29",
        "201606": "4.24",
        "201607": "4.41",
        "201608": "4.65",
        "201609": "4.91",
        "201610": "5.16",
        "201611": "5.38",
        "201612": "5.47",
        "201701": "5.60",
        "201702": "6.65",
        "201703": "6.83",
        "201704": "6.38",
        "201705": "6.15",
        "201706": "6.29",
        "201707": "6.44",
        "201708": "7.21",
        "201709": "8.02",
        "201710": "8.48",
        "201711": "10.79",
        "201712": "13.50",
        "201801": "13.93",
        "201802": "12.96",
        "201803": "13.50",
        "201804": "16.02",
        "201805": "14.26",
        "201806": "14.29",
        "201807": "13.34",
        "201808": "12.75",
        "201809": "12.29",
        "201810": "11.89",
        "201811": "11.13",
        "201812": "10.45",
        "201901": "10.02",
        "201902": "10.98",
        "201903": "11.18",
        "201904": "10.89",
        "201905": "11.03",
        "201906": "11.17",
        "201907": "11.13",
        "201908": "10.16",
        "201909": "10.61",
        "201910": "10.58",
        "201911": "10.64",
        "201912": "10.77",
        "202001": "11.54",
        "202002": "10.71",
        "202003": "8.68",
        "202004": "9.14",
        "202005": "10.60",
        "202006": "10.64",
        "202007": "11.06",
        "202008": "14.06",
        "202009": "16.55",
        "202010": "20.11",
        "202011": "19.66",
        "202012": "20.28",
        "202101": "18.64",
        "202102": "19.25",
        "202103": "19.55",
        "202104": "24.81",
        "202105": "28.31",
        "202106": "28.78",
        "202107": "28.35",
        "202108": "26.37",
        "202109": "25.92",
        "202110": "25.26",
        "202111": "26.00",
        "202112": "24.59",
        "202201": "24.01",
        "202202": "23.85",
        "202203": "25.78",
        "202204": "29.49",
        "202205": "25.72",
        "202206": "24.70",
        "202207": "23.69",
        "202208": "22.47",
        "202209": "19.96",
        "202210": "16.98",
        "202211": "18.20",
        "202212": "20.41",
        "202301": "20.94",
        "202302": "24.00",
        "202303": "25.47",
        "202304": "27.64",
        "202305": "30.71",
        "202306": "37.26",
        "202307": "38.62",
        "202308": "36.08",
        "202309": "35.46",
        "202310": "34.41",
        "202311": "33.19",
        "202312": "34.43",
        "202401": "34.76",
        "202402": "35.88",
        "202403": "39.19",
        "202404": "無"
    },
    "quarters": {
        "20011": {
            "year_quarter": 20011,
            "year": 2001,
            "quarter": 1,
            "eps": 0.04,
            "eps_growth_year": -81.82,
            "eps_4q": -0.13,
            "eps_4q_growth_year": -118.95,
            "roe": 0.34,
            "roe_4q": 0.34,
            "gross_profit": 72022,
            "gross_margin": 6.9,
            "gross_margin_4q_avg": 6.9,
            "net_income": 21948,
            "net_income_4q": null,
            "revenue": 1044077,
            "revenue_4q": null,
            "common_shares": 5572260,
            "book_valuer_per_share": 11.36,
            "book_valuer_per_share_4q_avg": 11.36,
            "equity": 6332288,
            "current_ratio": 159.28,
            "debt_ratio": 40.56,
            "inventory_turnover_ratio": 0.51,
            "account_receivable_turnover_ratio": null,
            "reinvestment_rate": null,
            "research_to_sale_ratio": null,
            "price_fair": 0,
            "eps_avg_yearly": 0,
            "eps_latest_yearly": 0,
            "eps_growth_yearly": 0
        },
        "20012": {
            "year_quarter": 20012,
            "year": 2001,
            "quarter": 2,
            "eps": 0,
            "eps_growth_year": -100,
            "eps_4q": -0.33,
            "eps_4q_growth_year": -149.45,
            "roe": -0.01,
            "roe_4q": 0.33,
            "gross_profit": 130539,
            "gross_margin": 11.46,
            "gross_margin_4q_avg": 9.18,
            "net_income": -633,
            "net_income_4q": null,
            "revenue": 1139108,
            "revenue_4q": null,
            "common_shares": 5425770,
            "book_valuer_per_share": 11.66,
            "book_valuer_per_share_4q_avg": 11.51,
            "equity": 6324995,
            "current_ratio": 141.33,
            "debt_ratio": 39.99,
            "inventory_turnover_ratio": 0.56,
            "account_receivable_turnover_ratio": null,
            "reinvestment_rate": null,
            "research_to_sale_ratio": null,
            "price_fair": 0,
            "eps_avg_yearly": 0,
            "eps_latest_yearly": 0,
            "eps_growth_yearly": 0
        },
        "20013": {
            "year_quarter": 20013,
            "year": 2001,
            "quarter": 3,
            "eps": -0.23,
            "eps_growth_year": -235.29,
            "eps_4q": -0.74,
            "eps_4q_growth_year": -194.98,
            "roe": -1.97,
            "roe_4q": -1.64,
            "gross_profit": 69097,
            "gross_margin": 6.81,
            "gross_margin_4q_avg": 8.39,
            "net_income": -123069,
            "net_income_4q": null,
            "revenue": 1014550,
            "revenue_4q": null,
            "common_shares": 5425770,
            "book_valuer_per_share": 11.35,
            "book_valuer_per_share_4q_avg": 11.46,
            "equity": 6157847,
            "current_ratio": 138.65,
            "debt_ratio": 39.44,
            "inventory_turnover_ratio": 0.52,
            "account_receivable_turnover_ratio": null,
            "reinvestment_rate": null,
            "research_to_sale_ratio": null,
            "price_fair": 0,
            "eps_avg_yearly": 0,
            "eps_latest_yearly": 0,
            "eps_growth_yearly": 0
        },
        "20014": {
            "year_quarter": 20014,
            "year": 2001,
            "quarter": 4,
            "eps": 0.33,
            "eps_growth_year": null,
            "eps_4q": 0.14,
            "eps_4q_growth_year": 152.21,
            "roe": 2.75,
            "roe_4q": 1.11,
            "gross_profit": 189759,
            "gross_margin": 14.68,
            "gross_margin_4q_avg": 9.96,
            "net_income": 172783,
            "net_income_4q": null,
            "revenue": 1292425,
            "revenue_4q": null,
            "common_shares": 5245770,
            "book_valuer_per_share": 11.9,
            "book_valuer_per_share_4q_avg": 11.57,
            "equity": 6397712,
            "current_ratio": 132.95,
            "debt_ratio": 40.32,
            "inventory_turnover_ratio": 0.61,
            "account_receivable_turnover_ratio": null,
            "reinvestment_rate": null,
            "research_to_sale_ratio": null,
            "price_fair": 0,
            "eps_avg_yearly": 0,
            "eps_latest_yearly": 0,
            "eps_growth_yearly": 0
        },
        "20021": {
            "year_quarter": 20021,
            "year": 2002,
            "quarter": 1,
            "eps": 0.22,
            "eps_growth_year": 450,
            "eps_4q": 0.33,
            "eps_4q_growth_year": null,
            "roe": 1.63,
            "roe_4q": 2.4000000000000004,
            "gross_profit": 110791,
            "gross_margin": 11.58,
            "gross_margin_4q_avg": 11.13,
            "net_income": 101485,
            "net_income_4q": null,
            "revenue": 957135,
            "revenue_4q": null,
            "common_shares": 5086210,
            "book_valuer_per_share": 11.95,
            "book_valuer_per_share_4q_avg": 11.72,
            "equity": 6076482,
            "current_ratio": 146.9,
            "debt_ratio": 37.71,
            "inventory_turnover_ratio": 0.5,
            "account_receivable_turnover_ratio": null,
            "reinvestment_rate": null,
            "research_to_sale_ratio": null,
            "price_fair": 2.64,
            "eps_avg_yearly": 0.88,
            "eps_latest_yearly": 0.88,
            "eps_growth_yearly": -133.33
        },
        "20022": {
            "year_quarter": 20022,
            "year": 2002,
            "quarter": 2,
            "eps": 0.31,
            "eps_growth_year": null,
            "eps_4q": 0.65,
            "eps_4q_growth_year": null,
            "roe": 2.32,
            "roe_4q": 4.7299999999999995,
            "gross_profit": 172852,
            "gross_margin": 13,
            "gross_margin_4q_avg": 11.52,
            "net_income": 138345,
            "net_income_4q": null,
            "revenue": 1329808,
            "revenue_4q": null,
            "common_shares": 4867760,
            "book_valuer_per_share": 12.02,
            "book_valuer_per_share_4q_avg": 11.81,
            "equity": 5849005,
            "current_ratio": 130.99,
            "debt_ratio": 39.63,
            "inventory_turnover_ratio": 0.73,
            "account_receivable_turnover_ratio": null,
            "reinvestment_rate": null,
            "research_to_sale_ratio": null,
            "price_fair": 26.66,
            "eps_avg_yearly": 1.06,
            "eps_latest_yearly": 1.24,
            "eps_growth_yearly": 15.15
        },
        "20023": {
            "year_quarter": 20023,
            "year": 2002,
            "quarter": 3,
            "eps": 0.24,
            "eps_growth_year": null,
            "eps_4q": 1.19,
            "eps_4q_growth_year": null,
            "roe": 1.78,
            "roe_4q": 8.48,
            "gross_profit": 236915,
            "gross_margin": 16.61,
            "gross_margin_4q_avg": 13.97,
            "net_income": 103969,
            "net_income_4q": null,
            "revenue": 1426728,
            "revenue_4q": null,
            "common_shares": 4768280,
            "book_valuer_per_share": 12.24,
            "book_valuer_per_share_4q_avg": 12.03,
            "equity": 5837276,
            "current_ratio": 131.36,
            "debt_ratio": 40.76,
            "inventory_turnover_ratio": 0.74,
            "account_receivable_turnover_ratio": null,
            "reinvestment_rate": null,
            "research_to_sale_ratio": null,
            "price_fair": 3.08,
            "eps_avg_yearly": 1.03,
            "eps_latest_yearly": 0.96,
            "eps_growth_yearly": -20.01
        },
        "20024": {
            "year_quarter": 20024,
            "year": 2002,
            "quarter": 4,
            "eps": 0.24,
            "eps_growth_year": -27.27,
            "eps_4q": 1.05,
            "eps_4q_growth_year": 672.06,
            "roe": 1.73,
            "roe_4q": 7.46,
            "gross_profit": 216444,
            "gross_margin": 15.75,
            "gross_margin_4q_avg": 14.24,
            "net_income": 102199,
            "net_income_4q": null,
            "revenue": 1374159,
            "revenue_4q": null,
            "common_shares": 4668280,
            "book_valuer_per_share": 12.68,
            "book_valuer_per_share_4q_avg": 12.22,
            "equity": 5983241,
            "current_ratio": 130.32,
            "debt_ratio": 40.74,
            "inventory_turnover_ratio": 0.7,
            "account_receivable_turnover_ratio": null,
            "reinvestment_rate": 15.7,
            "research_to_sale_ratio": null,
            "price_fair": 3.03,
            "eps_avg_yearly": 1.01,
            "eps_latest_yearly": 0.96,
            "eps_growth_yearly": -15
        },
        "20031": {
            "year_quarter": 20031,
            "year": 2003,
            "quarter": 1,
            "eps": 0.13,
            "eps_growth_year": -40.91,
            "eps_4q": 0.95,
            "eps_4q_growth_year": 191.63,
            "roe": 0.91,
            "roe_4q": 6.74,
            "gross_profit": 115075,
            "gross_margin": 10.26,
            "gross_margin_4q_avg": 13.91,
            "net_income": 54494,
            "net_income_4q": null,
            "revenue": 1121272,
            "revenue_4q": null,
            "common_shares": 4654170,
            "book_valuer_per_share": 12.83,
            "book_valuer_per_share_4q_avg": 12.44,
            "equity": 5971845,
            "current_ratio": 129.64,
            "debt_ratio": 40.71,
            "inventory_turnover_ratio": 0.59,
            "account_receivable_turnover_ratio": null,
            "reinvestment_rate": 0.74,
            "research_to_sale_ratio": null,
            "price_fair": 2.74,
            "eps_avg_yearly": 0.91,
            "eps_latest_yearly": 0.52,
            "eps_growth_yearly": -48.67
        },
        "20032": {
            "year_quarter": 20032,
            "year": 2003,
            "quarter": 2,
            "eps": 0.22,
            "eps_growth_year": -29.03,
            "eps_4q": 0.86,
            "eps_4q_growth_year": 32.97,
            "roe": 1.53,
            "roe_4q": 5.95,
            "gross_profit": 157278,
            "gross_margin": 11.64,
            "gross_margin_4q_avg": 13.57,
            "net_income": 89224,
            "net_income_4q": null,
            "revenue": 1351718,
            "revenue_4q": null,
            "common_shares": 4654170,
            "book_valuer_per_share": 12.16,
            "book_valuer_per_share_4q_avg": 12.48,
            "equity": 5658451,
            "current_ratio": 110.19,
            "debt_ratio": 43.8,
            "inventory_turnover_ratio": 0.69,
            "account_receivable_turnover_ratio": null,
            "reinvestment_rate": 7.45,
            "research_to_sale_ratio": null,
            "price_fair": 14.14,
            "eps_avg_yearly": 0.91,
            "eps_latest_yearly": 0.88,
            "eps_growth_yearly": 5.6
        },
        "20033": {
            "year_quarter": 20033,
            "year": 2003,
            "quarter": 3,
            "eps": 0.2,
            "eps_growth_year": -16.67,
            "eps_4q": 0.78,
            "eps_4q_growth_year": -34.41,
            "roe": 1.48,
            "roe_4q": 5.65,
            "gross_profit": 136001,
            "gross_margin": 9.86,
            "gross_margin_4q_avg": 11.88,
            "net_income": 84484,
            "net_income_4q": null,
            "revenue": 1378954,
            "revenue_4q": null,
            "common_shares": 4654170,
            "book_valuer_per_share": 12.41,
            "book_valuer_per_share_4q_avg": 12.52,
            "equity": 5775508,
            "current_ratio": 98.83,
            "debt_ratio": 45.17,
            "inventory_turnover_ratio": 0.72,
            "account_receivable_turnover_ratio": null,
            "reinvestment_rate": -13.76,
            "research_to_sale_ratio": null,
            "price_fair": 2.67,
            "eps_avg_yearly": 0.89,
            "eps_latest_yearly": 0.8,
            "eps_growth_yearly": -0.4
        },
        "20034": {
            "year_quarter": 20034,
            "year": 2003,
            "quarter": 4,
            "eps": 0.36,
            "eps_growth_year": 50,
            "eps_4q": 0.91,
            "eps_4q_growth_year": -13.43,
            "roe": 2.56,
            "roe_4q": 6.48,
            "gross_profit": 88024,
            "gross_margin": 6.18,
            "gross_margin_4q_avg": 9.49,
            "net_income": 150277,
            "net_income_4q": null,
            "revenue": 1424179,
            "revenue_4q": null,
            "common_shares": 4654170,
            "book_valuer_per_share": 12.67,
            "book_valuer_per_share_4q_avg": 12.52,
            "equity": 5974094,
            "current_ratio": 118.74,
            "debt_ratio": 44.83,
            "inventory_turnover_ratio": 0.74,
            "account_receivable_turnover_ratio": null,
            "reinvestment_rate": 19.02,
            "research_to_sale_ratio": null,
            "price_fair": 33.6,
            "eps_avg_yearly": 0.96,
            "eps_latest_yearly": 1.44,
            "eps_growth_yearly": 39.65
        },
        "20041": {
            "year_quarter": 20041,
            "year": 2004,
            "quarter": 1,
            "eps": 0.27,
            "eps_growth_year": 107.69,
            "eps_4q": 1.06,
            "eps_4q_growth_year": 11.86,
            "roe": 1.85,
            "roe_4q": 7.420000000000001,
            "gross_profit": 122286,
            "gross_margin": 8.94,
            "gross_margin_4q_avg": 9.16,
            "net_income": 110060,
            "net_income_4q": null,
            "revenue": 1368575,
            "revenue_4q": null,
            "common_shares": 4654170,
            "book_valuer_per_share": 12.77,
            "book_valuer_per_share_4q_avg": 12.5,
            "equity": 5943050,
            "current_ratio": 135.49,
            "debt_ratio": 42.13,
            "inventory_turnover_ratio": 0.68,
            "account_receivable_turnover_ratio": null,
            "reinvestment_rate": -30.33,
            "research_to_sale_ratio": null,
            "price_fair": 33.22,
            "eps_avg_yearly": 0.97,
            "eps_latest_yearly": 1.08,
            "eps_growth_yearly": 24.13
        },
        "20042": {
            "year_quarter": 20042,
            "year": 2004,
            "quarter": 2,
            "eps": 0.35,
            "eps_growth_year": 59.09,
            "eps_4q": 1.13,
            "eps_4q_growth_year": 30.77,
            "roe": 2.59,
            "roe_4q": 8.48,
            "gross_profit": 159627,
            "gross_margin": 9.89,
            "gross_margin_4q_avg": 8.72,
            "net_income": 155093,
            "net_income_4q": null,
            "revenue": 1614034,
            "revenue_4q": null,
            "common_shares": 4654170,
            "book_valuer_per_share": 12.99,
            "book_valuer_per_share_4q_avg": 12.71,
            "equity": 6043808,
            "current_ratio": 120.54,
            "debt_ratio": 43.46,
            "inventory_turnover_ratio": 0.73,
            "account_receivable_turnover_ratio": null,
            "reinvestment_rate": -36.28,
            "research_to_sale_ratio": null,
            "price_fair": 35.56,
            "eps_avg_yearly": 1.02,
            "eps_latest_yearly": 1.4,
            "eps_growth_yearly": 33.57
        },
        "20043": {
            "year_quarter": 20043,
            "year": 2004,
            "quarter": 3,
            "eps": 0.3,
            "eps_growth_year": 50,
            "eps_4q": 1.25,
            "eps_4q_growth_year": 59.82,
            "roe": 2.15,
            "roe_4q": 9.15,
            "gross_profit": 199160,
            "gross_margin": 10.85,
            "gross_margin_4q_avg": 8.97,
            "net_income": 131179,
            "net_income_4q": null,
            "revenue": 1836141,
            "revenue_4q": null,
            "common_shares": 4933420,
            "book_valuer_per_share": 12.54,
            "book_valuer_per_share_4q_avg": 12.74,
            "equity": 6186803,
            "current_ratio": 122.71,
            "debt_ratio": 43.92,
            "inventory_turnover_ratio": 0.73,
            "account_receivable_turnover_ratio": null,
            "reinvestment_rate": -37.11,
            "research_to_sale_ratio": null,
            "price_fair": 36.15,
            "eps_avg_yearly": 1.03,
            "eps_latest_yearly": 1.2,
            "eps_growth_yearly": 25.33
        },
        "20044": {
            "year_quarter": 20044,
            "year": 2004,
            "quarter": 4,
            "eps": 0.36,
            "eps_growth_year": 0,
            "eps_4q": 1.26,
            "eps_4q_growth_year": 38.92,
            "roe": 2.54,
            "roe_4q": 9.129999999999999,
            "gross_profit": 250961,
            "gross_margin": 13.25,
            "gross_margin_4q_avg": 10.73,
            "net_income": 158618,
            "net_income_4q": null,
            "revenue": 1894594,
            "revenue_4q": null,
            "common_shares": 4933420,
            "book_valuer_per_share": 12.49,
            "book_valuer_per_share_4q_avg": 12.7,
            "equity": 6282548,
            "current_ratio": 140.78,
            "debt_ratio": 49.48,
            "inventory_turnover_ratio": 0.64,
            "account_receivable_turnover_ratio": null,
            "reinvestment_rate": 9.77,
            "research_to_sale_ratio": null,
            "price_fair": 37.33,
            "eps_avg_yearly": 1.07,
            "eps_latest_yearly": 1.44,
            "eps_growth_yearly": 29.88
        },
        "20051": {
            "year_quarter": 20051,
            "year": 2005,
            "quarter": 1,
            "eps": 0.17,
            "eps_growth_year": -37.04,
            "eps_4q": 1.2,
            "eps_4q_growth_year": 13.01,
            "roe": 1.17,
            "roe_4q": 8.45,
            "gross_profit": 108776,
            "gross_margin": 7.13,
            "gross_margin_4q_avg": 10.28,
            "net_income": 73193,
            "net_income_4q": null,
            "revenue": 1525148,
            "revenue_4q": null,
            "common_shares": 4933420,
            "book_valuer_per_share": 12.61,
            "book_valuer_per_share_4q_avg": 12.66,
            "equity": 6220102,
            "current_ratio": 224.14,
            "debt_ratio": 41.1,
            "inventory_turnover_ratio": 0.56,
            "account_receivable_turnover_ratio": null,
            "reinvestment_rate": -27.23,
            "research_to_sale_ratio": null,
            "price_fair": 22.13,
            "eps_avg_yearly": 1.04,
            "eps_latest_yearly": 0.68,
            "eps_growth_yearly": 11.34
        },
        "20052": {
            "year_quarter": 20052,
            "year": 2005,
            "quarter": 2,
            "eps": 0.24,
            "eps_growth_year": -31.43,
            "eps_4q": 1.05,
            "eps_4q_growth_year": -7.14,
            "roe": 1.72,
            "roe_4q": 7.58,
            "gross_profit": 160154,
            "gross_margin": 8.65,
            "gross_margin_4q_avg": 9.97,
            "net_income": 107873,
            "net_income_4q": null,
            "revenue": 1851218,
            "revenue_4q": null,
            "common_shares": 4933420,
            "book_valuer_per_share": 12.82,
            "book_valuer_per_share_4q_avg": 12.62,
            "equity": 6326118,
            "current_ratio": 194.05,
            "debt_ratio": 41.77,
            "inventory_turnover_ratio": 0.78,
            "account_receivable_turnover_ratio": null,
            "reinvestment_rate": -22.82,
            "research_to_sale_ratio": null,
            "price_fair": 33.31,
            "eps_avg_yearly": 1.03,
            "eps_latest_yearly": 0.96,
            "eps_growth_yearly": 22.3
        },
        "20053": {
            "year_quarter": 20053,
            "year": 2005,
            "quarter": 3,
            "eps": 0.25,
            "eps_growth_year": -16.67,
            "eps_4q": 1,
            "eps_4q_growth_year": -19.8,
            "roe": 1.76,
            "roe_4q": 7.19,
            "gross_profit": 159412,
            "gross_margin": 7.5,
            "gross_margin_4q_avg": 9.13,
            "net_income": 112842,
            "net_income_4q": null,
            "revenue": 2126351,
            "revenue_4q": null,
            "common_shares": 5081423,
            "book_valuer_per_share": 12.72,
            "book_valuer_per_share_4q_avg": 12.66,
            "equity": 6461873,
            "current_ratio": 212.08,
            "debt_ratio": 40.38,
            "inventory_turnover_ratio": 0.96,
            "account_receivable_turnover_ratio": null,
            "reinvestment_rate": -22.21,
            "research_to_sale_ratio": null,
            "price_fair": 32.86,
            "eps_avg_yearly": 1.03,
            "eps_latest_yearly": 1,
            "eps_growth_yearly": 21.92
        },
        "20054": {
            "year_quarter": 20054,
            "year": 2005,
            "quarter": 4,
            "eps": 0.21,
            "eps_growth_year": -41.67,
            "eps_4q": 0.86,
            "eps_4q_growth_year": -31.33,
            "roe": 1.35,
            "roe_4q": 6,
            "gross_profit": 190286,
            "gross_margin": 8.72,
            "gross_margin_4q_avg": 8,
            "net_income": 94235,
            "net_income_4q": null,
            "revenue": 2182061,
            "revenue_4q": null,
            "common_shares": 5081423,
            "book_valuer_per_share": 12.78,
            "book_valuer_per_share_4q_avg": 12.73,
            "equity": 7491824,
            "current_ratio": 190.15,
            "debt_ratio": 52.16,
            "inventory_turnover_ratio": 0.77,
            "account_receivable_turnover_ratio": null,
            "reinvestment_rate": 46.02,
            "research_to_sale_ratio": null,
            "price_fair": 27.02,
            "eps_avg_yearly": 1.02,
            "eps_latest_yearly": 0.84,
            "eps_growth_yearly": 16.55
        },
        "20061": {
            "year_quarter": 20061,
            "year": 2006,
            "quarter": 1,
            "eps": 0.28,
            "eps_growth_year": 64.71,
            "eps_4q": 1,
            "eps_4q_growth_year": -17.27,
            "roe": 1.74,
            "roe_4q": 6.569999999999999,
            "gross_profit": 154026,
            "gross_margin": 6.67,
            "gross_margin_4q_avg": 7.89,
            "net_income": 123245,
            "net_income_4q": null,
            "revenue": 2310657,
            "revenue_4q": null,
            "common_shares": 4981423,
            "book_valuer_per_share": 13.33,
            "book_valuer_per_share_4q_avg": 12.91,
            "equity": 6641856,
            "current_ratio": 210.22,
            "debt_ratio": 40.41,
            "inventory_turnover_ratio": 0.83,
            "account_receivable_turnover_ratio": null,
            "reinvestment_rate": -18.66,
            "research_to_sale_ratio": null,
            "price_fair": 36.14,
            "eps_avg_yearly": 1.03,
            "eps_latest_yearly": 1.12,
            "eps_growth_yearly": 33.22
        },
        "20062": {
            "year_quarter": 20062,
            "year": 2006,
            "quarter": 2,
            "eps": 0.69,
            "eps_growth_year": 187.5,
            "eps_4q": 1.44,
            "eps_4q_growth_year": 37.14,
            "roe": 4.54,
            "roe_4q": 9.39,
            "gross_profit": 194220,
            "gross_margin": 6.89,
            "gross_margin_4q_avg": 7.45,
            "net_income": 305241,
            "net_income_4q": null,
            "revenue": 2818167,
            "revenue_4q": null,
            "common_shares": 4981423,
            "book_valuer_per_share": 13.63,
            "book_valuer_per_share_4q_avg": 13.12,
            "equity": 6791046,
            "current_ratio": 165.44,
            "debt_ratio": 43.39,
            "inventory_turnover_ratio": 1.19,
            "account_receivable_turnover_ratio": null,
            "reinvestment_rate": -13.1,
            "research_to_sale_ratio": null,
            "price_fair": 39.46,
            "eps_avg_yearly": 1.13,
            "eps_latest_yearly": 2.76,
            "eps_growth_yearly": 59.6
        },
        "20063": {
            "year_quarter": 20063,
            "year": 2006,
            "quarter": 3,
            "eps": 0.22,
            "eps_growth_year": -12,
            "eps_4q": 1.38,
            "eps_4q_growth_year": 37.4,
            "roe": 1.43,
            "roe_4q": 9.06,
            "gross_profit": 228096,
            "gross_margin": 7.69,
            "gross_margin_4q_avg": 7.49,
            "net_income": 99348,
            "net_income_4q": null,
            "revenue": 2964462,
            "revenue_4q": null,
            "common_shares": 5187796,
            "book_valuer_per_share": 13.71,
            "book_valuer_per_share_4q_avg": 13.36,
            "equity": 7110452,
            "current_ratio": 126.2,
            "debt_ratio": 44.3,
            "inventory_turnover_ratio": 0.98,
            "account_receivable_turnover_ratio": null,
            "reinvestment_rate": -10.55,
            "research_to_sale_ratio": null,
            "price_fair": 39.29,
            "eps_avg_yearly": 1.12,
            "eps_latest_yearly": 0.88,
            "eps_growth_yearly": 48.22
        },
        "20064": {
            "year_quarter": 20064,
            "year": 2006,
            "quarter": 4,
            "eps": -0.25,
            "eps_growth_year": -219.05,
            "eps_4q": 0.6,
            "eps_4q_growth_year": -30.09,
            "roe": -1.5,
            "roe_4q": 6.21,
            "gross_profit": 98399,
            "gross_margin": 3.11,
            "gross_margin_4q_avg": 6.09,
            "net_income": -118825,
            "net_income_4q": null,
            "revenue": 3165948,
            "revenue_4q": null,
            "common_shares": 5659089,
            "book_valuer_per_share": 13.53,
            "book_valuer_per_share_4q_avg": 13.55,
            "equity": 8745927,
            "current_ratio": 163.21,
            "debt_ratio": 53.49,
            "inventory_turnover_ratio": 0.72,
            "account_receivable_turnover_ratio": null,
            "reinvestment_rate": 80.32,
            "research_to_sale_ratio": null,
            "price_fair": 39.67,
            "eps_avg_yearly": 1.13,
            "eps_latest_yearly": 0.88,
            "eps_growth_yearly": 51.43
        },
        "20071": {
            "year_quarter": 20071,
            "year": 2007,
            "quarter": 1,
            "eps": -0.31,
            "eps_growth_year": -210.71,
            "eps_4q": 0.2,
            "eps_4q_growth_year": -80.12,
            "roe": -2.14,
            "roe_4q": 2.33,
            "gross_profit": -38910,
            "gross_margin": -1.59,
            "gross_margin_4q_avg": 4.03,
            "net_income": -174405,
            "net_income_4q": null,
            "revenue": 2453178,
            "revenue_4q": null,
            "common_shares": 5716150,
            "book_valuer_per_share": 13.25,
            "book_valuer_per_share_4q_avg": 13.53,
            "equity": 7575623,
            "current_ratio": 254.14,
            "debt_ratio": 35.45,
            "inventory_turnover_ratio": 0.69,
            "account_receivable_turnover_ratio": null,
            "reinvestment_rate": -12.18,
            "research_to_sale_ratio": null,
            "price_fair": 41.2,
            "eps_avg_yearly": 1.18,
            "eps_latest_yearly": 0.88,
            "eps_growth_yearly": 68.2
        },
        "20072": {
            "year_quarter": 20072,
            "year": 2007,
            "quarter": 2,
            "eps": 0.26,
            "eps_growth_year": -62.32,
            "eps_4q": -0.08,
            "eps_4q_growth_year": -105.84,
            "roe": 1.92,
            "roe_4q": -0.29000000000000026,
            "gross_profit": 142936,
            "gross_margin": 5,
            "gross_margin_4q_avg": 3.55,
            "net_income": 146558,
            "net_income_4q": null,
            "revenue": 2860987,
            "revenue_4q": null,
            "common_shares": 5716150,
            "book_valuer_per_share": 13.42,
            "book_valuer_per_share_4q_avg": 13.48,
            "equity": 7669257,
            "current_ratio": 193.04,
            "debt_ratio": 41.42,
            "inventory_turnover_ratio": 1.19,
            "account_receivable_turnover_ratio": null,
            "reinvestment_rate": -14.72,
            "research_to_sale_ratio": null,
            "price_fair": 42,
            "eps_avg_yearly": 1.2,
            "eps_latest_yearly": 0.88,
            "eps_growth_yearly": 52.14
        },
        "20073": {
            "year_quarter": 20073,
            "year": 2007,
            "quarter": 3,
            "eps": 0.09,
            "eps_growth_year": -59.09,
            "eps_4q": -0.16,
            "eps_4q_growth_year": -111.85,
            "roe": 0.67,
            "roe_4q": -1.0500000000000003,
            "gross_profit": 126391,
            "gross_margin": 4.2,
            "gross_margin_4q_avg": 2.68,
            "net_income": 52113,
            "net_income_4q": null,
            "revenue": 3009928,
            "revenue_4q": null,
            "common_shares": 5887290,
            "book_valuer_per_share": 13.38,
            "book_valuer_per_share_4q_avg": 13.4,
            "equity": 7874505,
            "current_ratio": 175.45,
            "debt_ratio": 40.28,
            "inventory_turnover_ratio": 1.04,
            "account_receivable_turnover_ratio": null,
            "reinvestment_rate": -14.33,
            "research_to_sale_ratio": null,
            "price_fair": 40.82,
            "eps_avg_yearly": 1.17,
            "eps_latest_yearly": 0.36,
            "eps_growth_yearly": 34.82
        },
        "20074": {
            "year_quarter": 20074,
            "year": 2007,
            "quarter": 4,
            "eps": 0.12,
            "eps_growth_year": null,
            "eps_4q": 0.16,
            "eps_4q_growth_year": -73.39,
            "roe": 0.83,
            "roe_4q": 1.2799999999999998,
            "gross_profit": 84764,
            "gross_margin": 3.04,
            "gross_margin_4q_avg": 2.66,
            "net_income": 71184,
            "net_income_4q": null,
            "revenue": 2787522,
            "revenue_4q": null,
            "common_shares": 5947129,
            "book_valuer_per_share": 13.65,
            "book_valuer_per_share_4q_avg": 13.43,
            "equity": 9227871,
            "current_ratio": 184.1,
            "debt_ratio": 51.9,
            "inventory_turnover_ratio": 0.71,
            "account_receivable_turnover_ratio": null,
            "reinvestment_rate": 75.67,
            "research_to_sale_ratio": null,
            "price_fair": 33.27,
            "eps_avg_yearly": 1.09,
            "eps_latest_yearly": 0.48,
            "eps_growth_yearly": 20.46
        },
        "20081": {
            "year_quarter": 20081,
            "year": 2008,
            "quarter": 1,
            "eps": -0.06,
            "eps_growth_year": null,
            "eps_4q": 0.63,
            "eps_4q_growth_year": 216.9,
            "roe": -0.24,
            "roe_4q": 3.1799999999999997,
            "gross_profit": 382105,
            "gross_margin": 6.15,
            "gross_margin_4q_avg": 4.6,
            "net_income": -22311,
            "net_income_4q": null,
            "revenue": 6214568,
            "revenue_4q": null,
            "common_shares": 5950060,
            "book_valuer_per_share": 13.38,
            "book_valuer_per_share_4q_avg": 13.46,
            "equity": 9054157,
            "current_ratio": 204.68,
            "debt_ratio": 49.33,
            "inventory_turnover_ratio": 1.32,
            "account_receivable_turnover_ratio": null,
            "reinvestment_rate": 121.78,
            "research_to_sale_ratio": null,
            "price_fair": 38.27,
            "eps_avg_yearly": 1.09,
            "eps_latest_yearly": 0.48,
            "eps_growth_yearly": 30.5
        },
        "20082": {
            "year_quarter": 20082,
            "year": 2008,
            "quarter": 2,
            "eps": 0.38,
            "eps_growth_year": 46.15,
            "eps_4q": 0.51,
            "eps_4q_growth_year": null,
            "roe": 2.59,
            "roe_4q": 3.8499999999999996,
            "gross_profit": 578474,
            "gross_margin": 8.05,
            "gross_margin_4q_avg": 5.36,
            "net_income": 233456,
            "net_income_4q": null,
            "revenue": 7187144,
            "revenue_4q": null,
            "common_shares": 5950060,
            "book_valuer_per_share": 13.34,
            "book_valuer_per_share_4q_avg": 13.44,
            "equity": 8962390,
            "current_ratio": 186.18,
            "debt_ratio": 51.67,
            "inventory_turnover_ratio": 1.58,
            "account_receivable_turnover_ratio": null,
            "reinvestment_rate": 114.68,
            "research_to_sale_ratio": null,
            "price_fair": 34.63,
            "eps_avg_yearly": 1.07,
            "eps_latest_yearly": 0.48,
            "eps_growth_yearly": 22.5
        },
        "20083": {
            "year_quarter": 20083,
            "year": 2008,
            "quarter": 3,
            "eps": 0.09,
            "eps_growth_year": 0,
            "eps_4q": 0.3,
            "eps_4q_growth_year": null,
            "roe": 1.04,
            "roe_4q": 4.22,
            "gross_profit": 198894,
            "gross_margin": 3.15,
            "gross_margin_4q_avg": 5.1,
            "net_income": 93869,
            "net_income_4q": null,
            "revenue": 6314479,
            "revenue_4q": null,
            "common_shares": 6043722,
            "book_valuer_per_share": 13.26,
            "book_valuer_per_share_4q_avg": 13.41,
            "equity": 9124716,
            "current_ratio": 186.58,
            "debt_ratio": 51.34,
            "inventory_turnover_ratio": 1.36,
            "account_receivable_turnover_ratio": null,
            "reinvestment_rate": 123.64,
            "research_to_sale_ratio": null,
            "price_fair": 2.97,
            "eps_avg_yearly": 0.99,
            "eps_latest_yearly": 0.36,
            "eps_growth_yearly": -0.06
        },
        "20084": {
            "year_quarter": 20084,
            "year": 2008,
            "quarter": 4,
            "eps": -1.9,
            "eps_growth_year": -1683.33,
            "eps_4q": -1.28,
            "eps_4q_growth_year": -892.56,
            "roe": -16.18,
            "roe_4q": -12.790000000000001,
            "gross_profit": -1204480,
            "gross_margin": -30.19,
            "gross_margin_4q_avg": -3.21,
            "net_income": -1355176,
            "net_income_4q": null,
            "revenue": 3990101,
            "revenue_4q": null,
            "common_shares": 5843412,
            "book_valuer_per_share": 11.55,
            "book_valuer_per_share_4q_avg": 12.88,
            "equity": 7628436,
            "current_ratio": 186.32,
            "debt_ratio": 51.54,
            "inventory_turnover_ratio": 1.24,
            "account_receivable_turnover_ratio": 3.53,
            "reinvestment_rate": null,
            "research_to_sale_ratio": null,
            "price_fair": 2.83,
            "eps_avg_yearly": 0.94,
            "eps_latest_yearly": 0.36,
            "eps_growth_yearly": -8.06
        },
        "20091": {
            "year_quarter": 20091,
            "year": 2009,
            "quarter": 1,
            "eps": -0.25,
            "eps_growth_year": null,
            "eps_4q": -1.74,
            "eps_4q_growth_year": -377.74,
            "roe": -0.94,
            "roe_4q": -13.490000000000002,
            "gross_profit": 51432,
            "gross_margin": 1.87,
            "gross_margin_4q_avg": -4.28,
            "net_income": -71705,
            "net_income_4q": null,
            "revenue": 2754946,
            "revenue_4q": null,
            "common_shares": 5743412,
            "book_valuer_per_share": 11.61,
            "book_valuer_per_share_4q_avg": 12.44,
            "equity": 7633652,
            "current_ratio": 216.3,
            "debt_ratio": 49.28,
            "inventory_turnover_ratio": 0.81,
            "account_receivable_turnover_ratio": 1.38,
            "reinvestment_rate": null,
            "research_to_sale_ratio": null,
            "price_fair": 23.85,
            "eps_avg_yearly": 0.97,
            "eps_latest_yearly": 0.36,
            "eps_growth_yearly": 14.5
        },
        "20092": {
            "year_quarter": 20092,
            "year": 2009,
            "quarter": 2,
            "eps": -0.03,
            "eps_growth_year": -107.89,
            "eps_4q": -2.16,
            "eps_4q_growth_year": -524.87,
            "roe": -0.33,
            "roe_4q": -16.41,
            "gross_profit": 253715,
            "gross_margin": 6.9,
            "gross_margin_4q_avg": -4.57,
            "net_income": -25353,
            "net_income_4q": null,
            "revenue": 3675373,
            "revenue_4q": null,
            "common_shares": 5743412,
            "book_valuer_per_share": 11.49,
            "book_valuer_per_share_4q_avg": 11.98,
            "equity": 7529682,
            "current_ratio": 205.84,
            "debt_ratio": 47.99,
            "inventory_turnover_ratio": 1.23,
            "account_receivable_turnover_ratio": 2.02,
            "reinvestment_rate": null,
            "research_to_sale_ratio": null,
            "price_fair": 2.93,
            "eps_avg_yearly": 0.98,
            "eps_latest_yearly": 0.36,
            "eps_growth_yearly": -4.28
        },
        "20093": {
            "year_quarter": 20093,
            "year": 2009,
            "quarter": 3,
            "eps": 0.36,
            "eps_growth_year": 300,
            "eps_4q": -1.58,
            "eps_4q_growth_year": -625.15,
            "roe": 3.24,
            "roe_4q": -14.209999999999999,
            "gross_profit": 372713,
            "gross_margin": 8.03,
            "gross_margin_4q_avg": -3.35,
            "net_income": 248440,
            "net_income_4q": null,
            "revenue": 4644163,
            "revenue_4q": null,
            "common_shares": 5743412,
            "book_valuer_per_share": 11.92,
            "book_valuer_per_share_4q_avg": 11.64,
            "equity": 7821607,
            "current_ratio": 211.86,
            "debt_ratio": 46.51,
            "inventory_turnover_ratio": 1.61,
            "account_receivable_turnover_ratio": 2.01,
            "reinvestment_rate": null,
            "research_to_sale_ratio": null,
            "price_fair": 2.91,
            "eps_avg_yearly": 0.97,
            "eps_latest_yearly": 0.36,
            "eps_growth_yearly": -7.27
        },
        "20094": {
            "year_quarter": 20094,
            "year": 2009,
            "quarter": 4,
            "eps": 0.1,
            "eps_growth_year": null,
            "eps_4q": 0.18,
            "eps_4q_growth_year": null,
            "roe": 0.74,
            "roe_4q": 2.7100000000000004,
            "gross_profit": 388609,
            "gross_margin": 7.37,
            "gross_margin_4q_avg": 6.04,
            "net_income": 57816,
            "net_income_4q": null,
            "revenue": 5276054,
            "revenue_4q": null,
            "common_shares": 5743412,
            "book_valuer_per_share": 12.25,
            "book_valuer_per_share_4q_avg": 11.82,
            "equity": 7909376,
            "current_ratio": 208.46,
            "debt_ratio": 45.73,
            "inventory_turnover_ratio": 1.86,
            "account_receivable_turnover_ratio": 3.61,
            "reinvestment_rate": null,
            "research_to_sale_ratio": null,
            "price_fair": 2.73,
            "eps_avg_yearly": 0.91,
            "eps_latest_yearly": 0.4,
            "eps_growth_yearly": -39.4
        },
        "20101": {
            "year_quarter": 20101,
            "year": 2010,
            "quarter": 1,
            "eps": 0.13,
            "eps_growth_year": null,
            "eps_4q": 0.56,
            "eps_4q_growth_year": null,
            "roe": 1.18,
            "roe_4q": 4.83,
            "gross_profit": 273080,
            "gross_margin": 5.82,
            "gross_margin_4q_avg": 7.03,
            "net_income": 93313,
            "net_income_4q": null,
            "revenue": 4691944,
            "revenue_4q": null,
            "common_shares": 5744364,
            "book_valuer_per_share": 12.28,
            "book_valuer_per_share_4q_avg": 11.99,
            "equity": 7942415,
            "current_ratio": 193.06,
            "debt_ratio": 48.71,
            "inventory_turnover_ratio": 1.62,
            "account_receivable_turnover_ratio": 1.61,
            "reinvestment_rate": null,
            "research_to_sale_ratio": 0.11,
            "price_fair": 2.47,
            "eps_avg_yearly": 0.82,
            "eps_latest_yearly": 0.52,
            "eps_growth_yearly": -41.3
        },
        "20102": {
            "year_quarter": 20102,
            "year": 2010,
            "quarter": 2,
            "eps": 0,
            "eps_growth_year": null,
            "eps_4q": 0.59,
            "eps_4q_growth_year": null,
            "roe": 0.03,
            "roe_4q": 5.19,
            "gross_profit": 194210,
            "gross_margin": 3.78,
            "gross_margin_4q_avg": 6.25,
            "net_income": 2446,
            "net_income_4q": null,
            "revenue": 5142165,
            "revenue_4q": null,
            "common_shares": 5744364,
            "book_valuer_per_share": 12.27,
            "book_valuer_per_share_4q_avg": 12.18,
            "equity": 7888897,
            "current_ratio": 206.67,
            "debt_ratio": 48.96,
            "inventory_turnover_ratio": 1.69,
            "account_receivable_turnover_ratio": 1.67,
            "reinvestment_rate": null,
            "research_to_sale_ratio": 0.13,
            "price_fair": 1.5,
            "eps_avg_yearly": 0.5,
            "eps_latest_yearly": 0.52,
            "eps_growth_yearly": -145.8
        },
        "20103": {
            "year_quarter": 20103,
            "year": 2010,
            "quarter": 3,
            "eps": 0.22,
            "eps_growth_year": -40.14,
            "eps_4q": 0.44,
            "eps_4q_growth_year": null,
            "roe": 1.99,
            "roe_4q": 3.9400000000000004,
            "gross_profit": 335491,
            "gross_margin": 6.27,
            "gross_margin_4q_avg": 5.81,
            "net_income": 157568,
            "net_income_4q": null,
            "revenue": 5354695,
            "revenue_4q": null,
            "common_shares": 5744364,
            "book_valuer_per_share": 12.37,
            "book_valuer_per_share_4q_avg": 12.29,
            "equity": 7969470,
            "current_ratio": 213.93,
            "debt_ratio": 48.05,
            "inventory_turnover_ratio": 1.69,
            "account_receivable_turnover_ratio": 1.61,
            "reinvestment_rate": null,
            "research_to_sale_ratio": 0.16,
            "price_fair": 1.27,
            "eps_avg_yearly": 0.42,
            "eps_latest_yearly": 0.52,
            "eps_growth_yearly": -120.47
        },
        "20104": {
            "year_quarter": 20104,
            "year": 2010,
            "quarter": 4,
            "eps": 0.37,
            "eps_growth_year": 269.32,
            "eps_4q": 0.72,
            "eps_4q_growth_year": 305.38,
            "roe": 2.94,
            "roe_4q": 6.14,
            "gross_profit": 468199,
            "gross_margin": 8.66,
            "gross_margin_4q_avg": 6.13,
            "net_income": 238599,
            "net_income_4q": null,
            "revenue": 5404784,
            "revenue_4q": null,
            "common_shares": 5744364,
            "book_valuer_per_share": 12.79,
            "book_valuer_per_share_4q_avg": 12.43,
            "equity": 8236958,
            "current_ratio": 220.09,
            "debt_ratio": 45.93,
            "inventory_turnover_ratio": 1.8,
            "account_receivable_turnover_ratio": 1.69,
            "reinvestment_rate": null,
            "research_to_sale_ratio": 0.23,
            "price_fair": 1.8,
            "eps_avg_yearly": 0.6,
            "eps_latest_yearly": 1.48,
            "eps_growth_yearly": -54.94
        },
        "20111": {
            "year_quarter": 20111,
            "year": 2011,
            "quarter": 1,
            "eps": 0.32,
            "eps_growth_year": 147.48,
            "eps_4q": 0.9,
            "eps_4q_growth_year": 61.28,
            "roe": 2.51,
            "roe_4q": 7.47,
            "gross_profit": 397128,
            "gross_margin": 7.95,
            "gross_margin_4q_avg": 6.67,
            "net_income": 207175,
            "net_income_4q": null,
            "revenue": 4996471,
            "revenue_4q": null,
            "common_shares": 5744364,
            "book_valuer_per_share": 12.87,
            "book_valuer_per_share_4q_avg": 12.58,
            "equity": 8280345,
            "current_ratio": 202.25,
            "debt_ratio": 49.63,
            "inventory_turnover_ratio": 1.63,
            "account_receivable_turnover_ratio": 1.6,
            "reinvestment_rate": null,
            "research_to_sale_ratio": 0.12,
            "price_fair": 2.09,
            "eps_avg_yearly": 0.7,
            "eps_latest_yearly": 1.28,
            "eps_growth_yearly": -54.81
        },
        "20112": {
            "year_quarter": 20112,
            "year": 2011,
            "quarter": 2,
            "eps": 0.13,
            "eps_growth_year": 5675.77,
            "eps_4q": 1.03,
            "eps_4q_growth_year": 74.38,
            "roe": 0.71,
            "roe_4q": 8.15,
            "gross_profit": 194488,
            "gross_margin": 3.66,
            "gross_margin_4q_avg": 6.64,
            "net_income": 57782,
            "net_income_4q": null,
            "revenue": 5313720,
            "revenue_4q": null,
            "common_shares": 5744364,
            "book_valuer_per_share": 12.63,
            "book_valuer_per_share_4q_avg": 12.67,
            "equity": 8037572,
            "current_ratio": 180.44,
            "debt_ratio": 53.02,
            "inventory_turnover_ratio": 1.58,
            "account_receivable_turnover_ratio": 1.6,
            "reinvestment_rate": null,
            "research_to_sale_ratio": 0.14,
            "price_fair": 2.03,
            "eps_avg_yearly": 0.68,
            "eps_latest_yearly": 0.52,
            "eps_growth_yearly": -77.65
        },
        "20113": {
            "year_quarter": 20113,
            "year": 2011,
            "quarter": 3,
            "eps": 0.24,
            "eps_growth_year": 12.74,
            "eps_4q": 1.06,
            "eps_4q_growth_year": 138.12,
            "roe": 2.77,
            "roe_4q": 8.93,
            "gross_profit": 152493,
            "gross_margin": 2.84,
            "gross_margin_4q_avg": 5.78,
            "net_income": 227684,
            "net_income_4q": null,
            "revenue": 5365995,
            "revenue_4q": null,
            "common_shares": 5801808,
            "book_valuer_per_share": 12.95,
            "book_valuer_per_share_4q_avg": 12.81,
            "equity": 8396576,
            "current_ratio": 193.51,
            "debt_ratio": 53.26,
            "inventory_turnover_ratio": 1.54,
            "account_receivable_turnover_ratio": 1.52,
            "reinvestment_rate": null,
            "research_to_sale_ratio": 0.28,
            "price_fair": 2.25,
            "eps_avg_yearly": 0.75,
            "eps_latest_yearly": 0.96,
            "eps_growth_yearly": -2.65
        },
        "20114": {
            "year_quarter": 20114,
            "year": 2011,
            "quarter": 4,
            "eps": -0.17,
            "eps_growth_year": -146.82,
            "eps_4q": 0.53,
            "eps_4q_growth_year": -26.6,
            "roe": -1.68,
            "roe_4q": 4.31,
            "gross_profit": 106408,
            "gross_margin": 2.01,
            "gross_margin_4q_avg": 4.12,
            "net_income": -138611,
            "net_income_4q": null,
            "revenue": 5303861,
            "revenue_4q": null,
            "common_shares": 5801808,
            "book_valuer_per_share": 12.72,
            "book_valuer_per_share_4q_avg": 12.79,
            "equity": 8133791,
            "current_ratio": 182.57,
            "debt_ratio": 51.76,
            "inventory_turnover_ratio": 1.56,
            "account_receivable_turnover_ratio": 1.57,
            "reinvestment_rate": null,
            "research_to_sale_ratio": 0.24,
            "price_fair": 2.37,
            "eps_avg_yearly": 0.79,
            "eps_latest_yearly": 0.96,
            "eps_growth_yearly": -22.07
        },
        "20121": {
            "year_quarter": 20121,
            "year": 2012,
            "quarter": 1,
            "eps": 0.2,
            "eps_growth_year": -37.5,
            "eps_4q": 0.41,
            "eps_4q_growth_year": -54.52,
            "roe": 1.77,
            "roe_4q": 3.5700000000000003,
            "gross_profit": 374830,
            "gross_margin": 8.56,
            "gross_margin_4q_avg": 4.27,
            "net_income": 144711,
            "net_income_4q": null,
            "revenue": 4380752,
            "revenue_4q": null,
            "common_shares": 5801808,
            "book_valuer_per_share": 12.89,
            "book_valuer_per_share_4q_avg": 12.8,
            "equity": 8256016,
            "current_ratio": 181.41,
            "debt_ratio": 50.76,
            "inventory_turnover_ratio": 1.3,
            "account_receivable_turnover_ratio": 1.37,
            "reinvestment_rate": null,
            "research_to_sale_ratio": 0.19,
            "price_fair": 2.37,
            "eps_avg_yearly": 0.79,
            "eps_latest_yearly": 0.96,
            "eps_growth_yearly": -22.07
        },
        "20122": {
            "year_quarter": 20122,
            "year": 2012,
            "quarter": 2,
            "eps": -0.19,
            "eps_growth_year": -242.74,
            "eps_4q": 0.09,
            "eps_4q_growth_year": -90.85,
            "roe": -1.11,
            "roe_4q": 1.75,
            "gross_profit": 265087,
            "gross_margin": 5.61,
            "gross_margin_4q_avg": 4.76,
            "net_income": -90729,
            "net_income_4q": null,
            "revenue": 4723598,
            "revenue_4q": null,
            "common_shares": 5801808,
            "book_valuer_per_share": 12.54,
            "book_valuer_per_share_4q_avg": 12.78,
            "equity": 8026497,
            "current_ratio": 148.99,
            "debt_ratio": 53.86,
            "inventory_turnover_ratio": 1.46,
            "account_receivable_turnover_ratio": 1.46,
            "reinvestment_rate": null,
            "research_to_sale_ratio": 0.17,
            "price_fair": 2.37,
            "eps_avg_yearly": 0.79,
            "eps_latest_yearly": 0.96,
            "eps_growth_yearly": -22.07
        },
        "20123": {
            "year_quarter": 20123,
            "year": 2012,
            "quarter": 3,
            "eps": 0.28,
            "eps_growth_year": 16.32,
            "eps_4q": 0.13,
            "eps_4q_growth_year": -87.73,
            "roe": 2.25,
            "roe_4q": 1.2300000000000002,
            "gross_profit": 293183,
            "gross_margin": 6.97,
            "gross_margin_4q_avg": 5.79,
            "net_income": 181883,
            "net_income_4q": null,
            "revenue": 4208423,
            "revenue_4q": null,
            "common_shares": 5801808,
            "book_valuer_per_share": 12.75,
            "book_valuer_per_share_4q_avg": 12.73,
            "equity": 8174591,
            "current_ratio": 166.96,
            "debt_ratio": 52.12,
            "inventory_turnover_ratio": 1.3,
            "account_receivable_turnover_ratio": 1.34,
            "reinvestment_rate": null,
            "research_to_sale_ratio": 0.34,
            "price_fair": 30.1,
            "eps_avg_yearly": 0.86,
            "eps_latest_yearly": 0.96,
            "eps_growth_yearly": 25.12
        },
        "20124": {
            "year_quarter": 20124,
            "year": 2012,
            "quarter": 4,
            "eps": -0.08,
            "eps_growth_year": null,
            "eps_4q": 0.22,
            "eps_4q_growth_year": -58.15,
            "roe": -0.37,
            "roe_4q": 2.54,
            "gross_profit": 188525,
            "gross_margin": 3.65,
            "gross_margin_4q_avg": 6.2,
            "net_income": -30135,
            "net_income_4q": null,
            "revenue": 5159672,
            "revenue_4q": null,
            "common_shares": 5801808,
            "book_valuer_per_share": 12.74,
            "book_valuer_per_share_4q_avg": 12.73,
            "equity": 8185735,
            "current_ratio": 169.08,
            "debt_ratio": 51.06,
            "inventory_turnover_ratio": 1.76,
            "account_receivable_turnover_ratio": 1.64,
            "reinvestment_rate": 140.84,
            "research_to_sale_ratio": 0.31,
            "price_fair": 30.1,
            "eps_avg_yearly": 0.86,
            "eps_latest_yearly": 0.96,
            "eps_growth_yearly": 25.12
        },
        "20131": {
            "year_quarter": 20131,
            "year": 2013,
            "quarter": 1,
            "eps": 0.06,
            "eps_growth_year": -70,
            "eps_4q": 0.07,
            "eps_4q_growth_year": -81.99,
            "roe": 0.34,
            "roe_4q": 1.11,
            "gross_profit": 230613,
            "gross_margin": 5.29,
            "gross_margin_4q_avg": 5.38,
            "net_income": 27730,
            "net_income_4q": null,
            "revenue": 4358510,
            "revenue_4q": null,
            "common_shares": 5801808,
            "book_valuer_per_share": 12.77,
            "book_valuer_per_share_4q_avg": 12.7,
            "equity": 8195705,
            "current_ratio": 170.74,
            "debt_ratio": 51.19,
            "inventory_turnover_ratio": 1.52,
            "account_receivable_turnover_ratio": 1.34,
            "reinvestment_rate": 63.94,
            "research_to_sale_ratio": 0.21,
            "price_fair": 30.1,
            "eps_avg_yearly": 0.86,
            "eps_latest_yearly": 0.96,
            "eps_growth_yearly": 25.12
        },
        "20132": {
            "year_quarter": 20132,
            "year": 2013,
            "quarter": 2,
            "eps": -0.22,
            "eps_growth_year": null,
            "eps_4q": 0.04,
            "eps_4q_growth_year": -56.94,
            "roe": -1.98,
            "roe_4q": 0.2400000000000002,
            "gross_profit": 56406,
            "gross_margin": 1.39,
            "gross_margin_4q_avg": 4.33,
            "net_income": -158708,
            "net_income_4q": null,
            "revenue": 4065455,
            "revenue_4q": null,
            "common_shares": 5801808,
            "book_valuer_per_share": 12.34,
            "book_valuer_per_share_4q_avg": 12.65,
            "equity": 7874814,
            "current_ratio": 187.6,
            "debt_ratio": 53.51,
            "inventory_turnover_ratio": 1.54,
            "account_receivable_turnover_ratio": 1.24,
            "reinvestment_rate": 100.55,
            "research_to_sale_ratio": 0.23,
            "price_fair": 30.1,
            "eps_avg_yearly": 0.86,
            "eps_latest_yearly": 0.96,
            "eps_growth_yearly": 25.12
        },
        "20133": {
            "year_quarter": 20133,
            "year": 2013,
            "quarter": 3,
            "eps": 0.08,
            "eps_growth_year": -71.69,
            "eps_4q": -0.16,
            "eps_4q_growth_year": -222.56,
            "roe": 0.81,
            "roe_4q": -1.1999999999999997,
            "gross_profit": 165460,
            "gross_margin": 3.84,
            "gross_margin_4q_avg": 3.54,
            "net_income": 63777,
            "net_income_4q": null,
            "revenue": 4305067,
            "revenue_4q": null,
            "common_shares": 5801808,
            "book_valuer_per_share": 12.41,
            "book_valuer_per_share_4q_avg": 12.57,
            "equity": 7938811,
            "current_ratio": 175.67,
            "debt_ratio": 53.92,
            "inventory_turnover_ratio": 1.68,
            "account_receivable_turnover_ratio": 1.31,
            "reinvestment_rate": 131.35,
            "research_to_sale_ratio": 0.39,
            "price_fair": 30.1,
            "eps_avg_yearly": 0.86,
            "eps_latest_yearly": 0.96,
            "eps_growth_yearly": 25.12
        },
        "20134": {
            "year_quarter": 20134,
            "year": 2013,
            "quarter": 4,
            "eps": 0.33,
            "eps_growth_year": null,
            "eps_4q": 0.25,
            "eps_4q_growth_year": 15.81,
            "roe": 2.48,
            "roe_4q": 1.6500000000000001,
            "gross_profit": 316077,
            "gross_margin": 7.57,
            "gross_margin_4q_avg": 4.52,
            "net_income": 199296,
            "net_income_4q": null,
            "revenue": 4175813,
            "revenue_4q": null,
            "common_shares": 5801808,
            "book_valuer_per_share": 12.77,
            "book_valuer_per_share_4q_avg": 12.57,
            "equity": 8164755,
            "current_ratio": 172.1,
            "debt_ratio": 54.46,
            "inventory_turnover_ratio": 1.58,
            "account_receivable_turnover_ratio": 1.39,
            "reinvestment_rate": 0.09,
            "research_to_sale_ratio": 0.2,
            "price_fair": 35.47,
            "eps_avg_yearly": 1.01,
            "eps_latest_yearly": 1.32,
            "eps_growth_yearly": 281.61
        },
        "20141": {
            "year_quarter": 20141,
            "year": 2014,
            "quarter": 1,
            "eps": -0.09,
            "eps_growth_year": -250,
            "eps_4q": 0.11,
            "eps_4q_growth_year": 43.9,
            "roe": -0.63,
            "roe_4q": 0.6800000000000002,
            "gross_profit": 161902,
            "gross_margin": 4.33,
            "gross_margin_4q_avg": 4.28,
            "net_income": -51388,
            "net_income_4q": null,
            "revenue": 3741337,
            "revenue_4q": null,
            "common_shares": 5801808,
            "book_valuer_per_share": 12.94,
            "book_valuer_per_share_4q_avg": 12.62,
            "equity": 8260846,
            "current_ratio": 181.41,
            "debt_ratio": 53.8,
            "inventory_turnover_ratio": 1.39,
            "account_receivable_turnover_ratio": 1.37,
            "reinvestment_rate": 21.92,
            "research_to_sale_ratio": 0.26,
            "price_fair": 38.92,
            "eps_avg_yearly": 1.11,
            "eps_latest_yearly": 1.32,
            "eps_growth_yearly": 313.93
        },
        "20142": {
            "year_quarter": 20142,
            "year": 2014,
            "quarter": 2,
            "eps": 0.1,
            "eps_growth_year": null,
            "eps_4q": 0.42,
            "eps_4q_growth_year": 947.6,
            "roe": 0.73,
            "roe_4q": 3.39,
            "gross_profit": 118265,
            "gross_margin": 2.83,
            "gross_margin_4q_avg": 4.64,
            "net_income": 59457,
            "net_income_4q": null,
            "revenue": 4181136,
            "revenue_4q": null,
            "common_shares": 5801808,
            "book_valuer_per_share": 12.66,
            "book_valuer_per_share_4q_avg": 12.7,
            "equity": 8075780,
            "current_ratio": 177.49,
            "debt_ratio": 54.8,
            "inventory_turnover_ratio": 1.5,
            "account_receivable_turnover_ratio": 1.44,
            "reinvestment_rate": 27.76,
            "research_to_sale_ratio": 0.28,
            "price_fair": 38.92,
            "eps_avg_yearly": 1.11,
            "eps_latest_yearly": 1.32,
            "eps_growth_yearly": 313.93
        },
        "20143": {
            "year_quarter": 20143,
            "year": 2014,
            "quarter": 3,
            "eps": -0.04,
            "eps_growth_year": -150,
            "eps_4q": 0.3,
            "eps_4q_growth_year": null,
            "roe": -0.06,
            "roe_4q": 2.52,
            "gross_profit": 150411,
            "gross_margin": 3.63,
            "gross_margin_4q_avg": 4.59,
            "net_income": -4568,
            "net_income_4q": null,
            "revenue": 4138166,
            "revenue_4q": null,
            "common_shares": 5801808,
            "book_valuer_per_share": 12.51,
            "book_valuer_per_share_4q_avg": 12.72,
            "equity": 8028238,
            "current_ratio": 181.94,
            "debt_ratio": 55.97,
            "inventory_turnover_ratio": 1.48,
            "account_receivable_turnover_ratio": 1.37,
            "reinvestment_rate": 50.36,
            "research_to_sale_ratio": 0.24,
            "price_fair": 38.92,
            "eps_avg_yearly": 1.11,
            "eps_latest_yearly": 1.32,
            "eps_growth_yearly": 313.93
        },
        "20144": {
            "year_quarter": 20144,
            "year": 2014,
            "quarter": 4,
            "eps": 0.07,
            "eps_growth_year": -79.06,
            "eps_4q": 0.04,
            "eps_4q_growth_year": -85.66,
            "roe": 0.67,
            "roe_4q": 0.7100000000000001,
            "gross_profit": 207612,
            "gross_margin": 5.25,
            "gross_margin_4q_avg": 4.01,
            "net_income": 54377,
            "net_income_4q": null,
            "revenue": 3954117,
            "revenue_4q": null,
            "common_shares": 5801808,
            "book_valuer_per_share": 12.74,
            "book_valuer_per_share_4q_avg": 12.71,
            "equity": 8204256,
            "current_ratio": 184.08,
            "debt_ratio": 57.34,
            "inventory_turnover_ratio": 1.38,
            "account_receivable_turnover_ratio": 1.27,
            "reinvestment_rate": 169.4,
            "research_to_sale_ratio": 0.31,
            "price_fair": 35.7,
            "eps_avg_yearly": 1.02,
            "eps_latest_yearly": 1.32,
            "eps_growth_yearly": 324.23
        },
        "20151": {
            "year_quarter": 20151,
            "year": 2015,
            "quarter": 1,
            "eps": -0.15,
            "eps_growth_year": null,
            "eps_4q": -0.03,
            "eps_4q_growth_year": -125.64,
            "roe": -1.28,
            "roe_4q": 0.06000000000000005,
            "gross_profit": 67192,
            "gross_margin": 1.81,
            "gross_margin_4q_avg": 3.38,
            "net_income": -105022,
            "net_income_4q": null,
            "revenue": 3712011,
            "revenue_4q": null,
            "common_shares": 5721808,
            "book_valuer_per_share": 12.72,
            "book_valuer_per_share_4q_avg": 12.66,
            "equity": 8175166,
            "current_ratio": 179.18,
            "debt_ratio": 56.37,
            "inventory_turnover_ratio": 1.35,
            "account_receivable_turnover_ratio": 1.2,
            "reinvestment_rate": 253.07,
            "research_to_sale_ratio": 0.29,
            "price_fair": 32.67,
            "eps_avg_yearly": 0.93,
            "eps_latest_yearly": 1.32,
            "eps_growth_yearly": 450.32
        },
        "20152": {
            "year_quarter": 20152,
            "year": 2015,
            "quarter": 2,
            "eps": -0.24,
            "eps_growth_year": -340,
            "eps_4q": -0.37,
            "eps_4q_growth_year": -187.23,
            "roe": -1.63,
            "roe_4q": -2.3000000000000003,
            "gross_profit": 90748,
            "gross_margin": 2.39,
            "gross_margin_4q_avg": 3.27,
            "net_income": -131121,
            "net_income_4q": null,
            "revenue": 3791483,
            "revenue_4q": null,
            "common_shares": 5721808,
            "book_valuer_per_share": 12.34,
            "book_valuer_per_share_4q_avg": 12.58,
            "equity": 7920501,
            "current_ratio": 143.21,
            "debt_ratio": 57.29,
            "inventory_turnover_ratio": 1.34,
            "account_receivable_turnover_ratio": 1.27,
            "reinvestment_rate": 695.85,
            "research_to_sale_ratio": 0.25,
            "price_fair": 39.9,
            "eps_avg_yearly": 1.14,
            "eps_latest_yearly": 1.32,
            "eps_growth_yearly": 794.23
        },
        "20153": {
            "year_quarter": 20153,
            "year": 2015,
            "quarter": 3,
            "eps": -0.45,
            "eps_growth_year": null,
            "eps_4q": -0.78,
            "eps_4q_growth_year": -361.87,
            "roe": -3.43,
            "roe_4q": -5.670000000000001,
            "gross_profit": 143012,
            "gross_margin": 3.45,
            "gross_margin_4q_avg": 3.23,
            "net_income": -267025,
            "net_income_4q": null,
            "revenue": 4142977,
            "revenue_4q": null,
            "common_shares": 5721808,
            "book_valuer_per_share": 11.84,
            "book_valuer_per_share_4q_avg": 12.41,
            "equity": 7636211,
            "current_ratio": 134.62,
            "debt_ratio": 59.15,
            "inventory_turnover_ratio": 1.4,
            "account_receivable_turnover_ratio": 1.31,
            "reinvestment_rate": null,
            "research_to_sale_ratio": 0.21,
            "price_fair": 46.2,
            "eps_avg_yearly": 1.32,
            "eps_latest_yearly": 1.32,
            "eps_growth_yearly": 1250
        },
        "20154": {
            "year_quarter": 20154,
            "year": 2015,
            "quarter": 4,
            "eps": -0.12,
            "eps_growth_year": -272.52,
            "eps_4q": -0.97,
            "eps_4q_growth_year": -2751.14,
            "roe": -0.7,
            "roe_4q": -7.04,
            "gross_profit": 173284,
            "gross_margin": 4.89,
            "gross_margin_4q_avg": 3.14,
            "net_income": -53320,
            "net_income_4q": null,
            "revenue": 3543084,
            "revenue_4q": null,
            "common_shares": 5721808,
            "book_valuer_per_share": 11.59,
            "book_valuer_per_share_4q_avg": 12.12,
            "equity": 7500658,
            "current_ratio": 142.95,
            "debt_ratio": 57.73,
            "inventory_turnover_ratio": 1.24,
            "account_receivable_turnover_ratio": 1.13,
            "reinvestment_rate": null,
            "research_to_sale_ratio": 0.26,
            "price_fair": 46.2,
            "eps_avg_yearly": 1.32,
            "eps_latest_yearly": 1.32,
            "eps_growth_yearly": 1250
        },
        "20161": {
            "year_quarter": 20161,
            "year": 2016,
            "quarter": 1,
            "eps": -0.26,
            "eps_growth_year": null,
            "eps_4q": -1.08,
            "eps_4q_growth_year": null,
            "roe": -2.07,
            "roe_4q": -7.829999999999999,
            "gross_profit": 155786,
            "gross_margin": 4.87,
            "gross_margin_4q_avg": 3.9,
            "net_income": -152701,
            "net_income_4q": null,
            "revenue": 3198422,
            "revenue_4q": null,
            "common_shares": 5721808,
            "book_valuer_per_share": 11.15,
            "book_valuer_per_share_4q_avg": 11.73,
            "equity": 7240232,
            "current_ratio": 131.73,
            "debt_ratio": 59.49,
            "inventory_turnover_ratio": 1.09,
            "account_receivable_turnover_ratio": 1.15,
            "reinvestment_rate": null,
            "research_to_sale_ratio": 0.27,
            "price_fair": 46.2,
            "eps_avg_yearly": 1.32,
            "eps_latest_yearly": 1.32,
            "eps_growth_yearly": 1250
        },
        "20162": {
            "year_quarter": 20162,
            "year": 2016,
            "quarter": 2,
            "eps": 0.07,
            "eps_growth_year": null,
            "eps_4q": -0.76,
            "eps_4q_growth_year": null,
            "roe": 0.61,
            "roe_4q": -5.59,
            "gross_profit": 266488,
            "gross_margin": 7.28,
            "gross_margin_4q_avg": 5.12,
            "net_income": 44115,
            "net_income_4q": null,
            "revenue": 3659174,
            "revenue_4q": null,
            "common_shares": 5721808,
            "book_valuer_per_share": 11.2,
            "book_valuer_per_share_4q_avg": 11.45,
            "equity": 7264689,
            "current_ratio": 129,
            "debt_ratio": 59.82,
            "inventory_turnover_ratio": 1.14,
            "account_receivable_turnover_ratio": 1.32,
            "reinvestment_rate": null,
            "research_to_sale_ratio": 0.23,
            "price_fair": 46.2,
            "eps_avg_yearly": 1.32,
            "eps_latest_yearly": 1.32,
            "eps_growth_yearly": 1250
        },
        "20163": {
            "year_quarter": 20163,
            "year": 2016,
            "quarter": 3,
            "eps": 0.22,
            "eps_growth_year": null,
            "eps_4q": -0.09,
            "eps_4q_growth_year": null,
            "roe": 2.04,
            "roe_4q": -0.11999999999999988,
            "gross_profit": 272606,
            "gross_margin": 7.22,
            "gross_margin_4q_avg": 6.07,
            "net_income": 149122,
            "net_income_4q": null,
            "revenue": 3775641,
            "revenue_4q": null,
            "common_shares": 5721808,
            "book_valuer_per_share": 11.35,
            "book_valuer_per_share_4q_avg": 11.32,
            "equity": 7375064,
            "current_ratio": 144.91,
            "debt_ratio": 57.65,
            "inventory_turnover_ratio": 1.21,
            "account_receivable_turnover_ratio": 1.31,
            "reinvestment_rate": null,
            "research_to_sale_ratio": 0.27,
            "price_fair": 38.5,
            "eps_avg_yearly": 1.1,
            "eps_latest_yearly": 0.88,
            "eps_growth_yearly": 1053.57
        },
        "20164": {
            "year_quarter": 20164,
            "year": 2016,
            "quarter": 4,
            "eps": 0.02,
            "eps_growth_year": null,
            "eps_4q": 0.05,
            "eps_4q_growth_year": null,
            "roe": 0.74,
            "roe_4q": 1.3200000000000003,
            "gross_profit": 334019,
            "gross_margin": 9.19,
            "gross_margin_4q_avg": 7.14,
            "net_income": 54983,
            "net_income_4q": null,
            "revenue": 3634792,
            "revenue_4q": null,
            "common_shares": 5721808,
            "book_valuer_per_share": 11.42,
            "book_valuer_per_share_4q_avg": 11.28,
            "equity": 7451580,
            "current_ratio": 144.21,
            "debt_ratio": 57.9,
            "inventory_turnover_ratio": 1.18,
            "account_receivable_turnover_ratio": 1.22,
            "reinvestment_rate": null,
            "research_to_sale_ratio": 0.19,
            "price_fair": 26.6,
            "eps_avg_yearly": 0.76,
            "eps_latest_yearly": 0.08,
            "eps_growth_yearly": 581.17
        },
        "20171": {
            "year_quarter": 20171,
            "year": 2017,
            "quarter": 1,
            "eps": 0.05,
            "eps_growth_year": null,
            "eps_4q": 0.36,
            "eps_4q_growth_year": null,
            "roe": 0.69,
            "roe_4q": 4.08,
            "gross_profit": 307455,
            "gross_margin": 8.33,
            "gross_margin_4q_avg": 8.01,
            "net_income": 51579,
            "net_income_4q": null,
            "revenue": 3689188,
            "revenue_4q": null,
            "common_shares": 5721808,
            "book_valuer_per_share": 11.33,
            "book_valuer_per_share_4q_avg": 11.33,
            "equity": 7429121,
            "current_ratio": 143.11,
            "debt_ratio": 58.84,
            "inventory_turnover_ratio": 1.14,
            "account_receivable_turnover_ratio": 1.2,
            "reinvestment_rate": null,
            "research_to_sale_ratio": 0.2,
            "price_fair": 21.7,
            "eps_avg_yearly": 0.62,
            "eps_latest_yearly": 0.2,
            "eps_growth_yearly": 585.88
        },
        "20172": {
            "year_quarter": 20172,
            "year": 2017,
            "quarter": 2,
            "eps": 0.18,
            "eps_growth_year": 157.14,
            "eps_4q": 0.48,
            "eps_4q_growth_year": null,
            "roe": 1.52,
            "roe_4q": 4.99,
            "gross_profit": 335315,
            "gross_margin": 8.28,
            "gross_margin_4q_avg": 8.26,
            "net_income": 113252,
            "net_income_4q": null,
            "revenue": 4050677,
            "revenue_4q": null,
            "common_shares": 5721808,
            "book_valuer_per_share": 11.43,
            "book_valuer_per_share_4q_avg": 11.38,
            "equity": 7489656,
            "current_ratio": 171.93,
            "debt_ratio": 57.87,
            "inventory_turnover_ratio": 1.22,
            "account_receivable_turnover_ratio": 1.33,
            "reinvestment_rate": null,
            "research_to_sale_ratio": 0.22,
            "price_fair": 22.4,
            "eps_avg_yearly": 0.64,
            "eps_latest_yearly": 0.72,
            "eps_growth_yearly": 676.7
        },
        "20173": {
            "year_quarter": 20173,
            "year": 2017,
            "quarter": 3,
            "eps": 0.45,
            "eps_growth_year": 104.55,
            "eps_4q": 0.71,
            "eps_4q_growth_year": null,
            "roe": 3.92,
            "roe_4q": 6.869999999999999,
            "gross_profit": 446916,
            "gross_margin": 10.21,
            "gross_margin_4q_avg": 9,
            "net_income": 299374,
            "net_income_4q": null,
            "revenue": 4378776,
            "revenue_4q": null,
            "common_shares": 5721808,
            "book_valuer_per_share": 11.88,
            "book_valuer_per_share_4q_avg": 11.52,
            "equity": 7768635,
            "current_ratio": 176.76,
            "debt_ratio": 56.5,
            "inventory_turnover_ratio": 1.24,
            "account_receivable_turnover_ratio": 1.38,
            "reinvestment_rate": 889.98,
            "research_to_sale_ratio": 0.2,
            "price_fair": 29.17,
            "eps_avg_yearly": 0.83,
            "eps_latest_yearly": 1.8,
            "eps_growth_yearly": 663.92
        },
        "20174": {
            "year_quarter": 20174,
            "year": 2017,
            "quarter": 4,
            "eps": 0.15,
            "eps_growth_year": 538.69,
            "eps_4q": 0.83,
            "eps_4q_growth_year": 1540.9,
            "roe": 1.91,
            "roe_4q": 8.04,
            "gross_profit": 461445,
            "gross_margin": 9.98,
            "gross_margin_4q_avg": 9.2,
            "net_income": 149406,
            "net_income_4q": null,
            "revenue": 4624371,
            "revenue_4q": null,
            "common_shares": 5721808,
            "book_valuer_per_share": 11.81,
            "book_valuer_per_share_4q_avg": 11.61,
            "equity": 7881356,
            "current_ratio": 169.7,
            "debt_ratio": 57.29,
            "inventory_turnover_ratio": 1.23,
            "account_receivable_turnover_ratio": 1.4,
            "reinvestment_rate": null,
            "research_to_sale_ratio": 0.15,
            "price_fair": 24.97,
            "eps_avg_yearly": 0.71,
            "eps_latest_yearly": 0.6,
            "eps_growth_yearly": 411.14
        },
        "20181": {
            "year_quarter": 20181,
            "year": 2018,
            "quarter": 1,
            "eps": 0.47,
            "eps_growth_year": 840,
            "eps_4q": 1.24,
            "eps_4q_growth_year": 244.15,
            "roe": 3.7,
            "roe_4q": 11.05,
            "gross_profit": 309115,
            "gross_margin": 7.1,
            "gross_margin_4q_avg": 8.89,
            "net_income": 294044,
            "net_income_4q": null,
            "revenue": 4351750,
            "revenue_4q": null,
            "common_shares": 5721808,
            "book_valuer_per_share": 12.01,
            "book_valuer_per_share_4q_avg": 11.78,
            "equity": 8012375,
            "current_ratio": 183.09,
            "debt_ratio": 57.18,
            "inventory_turnover_ratio": 1.15,
            "account_receivable_turnover_ratio": 1.34,
            "reinvestment_rate": 17.57,
            "research_to_sale_ratio": 0.17,
            "price_fair": 30.8,
            "eps_avg_yearly": 0.88,
            "eps_latest_yearly": 1.88,
            "eps_growth_yearly": 474.31
        },
        "20182": {
            "year_quarter": 20182,
            "year": 2018,
            "quarter": 2,
            "eps": 0.21,
            "eps_growth_year": 16.67,
            "eps_4q": 1.27,
            "eps_4q_growth_year": 166.24,
            "roe": 1.93,
            "roe_4q": 11.46,
            "gross_profit": 385099,
            "gross_margin": 7.82,
            "gross_margin_4q_avg": 8.78,
            "net_income": 155258,
            "net_income_4q": null,
            "revenue": 4926676,
            "revenue_4q": null,
            "common_shares": 5721808,
            "book_valuer_per_share": 11.91,
            "book_valuer_per_share_4q_avg": 11.9,
            "equity": 8036300,
            "current_ratio": 168.84,
            "debt_ratio": 59.57,
            "inventory_turnover_ratio": 1.35,
            "account_receivable_turnover_ratio": 1.44,
            "reinvestment_rate": 109.44,
            "research_to_sale_ratio": 0.32,
            "price_fair": 30.63,
            "eps_avg_yearly": 0.88,
            "eps_latest_yearly": 0.84,
            "eps_growth_yearly": 387.36
        },
        "20183": {
            "year_quarter": 20183,
            "year": 2018,
            "quarter": 3,
            "eps": 0.05,
            "eps_growth_year": -88.89,
            "eps_4q": 0.88,
            "eps_4q_growth_year": 24.16,
            "roe": 0.38,
            "roe_4q": 7.92,
            "gross_profit": 246271,
            "gross_margin": 5.24,
            "gross_margin_4q_avg": 7.54,
            "net_income": 30774,
            "net_income_4q": null,
            "revenue": 4698318,
            "revenue_4q": null,
            "common_shares": 5721808,
            "book_valuer_per_share": 11.94,
            "book_valuer_per_share_4q_avg": 11.92,
            "equity": 8027440,
            "current_ratio": 176.45,
            "debt_ratio": 59.64,
            "inventory_turnover_ratio": 1.41,
            "account_receivable_turnover_ratio": 1.33,
            "reinvestment_rate": 156.88,
            "research_to_sale_ratio": 0.11,
            "price_fair": 28,
            "eps_avg_yearly": 0.8,
            "eps_latest_yearly": 0.2,
            "eps_growth_yearly": 310.46
        },
        "20184": {
            "year_quarter": 20184,
            "year": 2018,
            "quarter": 4,
            "eps": 0.1,
            "eps_growth_year": -33.27,
            "eps_4q": 0.83,
            "eps_4q_growth_year": 0.81,
            "roe": 1.14,
            "roe_4q": 7.15,
            "gross_profit": 340402,
            "gross_margin": 7.4,
            "gross_margin_4q_avg": 6.89,
            "net_income": 91587,
            "net_income_4q": null,
            "revenue": 4600468,
            "revenue_4q": null,
            "common_shares": 5721808,
            "book_valuer_per_share": 12,
            "book_valuer_per_share_4q_avg": 11.97,
            "equity": 8101654,
            "current_ratio": 181.27,
            "debt_ratio": 60.37,
            "inventory_turnover_ratio": 1.28,
            "account_receivable_turnover_ratio": 1.39,
            "reinvestment_rate": 114.02,
            "research_to_sale_ratio": 0.27,
            "price_fair": 26.6,
            "eps_avg_yearly": 0.76,
            "eps_latest_yearly": 0.4,
            "eps_growth_yearly": 319.41
        },
        "20191": {
            "year_quarter": 20191,
            "year": 2019,
            "quarter": 1,
            "eps": 0.2,
            "eps_growth_year": -57.45,
            "eps_4q": 0.56,
            "eps_4q_growth_year": -54.76,
            "roe": 1.57,
            "roe_4q": 5.02,
            "gross_profit": 391456,
            "gross_margin": 8.76,
            "gross_margin_4q_avg": 7.31,
            "net_income": 128541,
            "net_income_4q": null,
            "revenue": 4469518,
            "revenue_4q": null,
            "common_shares": 5721808,
            "book_valuer_per_share": 12.25,
            "book_valuer_per_share_4q_avg": 12.03,
            "equity": 8262184,
            "current_ratio": 168.79,
            "debt_ratio": 59.6,
            "inventory_turnover_ratio": 1.18,
            "account_receivable_turnover_ratio": 1.42,
            "reinvestment_rate": 112.31,
            "research_to_sale_ratio": 0.51,
            "price_fair": 26.73,
            "eps_avg_yearly": 0.76,
            "eps_latest_yearly": 0.8,
            "eps_growth_yearly": 326.74
        },
        "20192": {
            "year_quarter": 20192,
            "year": 2019,
            "quarter": 2,
            "eps": 0.17,
            "eps_growth_year": -19.05,
            "eps_4q": 0.51,
            "eps_4q_growth_year": -60.09,
            "roe": 1.21,
            "roe_4q": 4.3,
            "gross_profit": 327423,
            "gross_margin": 7.29,
            "gross_margin_4q_avg": 7.17,
            "net_income": 98919,
            "net_income_4q": null,
            "revenue": 4489345,
            "revenue_4q": null,
            "common_shares": 5721808,
            "book_valuer_per_share": 12.12,
            "book_valuer_per_share_4q_avg": 12.08,
            "equity": 8127071,
            "current_ratio": 139.55,
            "debt_ratio": 61.2,
            "inventory_turnover_ratio": 1.21,
            "account_receivable_turnover_ratio": 1.49,
            "reinvestment_rate": 91.48,
            "research_to_sale_ratio": 0.31,
            "price_fair": 26.48,
            "eps_avg_yearly": 0.76,
            "eps_latest_yearly": 0.68,
            "eps_growth_yearly": 294.51
        },
        "20193": {
            "year_quarter": 20193,
            "year": 2019,
            "quarter": 3,
            "eps": 0.21,
            "eps_growth_year": 320,
            "eps_4q": 0.66,
            "eps_4q_growth_year": -25.22,
            "roe": 1.66,
            "roe_4q": 5.58,
            "gross_profit": 273027,
            "gross_margin": 5.92,
            "gross_margin_4q_avg": 7.34,
            "net_income": 135402,
            "net_income_4q": null,
            "revenue": 4615004,
            "revenue_4q": null,
            "common_shares": 5950680,
            "book_valuer_per_share": 11.85,
            "book_valuer_per_share_4q_avg": 12.06,
            "equity": 8214812,
            "current_ratio": 141.69,
            "debt_ratio": 60.42,
            "inventory_turnover_ratio": 1.28,
            "account_receivable_turnover_ratio": 1.5,
            "reinvestment_rate": 74.31,
            "research_to_sale_ratio": 0.26,
            "price_fair": 26.71,
            "eps_avg_yearly": 0.76,
            "eps_latest_yearly": 0.84,
            "eps_growth_yearly": 279.1
        },
        "20194": {
            "year_quarter": 20194,
            "year": 2019,
            "quarter": 4,
            "eps": 0.3,
            "eps_growth_year": 201.59,
            "eps_4q": 0.86,
            "eps_4q_growth_year": 3.41,
            "roe": 2.67,
            "roe_4q": 7.11,
            "gross_profit": 313664,
            "gross_margin": 6.85,
            "gross_margin_4q_avg": 7.21,
            "net_income": 221982,
            "net_income_4q": null,
            "revenue": 4579234,
            "revenue_4q": null,
            "common_shares": 5950680,
            "book_valuer_per_share": 12.09,
            "book_valuer_per_share_4q_avg": 12.08,
            "equity": 8394182,
            "current_ratio": 134.42,
            "debt_ratio": 59.65,
            "inventory_turnover_ratio": 1.25,
            "account_receivable_turnover_ratio": 1.47,
            "reinvestment_rate": 80.33,
            "research_to_sale_ratio": 0.35,
            "price_fair": 27.8,
            "eps_avg_yearly": 0.79,
            "eps_latest_yearly": 1.2,
            "eps_growth_yearly": 271.41
        },
        "20201": {
            "year_quarter": 20201,
            "year": 2020,
            "quarter": 1,
            "eps": 0.24,
            "eps_growth_year": 20,
            "eps_4q": 0.9,
            "eps_4q_growth_year": 60.71,
            "roe": 2.1,
            "roe_4q": 7.64,
            "gross_profit": 261693,
            "gross_margin": 6.61,
            "gross_margin_4q_avg": 6.67,
            "net_income": 177959,
            "net_income_4q": null,
            "revenue": 3957011,
            "revenue_4q": null,
            "common_shares": 5950680,
            "book_valuer_per_share": 12.25,
            "book_valuer_per_share_4q_avg": 12.08,
            "equity": 8571900,
            "current_ratio": 133.31,
            "debt_ratio": 59.95,
            "inventory_turnover_ratio": 1.1,
            "account_receivable_turnover_ratio": 1.38,
            "reinvestment_rate": 63.16,
            "research_to_sale_ratio": 0.44,
            "price_fair": 28.19,
            "eps_avg_yearly": 0.81,
            "eps_latest_yearly": 0.96,
            "eps_growth_yearly": 247.98
        },
        "20202": {
            "year_quarter": 20202,
            "year": 2020,
            "quarter": 2,
            "eps": 0.54,
            "eps_growth_year": 217.65,
            "eps_4q": 1.29,
            "eps_4q_growth_year": 155.75,
            "roe": 3.96,
            "roe_4q": 10.39,
            "gross_profit": 271501,
            "gross_margin": 6.44,
            "gross_margin_4q_avg": 6.46,
            "net_income": 340903,
            "net_income_4q": null,
            "revenue": 4216698,
            "revenue_4q": null,
            "common_shares": 5950680,
            "book_valuer_per_share": 12.54,
            "book_valuer_per_share_4q_avg": 12.18,
            "equity": 8630568,
            "current_ratio": 118.35,
            "debt_ratio": 60.79,
            "inventory_turnover_ratio": 1.27,
            "account_receivable_turnover_ratio": 1.54,
            "reinvestment_rate": 97.48,
            "research_to_sale_ratio": 0.5,
            "price_fair": 31.15,
            "eps_avg_yearly": 0.89,
            "eps_latest_yearly": 2.16,
            "eps_growth_yearly": 263.73
        },
        "20203": {
            "year_quarter": 20203,
            "year": 2020,
            "quarter": 3,
            "eps": 0.29,
            "eps_growth_year": 38.1,
            "eps_4q": 1.37,
            "eps_4q_growth_year": 108.33,
            "roe": 2.45,
            "roe_4q": 11.18,
            "gross_profit": 457345,
            "gross_margin": 9.79,
            "gross_margin_4q_avg": 7.42,
            "net_income": 211798,
            "net_income_4q": null,
            "revenue": 4673803,
            "revenue_4q": null,
            "common_shares": 5950680,
            "book_valuer_per_share": 12.73,
            "book_valuer_per_share_4q_avg": 12.4,
            "equity": 8687541,
            "current_ratio": 124.93,
            "debt_ratio": 63.03,
            "inventory_turnover_ratio": 1.26,
            "account_receivable_turnover_ratio": 1.64,
            "reinvestment_rate": 130.08,
            "research_to_sale_ratio": 0.32,
            "price_fair": 31.76,
            "eps_avg_yearly": 0.91,
            "eps_latest_yearly": 1.16,
            "eps_growth_yearly": 198.58
        },
        "20204": {
            "year_quarter": 20204,
            "year": 2020,
            "quarter": 4,
            "eps": 0.38,
            "eps_growth_year": 29.76,
            "eps_4q": 1.45,
            "eps_4q_growth_year": 68.2,
            "roe": 3.4,
            "roe_4q": 11.909999999999998,
            "gross_profit": 610458,
            "gross_margin": 11.19,
            "gross_margin_4q_avg": 8.51,
            "net_income": 303060,
            "net_income_4q": null,
            "revenue": 5453293,
            "revenue_4q": null,
            "common_shares": 5950680,
            "book_valuer_per_share": 13.22,
            "book_valuer_per_share_4q_avg": 12.69,
            "equity": 9130044,
            "current_ratio": 137.25,
            "debt_ratio": 63.78,
            "inventory_turnover_ratio": 1.44,
            "account_receivable_turnover_ratio": 1.68,
            "reinvestment_rate": 198.14,
            "research_to_sale_ratio": 0.25,
            "price_fair": 34.91,
            "eps_avg_yearly": 1,
            "eps_latest_yearly": 1.52,
            "eps_growth_yearly": 229.07
        },
        "20211": {
            "year_quarter": 20211,
            "year": 2021,
            "quarter": 1,
            "eps": 0.74,
            "eps_growth_year": 208.33,
            "eps_4q": 1.95,
            "eps_4q_growth_year": 115.65,
            "roe": 4.94,
            "roe_4q": 14.75,
            "gross_profit": 620164,
            "gross_margin": 10.32,
            "gross_margin_4q_avg": 9.44,
            "net_income": 468095,
            "net_income_4q": null,
            "revenue": 6011651,
            "revenue_4q": null,
            "common_shares": 5950680,
            "book_valuer_per_share": 13.98,
            "book_valuer_per_share_4q_avg": 13.12,
            "equity": 9804558,
            "current_ratio": 143.76,
            "debt_ratio": 65.81,
            "inventory_turnover_ratio": 1.63,
            "account_receivable_turnover_ratio": 1.56,
            "reinvestment_rate": 187.95,
            "research_to_sale_ratio": 0.14,
            "price_fair": 40.95,
            "eps_avg_yearly": 1.17,
            "eps_latest_yearly": 2.96,
            "eps_growth_yearly": 215.25
        },
        "20212": {
            "year_quarter": 20212,
            "year": 2021,
            "quarter": 2,
            "eps": 0.61,
            "eps_growth_year": 12.96,
            "eps_4q": 2.02,
            "eps_4q_growth_year": 56.06,
            "roe": 4.39,
            "roe_4q": 15.18,
            "gross_profit": 803852,
            "gross_margin": 11.21,
            "gross_margin_4q_avg": 10.63,
            "net_income": 438239,
            "net_income_4q": null,
            "revenue": 7171922,
            "revenue_4q": null,
            "common_shares": 5950680,
            "book_valuer_per_share": 14.61,
            "book_valuer_per_share_4q_avg": 13.64,
            "equity": 10160185,
            "current_ratio": 133.41,
            "debt_ratio": 68.21,
            "inventory_turnover_ratio": 1.7,
            "account_receivable_turnover_ratio": 1.58,
            "reinvestment_rate": 208.17,
            "research_to_sale_ratio": 0.15,
            "price_fair": 44.71,
            "eps_avg_yearly": 1.28,
            "eps_latest_yearly": 2.44,
            "eps_growth_yearly": 145.86
        },
        "20213": {
            "year_quarter": 20213,
            "year": 2021,
            "quarter": 3,
            "eps": 0.01,
            "eps_growth_year": -96.55,
            "eps_4q": 1.69,
            "eps_4q_growth_year": 23.46,
            "roe": 0.64,
            "roe_4q": 13.37,
            "gross_profit": 586696,
            "gross_margin": 8.52,
            "gross_margin_4q_avg": 10.31,
            "net_income": 64679,
            "net_income_4q": null,
            "revenue": 6885587,
            "revenue_4q": null,
            "common_shares": 5950680,
            "book_valuer_per_share": 14.25,
            "book_valuer_per_share_4q_avg": 14.02,
            "equity": 10002250,
            "current_ratio": 122.11,
            "debt_ratio": 70.08,
            "inventory_turnover_ratio": 1.38,
            "account_receivable_turnover_ratio": 1.39,
            "reinvestment_rate": 265.86,
            "research_to_sale_ratio": 0.14,
            "price_fair": 40.86,
            "eps_avg_yearly": 1.17,
            "eps_latest_yearly": 0.04,
            "eps_growth_yearly": 83.77
        },
        "20214": {
            "year_quarter": 20214,
            "year": 2021,
            "quarter": 4,
            "eps": 0.95,
            "eps_growth_year": 145.74,
            "eps_4q": 2.21,
            "eps_4q_growth_year": 52.53,
            "roe": 6.35,
            "roe_4q": 16.32,
            "gross_profit": 791090,
            "gross_margin": 10.71,
            "gross_margin_4q_avg": 10.19,
            "net_income": 683162,
            "net_income_4q": null,
            "revenue": 7388719,
            "revenue_4q": null,
            "common_shares": 6458954,
            "book_valuer_per_share": 15.37,
            "book_valuer_per_share_4q_avg": 14.55,
            "equity": 11523351,
            "current_ratio": 141.47,
            "debt_ratio": 66.42,
            "inventory_turnover_ratio": 1.36,
            "account_receivable_turnover_ratio": 1.59,
            "reinvestment_rate": 235.65,
            "research_to_sale_ratio": 0.19,
            "price_fair": 47.86,
            "eps_avg_yearly": 1.37,
            "eps_latest_yearly": 3.8,
            "eps_growth_yearly": 2450.44
        },
        "20221": {
            "year_quarter": 20221,
            "year": 2022,
            "quarter": 1,
            "eps": 0.36,
            "eps_growth_year": -51.35,
            "eps_4q": 1.89,
            "eps_4q_growth_year": -3.2,
            "roe": 2.41,
            "roe_4q": 13.79,
            "gross_profit": 649570,
            "gross_margin": 9.7,
            "gross_margin_4q_avg": 10.04,
            "net_income": 282327,
            "net_income_4q": null,
            "revenue": 6700063,
            "revenue_4q": null,
            "common_shares": 6458954,
            "book_valuer_per_share": 15.86,
            "book_valuer_per_share_4q_avg": 15.02,
            "equity": 11896839,
            "current_ratio": 168.54,
            "debt_ratio": 65.74,
            "inventory_turnover_ratio": 1.29,
            "account_receivable_turnover_ratio": 1.54,
            "reinvestment_rate": 268.35,
            "research_to_sale_ratio": 0.3,
            "price_fair": 46.9,
            "eps_avg_yearly": 1.34,
            "eps_latest_yearly": 1.44,
            "eps_growth_yearly": 2381.58
        },
        "20222": {
            "year_quarter": 20222,
            "year": 2022,
            "quarter": 2,
            "eps": -0.11,
            "eps_growth_year": -118.03,
            "eps_4q": 1.14,
            "eps_4q_growth_year": -43.64,
            "roe": -0.2,
            "roe_4q": 9.2,
            "gross_profit": 540092,
            "gross_margin": 7.68,
            "gross_margin_4q_avg": 9.15,
            "net_income": -23650,
            "net_income_4q": null,
            "revenue": 7028422,
            "revenue_4q": null,
            "common_shares": 6458954,
            "book_valuer_per_share": 15.28,
            "book_valuer_per_share_4q_avg": 15.19,
            "equity": 11488489,
            "current_ratio": 161.43,
            "debt_ratio": 68.88,
            "inventory_turnover_ratio": 1.26,
            "account_receivable_turnover_ratio": 1.56,
            "reinvestment_rate": 281.49,
            "research_to_sale_ratio": 0.18,
            "price_fair": 48.07,
            "eps_avg_yearly": 1.37,
            "eps_latest_yearly": 1.44,
            "eps_growth_yearly": 2555.1
        },
        "20223": {
            "year_quarter": 20223,
            "year": 2022,
            "quarter": 3,
            "eps": 0.42,
            "eps_growth_year": 4100,
            "eps_4q": 1.55,
            "eps_4q_growth_year": -8.55,
            "roe": 2.87,
            "roe_4q": 11.43,
            "gross_profit": 368718,
            "gross_margin": 5.61,
            "gross_margin_4q_avg": 8.43,
            "net_income": 335865,
            "net_income_4q": null,
            "revenue": 6574765,
            "revenue_4q": null,
            "common_shares": 6846491,
            "book_valuer_per_share": 14.87,
            "book_valuer_per_share_4q_avg": 15.35,
            "equity": 11902170,
            "current_ratio": 144.11,
            "debt_ratio": 68.67,
            "inventory_turnover_ratio": 1.12,
            "account_receivable_turnover_ratio": 1.48,
            "reinvestment_rate": 286.33,
            "research_to_sale_ratio": 0.24,
            "price_fair": 51,
            "eps_avg_yearly": 1.46,
            "eps_latest_yearly": 1.44,
            "eps_growth_yearly": 2759.38
        },
        "20224": {
            "year_quarter": 20224,
            "year": 2022,
            "quarter": 4,
            "eps": 0.59,
            "eps_growth_year": -38.1,
            "eps_4q": 1.24,
            "eps_4q_growth_year": -43.67,
            "roe": 3.86,
            "roe_4q": 8.940000000000001,
            "gross_profit": 618525,
            "gross_margin": 9.6,
            "gross_margin_4q_avg": 8.15,
            "net_income": 469980,
            "net_income_4q": null,
            "revenue": 6445767,
            "revenue_4q": null,
            "common_shares": 6846491,
            "book_valuer_per_share": 15.54,
            "book_valuer_per_share_4q_avg": 15.39,
            "equity": 12423380,
            "current_ratio": 135.55,
            "debt_ratio": 68.41,
            "inventory_turnover_ratio": 1.03,
            "account_receivable_turnover_ratio": 1.59,
            "reinvestment_rate": 301.74,
            "research_to_sale_ratio": 0.11,
            "price_fair": 55.9,
            "eps_avg_yearly": 1.6,
            "eps_latest_yearly": 2.36,
            "eps_growth_yearly": 2742.37
        },
        "20231": {
            "year_quarter": 20231,
            "year": 2023,
            "quarter": 1,
            "eps": 2.65,
            "eps_growth_year": 636.11,
            "eps_4q": 3.55,
            "eps_4q_growth_year": 87.93,
            "roe": 13.98,
            "roe_4q": 20.51,
            "gross_profit": 750319,
            "gross_margin": 11.93,
            "gross_margin_4q_avg": 8.71,
            "net_income": 1871184,
            "net_income_4q": null,
            "revenue": 6291515,
            "revenue_4q": null,
            "common_shares": 6846491,
            "book_valuer_per_share": 18.27,
            "book_valuer_per_share_4q_avg": 15.99,
            "equity": 14347787,
            "current_ratio": 131.6,
            "debt_ratio": 66.27,
            "inventory_turnover_ratio": 0.98,
            "account_receivable_turnover_ratio": 1.61,
            "reinvestment_rate": 245.64,
            "research_to_sale_ratio": 0.17,
            "price_fair": 80.4,
            "eps_avg_yearly": 2.3,
            "eps_latest_yearly": 10.6,
            "eps_growth_yearly": 2813.56
        },
        "20232": {
            "year_quarter": 20232,
            "year": 2023,
            "quarter": 2,
            "eps": 0.69,
            "eps_growth_year": null,
            "eps_4q": 4.14,
            "eps_4q_growth_year": 263.91,
            "roe": 3.74,
            "roe_4q": 24.45,
            "gross_profit": 766189,
            "gross_margin": 12.24,
            "gross_margin_4q_avg": 9.85,
            "net_income": 551911,
            "net_income_4q": null,
            "revenue": 6261828,
            "revenue_4q": null,
            "common_shares": 6846491,
            "book_valuer_per_share": 19.51,
            "book_valuer_per_share_4q_avg": 17.05,
            "equity": 15204584,
            "current_ratio": 133.57,
            "debt_ratio": 65.64,
            "inventory_turnover_ratio": 0.89,
            "account_receivable_turnover_ratio": 1.63,
            "reinvestment_rate": 233.84,
            "research_to_sale_ratio": 0.15,
            "price_fair": 85.6,
            "eps_avg_yearly": 2.45,
            "eps_latest_yearly": 2.76,
            "eps_growth_yearly": 2796.71
        },
        "20233": {
            "year_quarter": 20233,
            "year": 2023,
            "quarter": 3,
            "eps": 0.27,
            "eps_growth_year": -35.71,
            "eps_4q": 3.92,
            "eps_4q_growth_year": 152.91,
            "roe": 1.99,
            "roe_4q": 23.57,
            "gross_profit": 846994,
            "gross_margin": 12.77,
            "gross_margin_4q_avg": 11.64,
            "net_income": 311319,
            "net_income_4q": null,
            "revenue": 6634700,
            "revenue_4q": null,
            "common_shares": 7186828,
            "book_valuer_per_share": 19.13,
            "book_valuer_per_share_4q_avg": 18.11,
            "equity": 16105943,
            "current_ratio": 148.3,
            "debt_ratio": 64,
            "inventory_turnover_ratio": 0.89,
            "account_receivable_turnover_ratio": 1.62,
            "reinvestment_rate": 244.68,
            "research_to_sale_ratio": 0.13,
            "price_fair": 86.2,
            "eps_avg_yearly": 2.46,
            "eps_latest_yearly": 1.08,
            "eps_growth_yearly": 2772.6
        },
        "20234": {
            "year_quarter": 20234,
            "year": 2023,
            "quarter": 4,
            "eps": 0.41,
            "eps_growth_year": -30.52,
            "eps_4q": 3.78,
            "eps_4q_growth_year": 204.26,
            "roe": 2.43,
            "roe_4q": 22.14,
            "gross_profit": 1111647,
            "gross_margin": 15.34,
            "gross_margin_4q_avg": 13.07,
            "net_income": 395926,
            "net_income_4q": null,
            "revenue": 7247777,
            "revenue_4q": null,
            "common_shares": 7368163,
            "book_valuer_per_share": 19.55,
            "book_valuer_per_share_4q_avg": 19.12,
            "equity": 16496693,
            "current_ratio": 143.88,
            "debt_ratio": 64.51,
            "inventory_turnover_ratio": 1.01,
            "account_receivable_turnover_ratio": 1.8,
            "reinvestment_rate": 243.29,
            "research_to_sale_ratio": 0.23,
            "price_fair": 87.3,
            "eps_avg_yearly": 2.49,
            "eps_latest_yearly": 1.64,
            "eps_growth_yearly": 2775.17
        }
    },
    "months": {
        "2001-06": {
            "month": "2001-06",
            "price": "4.17",
            "revenue": 409515
        },
        "2001-07": {
            "month": "2001-07",
            "price": "3.80",
            "revenue": 337467
        },
        "2001-08": {
            "month": "2001-08",
            "price": "3.81",
            "revenue": 347536
        },
        "2001-09": {
            "month": "2001-09",
            "price": "3.41",
            "revenue": 329548
        },
        "2001-10": {
            "month": "2001-10",
            "price": "3.42",
            "revenue": 343357
        },
        "2001-11": {
            "month": "2001-11",
            "price": "3.42",
            "revenue": 378605
        },
        "2001-12": {
            "month": "2001-12",
            "price": "3.82",
            "revenue": 570464
        },
        "2002-01": {
            "month": "2002-01",
            "price": "4.04",
            "revenue": 308327
        },
        "2002-02": {
            "month": "2002-02",
            "price": "4.11",
            "revenue": 235959
        },
        "2002-03": {
            "month": "2002-03",
            "price": "6.56",
            "revenue": 412907
        },
        "2002-04": {
            "month": "2002-04",
            "price": "12.58",
            "revenue": 393962
        },
        "2002-05": {
            "month": "2002-05",
            "price": "11.36",
            "revenue": 398282
        },
        "2002-06": {
            "month": "2002-06",
            "price": "11.50",
            "revenue": 537491
        },
        "2002-07": {
            "month": "2002-07",
            "price": "11.22",
            "revenue": 457916
        },
        "2002-08": {
            "month": "2002-08",
            "price": "10.23",
            "revenue": 538398
        },
        "2002-09": {
            "month": "2002-09",
            "price": "9.28",
            "revenue": 430687
        },
        "2002-10": {
            "month": "2002-10",
            "price": "8.39",
            "revenue": 388947
        },
        "2002-11": {
            "month": "2002-11",
            "price": "10.02",
            "revenue": 510100
        },
        "2002-12": {
            "month": "2002-12",
            "price": "11.36",
            "revenue": 474856
        },
        "2003-01": {
            "month": "2003-01",
            "price": "13.34",
            "revenue": 339824
        },
        "2003-02": {
            "month": "2003-02",
            "price": "12.50",
            "revenue": 330233
        },
        "2003-03": {
            "month": "2003-03",
            "price": "10.67",
            "revenue": 448781
        },
        "2003-04": {
            "month": "2003-04",
            "price": "10.06",
            "revenue": 462539
        },
        "2003-05": {
            "month": "2003-05",
            "price": "9.33",
            "revenue": 462480
        },
        "2003-06": {
            "month": "2003-06",
            "price": "10.22",
            "revenue": 429133
        },
        "2003-07": {
            "month": "2003-07",
            "price": "9.41",
            "revenue": 424131
        },
        "2003-08": {
            "month": "2003-08",
            "price": "8.81",
            "revenue": 455208
        },
        "2003-09": {
            "month": "2003-09",
            "price": "8.61",
            "revenue": 434069
        },
        "2003-10": {
            "month": "2003-10",
            "price": "8.67",
            "revenue": 440446
        },
        "2003-11": {
            "month": "2003-11",
            "price": "9.52",
            "revenue": 453405
        },
        "2003-12": {
            "month": "2003-12",
            "price": "9.85",
            "revenue": 530328
        },
        "2004-01": {
            "month": "2004-01",
            "price": "11.55",
            "revenue": 397334
        },
        "2004-02": {
            "month": "2004-02",
            "price": "14.27",
            "revenue": 468447
        },
        "2004-03": {
            "month": "2004-03",
            "price": "16.61",
            "revenue": 502794
        },
        "2004-04": {
            "month": "2004-04",
            "price": "15.60",
            "revenue": 626967
        },
        "2004-05": {
            "month": "2004-05",
            "price": "12.35",
            "revenue": 504369
        },
        "2004-06": {
            "month": "2004-06",
            "price": "11.60",
            "revenue": 548244
        },
        "2004-07": {
            "month": "2004-07",
            "price": "11.21",
            "revenue": 587804
        },
        "2004-08": {
            "month": "2004-08",
            "price": "10.08",
            "revenue": 549526
        },
        "2004-09": {
            "month": "2004-09",
            "price": "11.45",
            "revenue": 698810
        },
        "2004-10": {
            "month": "2004-10",
            "price": "12.22",
            "revenue": 691869
        },
        "2004-11": {
            "month": "2004-11",
            "price": "11.73",
            "revenue": 641476
        },
        "2004-12": {
            "month": "2004-12",
            "price": "11.81",
            "revenue": 561249
        },
        "2005-01": {
            "month": "2005-01",
            "price": "11.86",
            "revenue": 505810
        },
        "2005-02": {
            "month": "2005-02",
            "price": "11.25",
            "revenue": 428637
        },
        "2005-03": {
            "month": "2005-03",
            "price": "10.70",
            "revenue": 590700
        },
        "2005-04": {
            "month": "2005-04",
            "price": "9.46",
            "revenue": 566665
        },
        "2005-05": {
            "month": "2005-05",
            "price": "9.35",
            "revenue": 644143
        },
        "2005-06": {
            "month": "2005-06",
            "price": "9.97",
            "revenue": 640411
        },
        "2005-07": {
            "month": "2005-07",
            "price": "9.78",
            "revenue": 624958
        },
        "2005-08": {
            "month": "2005-08",
            "price": "8.61",
            "revenue": 827816
        },
        "2005-09": {
            "month": "2005-09",
            "price": "8.26",
            "revenue": 673576
        },
        "2005-10": {
            "month": "2005-10",
            "price": "7.51",
            "revenue": 706408
        },
        "2005-11": {
            "month": "2005-11",
            "price": "7.74",
            "revenue": 676366
        },
        "2005-12": {
            "month": "2005-12",
            "price": "8.18",
            "revenue": 799288
        },
        "2006-01": {
            "month": "2006-01",
            "price": "8.14",
            "revenue": 535656
        },
        "2006-02": {
            "month": "2006-02",
            "price": "8.21",
            "revenue": 846876
        },
        "2006-03": {
            "month": "2006-03",
            "price": "8.09",
            "revenue": 928125
        },
        "2006-04": {
            "month": "2006-04",
            "price": "9.13",
            "revenue": 962586
        },
        "2006-05": {
            "month": "2006-05",
            "price": "10.01",
            "revenue": 918681
        },
        "2006-06": {
            "month": "2006-06",
            "price": "8.72",
            "revenue": 936900
        },
        "2006-07": {
            "month": "2006-07",
            "price": "9.15",
            "revenue": 1089681
        },
        "2006-08": {
            "month": "2006-08",
            "price": "10.28",
            "revenue": 971290
        },
        "2006-09": {
            "month": "2006-09",
            "price": "10.27",
            "revenue": 903491
        },
        "2006-10": {
            "month": "2006-10",
            "price": "11.32",
            "revenue": 1128508
        },
        "2006-11": {
            "month": "2006-11",
            "price": "12.95",
            "revenue": 964408
        },
        "2006-12": {
            "month": "2006-12",
            "price": "14.65",
            "revenue": 1073031
        },
        "2007-01": {
            "month": "2007-01",
            "price": "15.37",
            "revenue": 814479
        },
        "2007-02": {
            "month": "2007-02",
            "price": "14.52",
            "revenue": 610607
        },
        "2007-03": {
            "month": "2007-03",
            "price": "13.73",
            "revenue": 1028092
        },
        "2007-04": {
            "month": "2007-04",
            "price": "14.02",
            "revenue": 977114
        },
        "2007-05": {
            "month": "2007-05",
            "price": "12.45",
            "revenue": 1017096
        },
        "2007-06": {
            "month": "2007-06",
            "price": "12.31",
            "revenue": 866777
        },
        "2007-07": {
            "month": "2007-07",
            "price": "13.65",
            "revenue": 1123411
        },
        "2007-08": {
            "month": "2007-08",
            "price": "12.03",
            "revenue": 963004
        },
        "2007-09": {
            "month": "2007-09",
            "price": "11.76",
            "revenue": 923512
        },
        "2007-10": {
            "month": "2007-10",
            "price": "12.05",
            "revenue": 1185309
        },
        "2007-11": {
            "month": "2007-11",
            "price": "10.34",
            "revenue": 767123
        },
        "2007-12": {
            "month": "2007-12",
            "price": "9.26",
            "revenue": 835091
        },
        "2008-01": {
            "month": "2008-01",
            "price": "9.06",
            "revenue": 964725
        },
        "2008-02": {
            "month": "2008-02",
            "price": "9.24",
            "revenue": 872856
        },
        "2008-03": {
            "month": "2008-03",
            "price": "9.95",
            "revenue": 986069
        },
        "2008-04": {
            "month": "2008-04",
            "price": "10.47",
            "revenue": 1121759
        },
        "2008-05": {
            "month": "2008-05",
            "price": "10.49",
            "revenue": 1070191
        },
        "2008-06": {
            "month": "2008-06",
            "price": "8.91",
            "revenue": 1003498
        },
        "2008-07": {
            "month": "2008-07",
            "price": "7.90",
            "revenue": 1057671
        },
        "2008-08": {
            "month": "2008-08",
            "price": "7.92",
            "revenue": 899711
        },
        "2008-09": {
            "month": "2008-09",
            "price": "6.51",
            "revenue": 822704
        },
        "2008-10": {
            "month": "2008-10",
            "price": "5.64",
            "revenue": 631420
        },
        "2008-11": {
            "month": "2008-11",
            "price": "5.30",
            "revenue": 635580
        },
        "2008-12": {
            "month": "2008-12",
            "price": "5.45",
            "revenue": 525036
        },
        "2009-01": {
            "month": "2009-01",
            "price": "5.34",
            "revenue": 330990
        },
        "2009-02": {
            "month": "2009-02",
            "price": "5.01",
            "revenue": 357994
        },
        "2009-03": {
            "month": "2009-03",
            "price": "5.33",
            "revenue": 722444
        },
        "2009-04": {
            "month": "2009-04",
            "price": "6.32",
            "revenue": 619165
        },
        "2009-05": {
            "month": "2009-05",
            "price": "6.30",
            "revenue": 576775
        },
        "2009-06": {
            "month": "2009-06",
            "price": "6.14",
            "revenue": 542437
        },
        "2009-07": {
            "month": "2009-07",
            "price": "6.12",
            "revenue": 596926
        },
        "2009-08": {
            "month": "2009-08",
            "price": "6.77",
            "revenue": 733619
        },
        "2009-09": {
            "month": "2009-09",
            "price": "6.79",
            "revenue": 819757
        },
        "2009-10": {
            "month": "2009-10",
            "price": "7.51",
            "revenue": 872927
        },
        "2009-11": {
            "month": "2009-11",
            "price": "7.92",
            "revenue": 790891
        },
        "2009-12": {
            "month": "2009-12",
            "price": "8.14",
            "revenue": 1111689
        },
        "2010-01": {
            "month": "2010-01",
            "price": "8.64",
            "revenue": 727291
        },
        "2010-02": {
            "month": "2010-02",
            "price": "7.58",
            "revenue": 465762
        },
        "2010-03": {
            "month": "2010-03",
            "price": "8.08",
            "revenue": 820957
        },
        "2010-04": {
            "month": "2010-04",
            "price": "9.28",
            "revenue": 712574
        },
        "2010-05": {
            "month": "2010-05",
            "price": "8.28",
            "revenue": 650971
        },
        "2010-06": {
            "month": "2010-06",
            "price": "8.08",
            "revenue": 662331
        },
        "2010-07": {
            "month": "2010-07",
            "price": "8.44",
            "revenue": 697883
        },
        "2010-08": {
            "month": "2010-08",
            "price": "8.96",
            "revenue": 752587
        },
        "2010-09": {
            "month": "2010-09",
            "price": "8.81",
            "revenue": 900792
        },
        "2010-10": {
            "month": "2010-10",
            "price": "9.07",
            "revenue": 780977
        },
        "2010-11": {
            "month": "2010-11",
            "price": "8.75",
            "revenue": 773918
        },
        "2010-12": {
            "month": "2010-12",
            "price": "8.82",
            "revenue": 923118
        },
        "2011-01": {
            "month": "2011-01",
            "price": "8.98",
            "revenue": 731606
        },
        "2011-02": {
            "month": "2011-02",
            "price": "8.64",
            "revenue": 549569
        },
        "2011-03": {
            "month": "2011-03",
            "price": "8.27",
            "revenue": 773184
        },
        "2011-04": {
            "month": "2011-04",
            "price": "8.54",
            "revenue": 863692
        },
        "2011-05": {
            "month": "2011-05",
            "price": "9.24",
            "revenue": 701841
        },
        "2011-06": {
            "month": "2011-06",
            "price": "9.18",
            "revenue": 787308
        },
        "2011-07": {
            "month": "2011-07",
            "price": "9.33",
            "revenue": 826140
        },
        "2011-08": {
            "month": "2011-08",
            "price": "8.66",
            "revenue": 772062
        },
        "2011-09": {
            "month": "2011-09",
            "price": "8.12",
            "revenue": 840902
        },
        "2011-10": {
            "month": "2011-10",
            "price": "7.91",
            "revenue": 635207
        },
        "2011-11": {
            "month": "2011-11",
            "price": "8.00",
            "revenue": 743283
        },
        "2011-12": {
            "month": "2011-12",
            "price": "7.74",
            "revenue": 1002798
        },
        "2012-01": {
            "month": "2012-01",
            "price": "7.60",
            "revenue": 621130
        },
        "2012-02": {
            "month": "2012-02",
            "price": "8.39",
            "revenue": 649319
        },
        "2012-03": {
            "month": "2012-03",
            "price": "8.66",
            "revenue": 1011815
        },
        "2012-04": {
            "month": "2012-04",
            "price": "7.80",
            "revenue": 645054
        },
        "2012-05": {
            "month": "2012-05",
            "price": "7.51",
            "revenue": 889959
        },
        "2012-06": {
            "month": "2012-06",
            "price": "7.21",
            "revenue": 978305
        },
        "2012-07": {
            "month": "2012-07",
            "price": "7.33",
            "revenue": 719366
        },
        "2012-08": {
            "month": "2012-08",
            "price": "7.35",
            "revenue": 770318
        },
        "2012-09": {
            "month": "2012-09",
            "price": "7.25",
            "revenue": 916558
        },
        "2012-10": {
            "month": "2012-10",
            "price": "7.08",
            "revenue": 546842
        },
        "2012-11": {
            "month": "2012-11",
            "price": "6.80",
            "revenue": 532133
        },
        "2012-12": {
            "month": "2012-12",
            "price": "7.10",
            "revenue": 857507
        },
        "2013-01": {
            "month": "2013-01",
            "price": "7.15",
            "revenue": 1519130
        },
        "2013-02": {
            "month": "2013-02",
            "price": "7.17",
            "revenue": 973598
        },
        "2013-03": {
            "month": "2013-03",
            "price": "7.11",
            "revenue": 1868547
        },
        "2013-04": {
            "month": "2013-04",
            "price": "7.05",
            "revenue": 1348484
        },
        "2013-05": {
            "month": "2013-05",
            "price": "7.21",
            "revenue": 1495035
        },
        "2013-06": {
            "month": "2013-06",
            "price": "6.94",
            "revenue": 1421467
        },
        "2013-07": {
            "month": "2013-07",
            "price": "6.98",
            "revenue": 1525935
        },
        "2013-08": {
            "month": "2013-08",
            "price": "6.87",
            "revenue": 1475348
        },
        "2013-09": {
            "month": "2013-09",
            "price": "6.62",
            "revenue": 1483712
        },
        "2013-10": {
            "month": "2013-10",
            "price": "6.92",
            "revenue": 1509215
        },
        "2013-11": {
            "month": "2013-11",
            "price": "6.79",
            "revenue": 1419700
        },
        "2013-12": {
            "month": "2013-12",
            "price": "7.03",
            "revenue": 1538328
        },
        "2014-01": {
            "month": "2014-01",
            "price": "7.26",
            "revenue": 1274390
        },
        "2014-02": {
            "month": "2014-02",
            "price": "7.08",
            "revenue": 1023160
        },
        "2014-03": {
            "month": "2014-03",
            "price": "7.11",
            "revenue": 1436161
        },
        "2014-04": {
            "month": "2014-04",
            "price": "7.33",
            "revenue": 1409116
        },
        "2014-05": {
            "month": "2014-05",
            "price": "7.24",
            "revenue": 1503909
        },
        "2014-06": {
            "month": "2014-06",
            "price": "7.24",
            "revenue": 1270942
        },
        "2014-07": {
            "month": "2014-07",
            "price": "7.35",
            "revenue": 1421375
        },
        "2014-08": {
            "month": "2014-08",
            "price": "7.18",
            "revenue": 1362536
        },
        "2014-09": {
            "month": "2014-09",
            "price": "7.07",
            "revenue": 1351815
        },
        "2014-10": {
            "month": "2014-10",
            "price": "6.62",
            "revenue": 1270514
        },
        "2014-11": {
            "month": "2014-11",
            "price": "6.37",
            "revenue": 1401838
        },
        "2014-12": {
            "month": "2014-12",
            "price": "6.36",
            "revenue": 1352264
        },
        "2015-01": {
            "month": "2015-01",
            "price": "6.48",
            "revenue": 1334330
        },
        "2015-02": {
            "month": "2015-02",
            "price": "6.45",
            "revenue": 882534
        },
        "2015-03": {
            "month": "2015-03",
            "price": "6.56",
            "revenue": 1490315
        },
        "2015-04": {
            "month": "2015-04",
            "price": "6.48",
            "revenue": 1342571
        },
        "2015-05": {
            "month": "2015-05",
            "price": "6.41",
            "revenue": 1354395
        },
        "2015-06": {
            "month": "2015-06",
            "price": "5.66",
            "revenue": 1230327
        },
        "2015-07": {
            "month": "2015-07",
            "price": "5.18",
            "revenue": 1295799
        },
        "2015-08": {
            "month": "2015-08",
            "price": "4.61",
            "revenue": 1257714
        },
        "2015-09": {
            "month": "2015-09",
            "price": "4.52",
            "revenue": 1470584
        },
        "2015-10": {
            "month": "2015-10",
            "price": "4.72",
            "revenue": 1320821
        },
        "2015-11": {
            "month": "2015-11",
            "price": "4.79",
            "revenue": 1257202
        },
        "2015-12": {
            "month": "2015-12",
            "price": "4.56",
            "revenue": 1175031
        },
        "2016-01": {
            "month": "2016-01",
            "price": "4.38",
            "revenue": 1096267
        },
        "2016-02": {
            "month": "2016-02",
            "price": "4.43",
            "revenue": 802280
        },
        "2016-03": {
            "month": "2016-03",
            "price": "4.70",
            "revenue": 1287372
        },
        "2016-04": {
            "month": "2016-04",
            "price": "4.61",
            "revenue": 1139994
        },
        "2016-05": {
            "month": "2016-05",
            "price": "4.29",
            "revenue": 1149225
        },
        "2016-06": {
            "month": "2016-06",
            "price": "4.24",
            "revenue": 1333842
        },
        "2016-07": {
            "month": "2016-07",
            "price": "4.41",
            "revenue": 1241826
        },
        "2016-08": {
            "month": "2016-08",
            "price": "4.65",
            "revenue": 1270089
        },
        "2016-09": {
            "month": "2016-09",
            "price": "4.91",
            "revenue": 1199105
        },
        "2016-10": {
            "month": "2016-10",
            "price": "5.16",
            "revenue": 1064929
        },
        "2016-11": {
            "month": "2016-11",
            "price": "5.38",
            "revenue": 1255278
        },
        "2016-12": {
            "month": "2016-12",
            "price": "5.47",
            "revenue": 1330478
        },
        "2017-01": {
            "month": "2017-01",
            "price": "5.60",
            "revenue": 1098341
        },
        "2017-02": {
            "month": "2017-02",
            "price": "6.65",
            "revenue": 1094413
        },
        "2017-03": {
            "month": "2017-03",
            "price": "6.83",
            "revenue": 1555135
        },
        "2017-04": {
            "month": "2017-04",
            "price": "6.38",
            "revenue": 1288156
        },
        "2017-05": {
            "month": "2017-05",
            "price": "6.15",
            "revenue": 1341981
        },
        "2017-06": {
            "month": "2017-06",
            "price": "6.29",
            "revenue": 1404240
        },
        "2017-07": {
            "month": "2017-07",
            "price": "6.44",
            "revenue": 1379470
        },
        "2017-08": {
            "month": "2017-08",
            "price": "7.21",
            "revenue": 1574414
        },
        "2017-09": {
            "month": "2017-09",
            "price": "8.02",
            "revenue": 1489643
        },
        "2017-10": {
            "month": "2017-10",
            "price": "8.48",
            "revenue": 1428058
        },
        "2017-11": {
            "month": "2017-11",
            "price": "10.79",
            "revenue": 1534939
        },
        "2017-12": {
            "month": "2017-12",
            "price": "13.50",
            "revenue": 1511045
        },
        "2018-01": {
            "month": "2018-01",
            "price": "13.93",
            "revenue": 1744424
        },
        "2018-02": {
            "month": "2018-02",
            "price": "12.96",
            "revenue": 966461
        },
        "2018-03": {
            "month": "2018-03",
            "price": "13.50",
            "revenue": 1663589
        },
        "2018-04": {
            "month": "2018-04",
            "price": "16.02",
            "revenue": 1530805
        },
        "2018-05": {
            "month": "2018-05",
            "price": "14.26",
            "revenue": 1669978
        },
        "2018-06": {
            "month": "2018-06",
            "price": "14.29",
            "revenue": 1769351
        },
        "2018-07": {
            "month": "2018-07",
            "price": "13.34",
            "revenue": 1534606
        },
        "2018-08": {
            "month": "2018-08",
            "price": "12.75",
            "revenue": 1652524
        },
        "2018-09": {
            "month": "2018-09",
            "price": "12.29",
            "revenue": 1548686
        },
        "2018-10": {
            "month": "2018-10",
            "price": "11.89",
            "revenue": 1586296
        },
        "2018-11": {
            "month": "2018-11",
            "price": "11.13",
            "revenue": 1572124
        },
        "2018-12": {
            "month": "2018-12",
            "price": "10.45",
            "revenue": 1465783
        },
        "2019-01": {
            "month": "2019-01",
            "price": "10.02",
            "revenue": 1561227
        },
        "2019-02": {
            "month": "2019-02",
            "price": "10.98",
            "revenue": 1107153
        },
        "2019-03": {
            "month": "2019-03",
            "price": "11.18",
            "revenue": 1748069
        },
        "2019-04": {
            "month": "2019-04",
            "price": "10.89",
            "revenue": 1584250
        },
        "2019-05": {
            "month": "2019-05",
            "price": "11.03",
            "revenue": 1525698
        },
        "2019-06": {
            "month": "2019-06",
            "price": "11.17",
            "revenue": 1501674
        },
        "2019-07": {
            "month": "2019-07",
            "price": "11.13",
            "revenue": 1585866
        },
        "2019-08": {
            "month": "2019-08",
            "price": "10.16",
            "revenue": 1464737
        },
        "2019-09": {
            "month": "2019-09",
            "price": "10.61",
            "revenue": 1561896
        },
        "2019-10": {
            "month": "2019-10",
            "price": "10.58",
            "revenue": 1443005
        },
        "2019-11": {
            "month": "2019-11",
            "price": "10.64",
            "revenue": 1556711
        },
        "2019-12": {
            "month": "2019-12",
            "price": "10.77",
            "revenue": 1668164
        },
        "2020-01": {
            "month": "2020-01",
            "price": "11.54",
            "revenue": 1203912
        },
        "2020-02": {
            "month": "2020-02",
            "price": "10.71",
            "revenue": 1438964
        },
        "2020-03": {
            "month": "2020-03",
            "price": "8.68",
            "revenue": 1694021
        },
        "2020-04": {
            "month": "2020-04",
            "price": "9.14",
            "revenue": 1476671
        },
        "2020-05": {
            "month": "2020-05",
            "price": "10.60",
            "revenue": 1456484
        },
        "2020-06": {
            "month": "2020-06",
            "price": "10.64",
            "revenue": 1478283
        },
        "2020-07": {
            "month": "2020-07",
            "price": "11.06",
            "revenue": 1613994
        },
        "2020-08": {
            "month": "2020-08",
            "price": "14.06",
            "revenue": 1528848
        },
        "2020-09": {
            "month": "2020-09",
            "price": "16.55",
            "revenue": 1621234
        },
        "2020-10": {
            "month": "2020-10",
            "price": "20.11",
            "revenue": 1552389
        },
        "2020-11": {
            "month": "2020-11",
            "price": "19.66",
            "revenue": 1850911
        },
        "2020-12": {
            "month": "2020-12",
            "price": "20.28",
            "revenue": 2055603
        },
        "2021-01": {
            "month": "2021-01",
            "price": "18.64",
            "revenue": 2135936
        },
        "2021-02": {
            "month": "2021-02",
            "price": "19.25",
            "revenue": 1534532
        },
        "2021-03": {
            "month": "2021-03",
            "price": "19.55",
            "revenue": 2410381
        },
        "2021-04": {
            "month": "2021-04",
            "price": "24.81",
            "revenue": 2105240
        },
        "2021-05": {
            "month": "2021-05",
            "price": "28.31",
            "revenue": 2373863
        },
        "2021-06": {
            "month": "2021-06",
            "price": "28.78",
            "revenue": 2758445
        },
        "2021-07": {
            "month": "2021-07",
            "price": "28.35",
            "revenue": 2347019
        },
        "2021-08": {
            "month": "2021-08",
            "price": "26.37",
            "revenue": 2238712
        },
        "2021-09": {
            "month": "2021-09",
            "price": "25.92",
            "revenue": 2373865
        },
        "2021-10": {
            "month": "2021-10",
            "price": "25.26",
            "revenue": 2276433
        },
        "2021-11": {
            "month": "2021-11",
            "price": "26.00",
            "revenue": 2542009
        },
        "2021-12": {
            "month": "2021-12",
            "price": "24.59",
            "revenue": 2515377
        },
        "2022-01": {
            "month": "2022-01",
            "price": "24.01",
            "revenue": 2295292
        },
        "2022-02": {
            "month": "2022-02",
            "price": "23.85",
            "revenue": 1799952
        },
        "2022-03": {
            "month": "2022-03",
            "price": "25.78",
            "revenue": 2647479
        },
        "2022-04": {
            "month": "2022-04",
            "price": "29.49",
            "revenue": 2406527
        },
        "2022-05": {
            "month": "2022-05",
            "price": "25.72",
            "revenue": 2410204
        },
        "2022-06": {
            "month": "2022-06",
            "price": "24.70",
            "revenue": 2263177
        },
        "2022-07": {
            "month": "2022-07",
            "price": "23.69",
            "revenue": 2138751
        },
        "2022-08": {
            "month": "2022-08",
            "price": "22.47",
            "revenue": 2289497
        },
        "2022-09": {
            "month": "2022-09",
            "price": "19.96",
            "revenue": 2176392
        },
        "2022-10": {
            "month": "2022-10",
            "price": "16.98",
            "revenue": 2111691
        },
        "2022-11": {
            "month": "2022-11",
            "price": "18.20",
            "revenue": 2237182
        },
        "2022-12": {
            "month": "2022-12",
            "price": "20.41",
            "revenue": 2202713
        },
        "2023-01": {
            "month": "2023-01",
            "price": "20.94",
            "revenue": 1721314
        },
        "2023-02": {
            "month": "2023-02",
            "price": "24.00",
            "revenue": 2036454
        },
        "2023-03": {
            "month": "2023-03",
            "price": "25.47",
            "revenue": 2590453
        },
        "2023-04": {
            "month": "2023-04",
            "price": "27.64",
            "revenue": 2130994
        },
        "2023-05": {
            "month": "2023-05",
            "price": "30.71",
            "revenue": 2097985
        },
        "2023-06": {
            "month": "2023-06",
            "price": "37.26",
            "revenue": 2135689
        },
        "2023-07": {
            "month": "2023-07",
            "price": "38.62",
            "revenue": 2121639
        },
        "2023-08": {
            "month": "2023-08",
            "price": "36.08",
            "revenue": 2347203
        },
        "2023-09": {
            "month": "2023-09",
            "price": "35.46",
            "revenue": 2174547
        },
        "2023-10": {
            "month": "2023-10",
            "price": "34.41",
            "revenue": 2129003
        },
        "2023-11": {
            "month": "2023-11",
            "price": "33.19",
            "revenue": 2319864
        },
        "2023-12": {
            "month": "2023-12",
            "price": "34.43",
            "revenue": 2762222
        },
        "2024-01": {
            "month": "2024-01",
            "price": "34.76",
            "revenue": 2332994
        },
        "2024-02": {
            "month": "2024-02",
            "price": "35.88",
            "revenue": 1954928
        }
    }
}
