{
    "summary": {
        "stock_name": "中電",
        "stock_id": "1611",
        "category": "電器電纜",
        "main_business": "電器、照明產品等之製造與銷售及進出口貿易業務、<br>代理廠商產品之報價經銷及投標，委託廠商從事電器<br>加工製造及銷售，陶瓷及陶瓷製品製造業、衛浴批發",
        "website_url": "http://www.chinaelectric.com.tw",
        "ceo": "鄔雲光代理",
        "pe_ratio": 64,
        "report_year_from": 2001,
        "report_year_to": 2023,
        "age": 22,
        "eps_negative_percentage": 13,
        "eps_growth_avg": {
            "last_all": -9.07,
            "last_2y": -20.43,
            "last_4y": -10.08,
            "last_8y": -25.07,
            "last_12y": -29.18,
            "last_16y": -15.42,
            "last_20y": -9.07,
            "at_2006_last_3y": 51.17,
            "at_2007_last_3y": 18.66,
            "at_2008_last_3y": 23.66,
            "at_2009_last_3y": 19.01,
            "at_2010_last_3y": 3.64,
            "at_2011_last_3y": 11.53,
            "at_2012_last_3y": 3.35,
            "at_2013_last_3y": -35.36,
            "at_2014_last_3y": -59.99,
            "at_2015_last_3y": -90.74,
            "at_2016_last_3y": -100,
            "at_2017_last_3y": -100,
            "at_2018_last_3y": -94.55,
            "at_2019_last_3y": -29.7,
            "at_2020_last_3y": -26.1,
            "at_2021_last_3y": 5.42,
            "at_2022_last_3y": 9.68,
            "at_2023_last_3y": 9.68,
            "at_2006_last_all": 30.5,
            "at_2007_last_all": 20.41,
            "at_2008_last_all": 10.53,
            "at_2009_last_all": 16.07,
            "at_2010_last_all": 18.56,
            "at_2011_last_all": 16.86,
            "at_2012_last_all": 7.92,
            "at_2013_last_all": -1.08,
            "at_2014_last_all": -1.08,
            "at_2015_last_all": -1.08,
            "at_2016_last_all": -8.69,
            "at_2017_last_all": -8.69,
            "at_2018_last_all": -14.43,
            "at_2019_last_all": -6.8,
            "at_2020_last_all": -11.95,
            "at_2021_last_all": -5.37,
            "at_2022_last_all": -9.07,
            "at_2023_last_all": -9.07
        },
        "latest_eps": 0.29,
        "latest_price": 18.6,
        "latest_roe": 2.14,
        "latest_gross_margin": 29.52,
        "latest_equity": 4293684,
        "latest_revenue": 329452,
        "latest_gross_profit": 97264,
        "latest_net_income": 39697,
        "latest_debt_ratio": 20.25,
        "latest_current_ratio": 253.91,
        "latest_account_receivable_turnover_ratio": 1.35,
        "latest_inventory_turnover_ratio": 0.49,
        "latest_reinvestment_rate": -65.9,
        "latest_research_to_sale_ratio": 0.28
    },
    "eps_dividends": {
        "1990": {
            "cash": 0,
            "stock": 2,
            "eps": 0
        },
        "1991": {
            "cash": 0,
            "stock": 2,
            "eps": 0
        },
        "1992": {
            "cash": 0,
            "stock": 1.9,
            "eps": 0
        },
        "1993": {
            "cash": 0,
            "stock": 1.5,
            "eps": 0
        },
        "1995": {
            "cash": 0,
            "stock": 1.5,
            "eps": 0
        },
        "1996": {
            "cash": 0,
            "stock": 1.58,
            "eps": 0
        },
        "1997": {
            "cash": 0.5,
            "stock": 1,
            "eps": 0
        },
        "2001": {
            "cash": 0.66,
            "stock": 0.33,
            "eps": 0.46
        },
        "2002": {
            "cash": 0.5,
            "stock": 0,
            "eps": 0.22
        },
        "2003": {
            "cash": 0.5,
            "stock": 0.5,
            "eps": 1.57
        },
        "2004": {
            "cash": 1,
            "stock": 0,
            "eps": 0.49
        },
        "2005": {
            "cash": 0.3,
            "stock": 0,
            "eps": 0.85
        },
        "2006": {
            "cash": 0.4,
            "stock": 0.6,
            "eps": 1.73
        },
        "2007": {
            "cash": 1,
            "stock": 0,
            "eps": 1.21
        },
        "2008": {
            "cash": 1.2,
            "stock": 0,
            "eps": 0.62
        },
        "2009": {
            "cash": 0.6,
            "stock": 0,
            "eps": 0.96
        },
        "2010": {
            "cash": 1.2,
            "stock": 0,
            "eps": 1.33
        },
        "2011": {
            "cash": 2.5,
            "stock": 0,
            "eps": 1.35
        },
        "2012": {
            "cash": 0,
            "stock": 0,
            "eps": 0.25
        },
        "2013": {
            "cash": 0.2,
            "stock": 0,
            "eps": -1.35
        },
        "2014": {
            "cash": 0,
            "stock": 0,
            "eps": -0.69
        },
        "2015": {
            "cash": 0,
            "stock": 0,
            "eps": 0.03
        },
        "2016": {
            "cash": 0,
            "stock": 0,
            "eps": -2.15
        },
        "2017": {
            "cash": 0,
            "stock": 0,
            "eps": 1.56
        },
        "2018": {
            "cash": 1,
            "stock": 0,
            "eps": 0.17
        },
        "2019": {
            "cash": 0.15,
            "stock": 0,
            "eps": 2.13
        },
        "2020": {
            "cash": 1.2,
            "stock": 0,
            "eps": 0.23
        },
        "2021": {
            "cash": 0.3,
            "stock": 0,
            "eps": 0.86
        },
        "2022": {
            "cash": 0.8,
            "stock": 0,
            "eps": 0.24
        },
        "2023": {
            "cash": 0.3,
            "stock": 0,
            "eps": 0.12
        }
    },
    "dividends": {
        "1990-05-14": {
            "cash": 0,
            "stock": 2
        },
        "1991-05-16": {
            "cash": 0,
            "stock": 2
        },
        "1992-05-28": {
            "cash": 0,
            "stock": 1.9
        },
        "1993-05-20": {
            "cash": 0,
            "stock": 1.5
        },
        "1995-05-29": {
            "cash": 0,
            "stock": 1.5
        },
        "1996-05-31": {
            "cash": 0,
            "stock": 1.58
        },
        "1997-05-30": {
            "cash": 0.5,
            "stock": 1
        },
        "2001-06-20": {
            "cash": 0.66,
            "stock": 0.33
        },
        "2002-06-24": {
            "cash": 0.5,
            "stock": 0
        },
        "2003-04-08": {
            "cash": 0.5,
            "stock": 0.5
        },
        "2004-06-15": {
            "cash": 1,
            "stock": 0
        },
        "2005-06-14": {
            "cash": 0.3,
            "stock": 0
        },
        "2006-04-06": {
            "cash": 0.4,
            "stock": 0.6
        },
        "2007-03-27": {
            "cash": 1,
            "stock": 0
        },
        "2008-03-25": {
            "cash": 1.2,
            "stock": 0
        },
        "2009-03-27": {
            "cash": 0.6,
            "stock": 0
        },
        "2010-03-29": {
            "cash": 1.2,
            "stock": 0
        },
        "2011-01-01": {
            "cash": 1.2,
            "stock": 0
        },
        "2011-03-25": {
            "cash": 1.3,
            "stock": 0
        },
        "2013-03-27": {
            "cash": 0.2,
            "stock": 0
        },
        "2018-08-10": {
            "cash": 1,
            "stock": 0
        },
        "2019-08-09": {
            "cash": 0.15,
            "stock": 0
        },
        "2020-07-13": {
            "cash": 1.2,
            "stock": 0
        },
        "2021-10-15": {
            "cash": 0.3,
            "stock": 0
        },
        "2022-08-08": {
            "cash": 0.8,
            "stock": 0
        },
        "2023-07-14": {
            "cash": 0.3,
            "stock": 0
        }
    },
    "prices": {
        "200101": "8.72",
        "200102": "9.09",
        "200103": "9.83",
        "200104": "9.06",
        "200105": "8.72",
        "200106": "8.50",
        "200107": "7.48",
        "200108": "7.20",
        "200109": "6.80",
        "200110": "6.31",
        "200111": "6.25",
        "200112": "7.41",
        "200201": "7.94",
        "200202": "8.40",
        "200203": "9.22",
        "200204": "9.65",
        "200205": "9.38",
        "200206": "8.97",
        "200207": "8.70",
        "200208": "8.00",
        "200209": "7.01",
        "200210": "7.00",
        "200211": "7.44",
        "200212": "7.80",
        "200301": "8.58",
        "200302": "8.09",
        "200303": "7.64",
        "200304": "7.58",
        "200305": "7.38",
        "200306": "8.24",
        "200307": "8.62",
        "200308": "8.74",
        "200309": "8.58",
        "200310": "9.08",
        "200311": "8.80",
        "200312": "8.81",
        "200401": "9.25",
        "200402": "11.29",
        "200403": "11.22",
        "200404": "12.56",
        "200405": "11.21",
        "200406": "10.85",
        "200407": "10.24",
        "200408": "9.28",
        "200409": "9.60",
        "200410": "9.67",
        "200411": "9.46",
        "200412": "9.20",
        "200501": "9.42",
        "200502": "9.42",
        "200503": "9.51",
        "200504": "9.81",
        "200505": "9.22",
        "200506": "10.00",
        "200507": "12.83",
        "200508": "13.25",
        "200509": "12.49",
        "200510": "11.48",
        "200511": "11.63",
        "200512": "15.22",
        "200601": "14.77",
        "200602": "14.51",
        "200603": "15.36",
        "200604": "19.94",
        "200605": "20.91",
        "200606": "19.48",
        "200607": "18.38",
        "200608": "17.85",
        "200609": "16.13",
        "200610": "17.06",
        "200611": "17.03",
        "200612": "17.78",
        "200701": "17.52",
        "200702": "17.31",
        "200703": "16.13",
        "200704": "16.76",
        "200705": "16.04",
        "200706": "16.26",
        "200707": "20.18",
        "200708": "18.56",
        "200709": "17.81",
        "200710": "18.66",
        "200711": "15.60",
        "200712": "13.95",
        "200801": "14.45",
        "200802": "14.55",
        "200803": "15.90",
        "200804": "19.15",
        "200805": "18.94",
        "200806": "17.83",
        "200807": "15.62",
        "200808": "15.98",
        "200809": "13.25",
        "200810": "11.26",
        "200811": "9.71",
        "200812": "9.48",
        "200901": "10.33",
        "200902": "10.60",
        "200903": "11.94",
        "200904": "13.24",
        "200905": "13.50",
        "200906": "13.51",
        "200907": "15.24",
        "200908": "17.29",
        "200909": "19.21",
        "200910": "24.62",
        "200911": "24.67",
        "200912": "24.84",
        "201001": "22.81",
        "201002": "20.01",
        "201003": "23.70",
        "201004": "29.08",
        "201005": "25.47",
        "201006": "25.61",
        "201007": "28.02",
        "201008": "26.98",
        "201009": "24.87",
        "201010": "25.22",
        "201011": "23.22",
        "201012": "23.67",
        "201101": "24.12",
        "201102": "23.71",
        "201103": "25.74",
        "201104": "26.01",
        "201105": "24.86",
        "201106": "24.97",
        "201107": "25.44",
        "201108": "20.89",
        "201109": "19.09",
        "201110": "19.82",
        "201111": "19.05",
        "201112": "17.48",
        "201201": "18.41",
        "201202": "20.16",
        "201203": "20.49",
        "201204": "21.36",
        "201205": "21.16",
        "201206": "19.83",
        "201207": "19.72",
        "201208": "19.22",
        "201209": "19.86",
        "201210": "19.27",
        "201211": "16.80",
        "201212": "17.22",
        "201301": "17.52",
        "201302": "17.75",
        "201303": "17.97",
        "201304": "17.09",
        "201305": "17.00",
        "201306": "16.06",
        "201307": "14.97",
        "201308": "14.58",
        "201309": "14.54",
        "201310": "14.66",
        "201311": "12.95",
        "201312": "13.52",
        "201401": "14.30",
        "201402": "13.19",
        "201403": "13.58",
        "201404": "13.19",
        "201405": "12.50",
        "201406": "12.16",
        "201407": "11.89",
        "201408": "11.62",
        "201409": "11.61",
        "201410": "10.88",
        "201411": "11.00",
        "201412": "10.74",
        "201501": "10.80",
        "201502": "10.55",
        "201503": "10.76",
        "201504": "11.19",
        "201505": "10.68",
        "201506": "9.48",
        "201507": "8.53",
        "201508": "7.30",
        "201509": "8.14",
        "201510": "8.58",
        "201511": "7.80",
        "201512": "7.57",
        "201601": "7.27",
        "201602": "7.47",
        "201603": "9.56",
        "201604": "8.72",
        "201605": "7.49",
        "201606": "7.64",
        "201607": "7.92",
        "201608": "7.97",
        "201609": "7.96",
        "201610": "8.07",
        "201611": "7.40",
        "201612": "7.48",
        "201701": "7.70",
        "201702": "8.39",
        "201703": "8.50",
        "201704": "7.82",
        "201705": "7.92",
        "201706": "8.01",
        "201707": "7.82",
        "201708": "8.01",
        "201709": "9.47",
        "201710": "9.67",
        "201711": "9.56",
        "201712": "9.36",
        "201801": "10.28",
        "201802": "10.11",
        "201803": "10.24",
        "201804": "12.32",
        "201805": "11.99",
        "201806": "12.05",
        "201807": "10.62",
        "201808": "9.80",
        "201809": "9.78",
        "201810": "9.28",
        "201811": "8.80",
        "201812": "9.20",
        "201901": "9.33",
        "201902": "9.39",
        "201903": "9.96",
        "201904": "9.98",
        "201905": "9.97",
        "201906": "9.41",
        "201907": "9.46",
        "201908": "9.07",
        "201909": "9.04",
        "201910": "10.51",
        "201911": "10.77",
        "201912": "10.87",
        "202001": "11.27",
        "202002": "11.88",
        "202003": "11.81",
        "202004": "12.13",
        "202005": "13.30",
        "202006": "12.69",
        "202007": "11.33",
        "202008": "11.24",
        "202009": "11.53",
        "202010": "11.05",
        "202011": "11.24",
        "202012": "12.18",
        "202101": "13.42",
        "202102": "12.78",
        "202103": "12.91",
        "202104": "13.83",
        "202105": "11.41",
        "202106": "11.49",
        "202107": "11.41",
        "202108": "10.61",
        "202109": "10.16",
        "202110": "10.22",
        "202111": "14.05",
        "202112": "20.08",
        "202201": "19.70",
        "202202": "18.09",
        "202203": "18.48",
        "202204": "18.87",
        "202205": "18.46",
        "202206": "19.75",
        "202207": "19.15",
        "202208": "17.74",
        "202209": "16.03",
        "202210": "14.33",
        "202211": "14.22",
        "202212": "13.84",
        "202301": "13.23",
        "202302": "14.19",
        "202303": "15.22",
        "202304": "17.27",
        "202305": "17.88",
        "202306": "18.35"
    },
    "quarters": {
        "20011": {
            "year_quarter": 20011,
            "year": 2001,
            "quarter": 1,
            "eps": 0.27,
            "eps_growth_year": -40,
            "eps_4q": 0.49,
            "eps_4q_growth_year": -75.23,
            "roe": 2.04,
            "roe_4q": 2.04,
            "gross_profit": 164341,
            "gross_margin": 17.64,
            "gross_margin_4q_avg": 17.64,
            "net_income": 96409,
            "revenue": 931547,
            "common_shares": 3579634,
            "book_valuer_per_share": 13.3,
            "book_valuer_per_share_4q_avg": 13.3,
            "equity": 4761335,
            "current_ratio": 320.17,
            "debt_ratio": 23.13,
            "inventory_turnover_ratio": 1.62,
            "account_receivable_turnover_ratio": null,
            "reinvestment_rate": null,
            "research_to_sale_ratio": null,
            "price_fair": 0,
            "eps_avg_yearly": 0,
            "eps_latest_yearly": 0,
            "eps_growth_yearly": 0
        },
        "20012": {
            "year_quarter": 20012,
            "year": 2001,
            "quarter": 2,
            "eps": 0.01,
            "eps_growth_year": -96.67,
            "eps_4q": 0.23,
            "eps_4q_growth_year": -87.09,
            "roe": 0.06,
            "roe_4q": 2.1,
            "gross_profit": 125934,
            "gross_margin": 20.17,
            "gross_margin_4q_avg": 18.91,
            "net_income": 2763,
            "revenue": 624514,
            "common_shares": 3538034,
            "book_valuer_per_share": 13.01,
            "book_valuer_per_share_4q_avg": 13.16,
            "equity": 4601567,
            "current_ratio": 285.26,
            "debt_ratio": 24.55,
            "inventory_turnover_ratio": 1.19,
            "account_receivable_turnover_ratio": null,
            "reinvestment_rate": null,
            "research_to_sale_ratio": null,
            "price_fair": 0,
            "eps_avg_yearly": 0,
            "eps_latest_yearly": 0,
            "eps_growth_yearly": 0
        },
        "20013": {
            "year_quarter": 20013,
            "year": 2001,
            "quarter": 3,
            "eps": 0.08,
            "eps_growth_year": null,
            "eps_4q": 0.32,
            "eps_4q_growth_year": -76.09,
            "roe": 0.66,
            "roe_4q": 2.76,
            "gross_profit": 137648,
            "gross_margin": 19.87,
            "gross_margin_4q_avg": 19.23,
            "net_income": 30264,
            "revenue": 692623,
            "common_shares": 3601109,
            "book_valuer_per_share": 12.86,
            "book_valuer_per_share_4q_avg": 13.06,
            "equity": 4631831,
            "current_ratio": 301.98,
            "debt_ratio": 23.82,
            "inventory_turnover_ratio": 1.22,
            "account_receivable_turnover_ratio": null,
            "reinvestment_rate": null,
            "research_to_sale_ratio": null,
            "price_fair": 0,
            "eps_avg_yearly": 0,
            "eps_latest_yearly": 0,
            "eps_growth_yearly": 0
        },
        "20014": {
            "year_quarter": 20014,
            "year": 2001,
            "quarter": 4,
            "eps": 0.1,
            "eps_growth_year": null,
            "eps_4q": 0.44,
            "eps_4q_growth_year": -29.82,
            "roe": 0.81,
            "roe_4q": 3.5700000000000003,
            "gross_profit": 179356,
            "gross_margin": 20.2,
            "gross_margin_4q_avg": 19.47,
            "net_income": 37831,
            "revenue": 887831,
            "common_shares": 3601108,
            "book_valuer_per_share": 12.98,
            "book_valuer_per_share_4q_avg": 13.04,
            "equity": 4674621,
            "current_ratio": 308.09,
            "debt_ratio": 23.42,
            "inventory_turnover_ratio": 1.69,
            "account_receivable_turnover_ratio": null,
            "reinvestment_rate": null,
            "research_to_sale_ratio": null,
            "price_fair": 0,
            "eps_avg_yearly": 0,
            "eps_latest_yearly": 0,
            "eps_growth_yearly": 0
        },
        "20021": {
            "year_quarter": 20021,
            "year": 2002,
            "quarter": 1,
            "eps": 0.19,
            "eps_growth_year": -29.63,
            "eps_4q": 0.39,
            "eps_4q_growth_year": -20.59,
            "roe": 1.41,
            "roe_4q": 2.94,
            "gross_profit": 178417,
            "gross_margin": 22.19,
            "gross_margin_4q_avg": 20.61,
            "net_income": 66594,
            "revenue": 803881,
            "common_shares": 3601109,
            "book_valuer_per_share": 13.16,
            "book_valuer_per_share_4q_avg": 13,
            "equity": 4738931,
            "current_ratio": 320.19,
            "debt_ratio": 23.36,
            "inventory_turnover_ratio": 1.59,
            "account_receivable_turnover_ratio": null,
            "reinvestment_rate": null,
            "research_to_sale_ratio": null,
            "price_fair": 26.6,
            "eps_avg_yearly": 0.76,
            "eps_latest_yearly": 0.76,
            "eps_growth_yearly": 360
        },
        "20022": {
            "year_quarter": 20022,
            "year": 2002,
            "quarter": 2,
            "eps": 0,
            "eps_growth_year": -100,
            "eps_4q": 0.38,
            "eps_4q_growth_year": 60.93,
            "roe": 0.01,
            "roe_4q": 2.89,
            "gross_profit": 126060,
            "gross_margin": 20.43,
            "gross_margin_4q_avg": 20.67,
            "net_income": 687,
            "revenue": 616975,
            "common_shares": 3601108,
            "book_valuer_per_share": 12.64,
            "book_valuer_per_share_4q_avg": 12.91,
            "equity": 4553342,
            "current_ratio": 276.01,
            "debt_ratio": 25.04,
            "inventory_turnover_ratio": 1.13,
            "account_receivable_turnover_ratio": null,
            "reinvestment_rate": null,
            "research_to_sale_ratio": null,
            "price_fair": 26.6,
            "eps_avg_yearly": 0.76,
            "eps_latest_yearly": 0.76,
            "eps_growth_yearly": 360
        },
        "20023": {
            "year_quarter": 20023,
            "year": 2002,
            "quarter": 3,
            "eps": -0.02,
            "eps_growth_year": -125,
            "eps_4q": 0.28,
            "eps_4q_growth_year": -14.17,
            "roe": -0.13,
            "roe_4q": 2.0999999999999996,
            "gross_profit": 135283,
            "gross_margin": 20.83,
            "gross_margin_4q_avg": 20.91,
            "net_income": -6033,
            "revenue": 649474,
            "common_shares": 3601108,
            "book_valuer_per_share": 12.63,
            "book_valuer_per_share_4q_avg": 12.85,
            "equity": 4546539,
            "current_ratio": 269.11,
            "debt_ratio": 25.53,
            "inventory_turnover_ratio": 1.04,
            "account_receivable_turnover_ratio": null,
            "reinvestment_rate": null,
            "research_to_sale_ratio": null,
            "price_fair": 26.6,
            "eps_avg_yearly": 0.76,
            "eps_latest_yearly": 0.76,
            "eps_growth_yearly": 360
        },
        "20024": {
            "year_quarter": 20024,
            "year": 2002,
            "quarter": 4,
            "eps": 0.05,
            "eps_growth_year": -50,
            "eps_4q": 0.22,
            "eps_4q_growth_year": -51.16,
            "roe": 0.41,
            "roe_4q": 1.7,
            "gross_profit": 154510,
            "gross_margin": 20.17,
            "gross_margin_4q_avg": 20.91,
            "net_income": 18456,
            "revenue": 766052,
            "common_shares": 3601108,
            "book_valuer_per_share": 12.68,
            "book_valuer_per_share_4q_avg": 12.78,
            "equity": 4564485,
            "current_ratio": 330.7,
            "debt_ratio": 22.62,
            "inventory_turnover_ratio": 1.25,
            "account_receivable_turnover_ratio": null,
            "reinvestment_rate": -7.97,
            "research_to_sale_ratio": null,
            "price_fair": 26.6,
            "eps_avg_yearly": 0.76,
            "eps_latest_yearly": 0.76,
            "eps_growth_yearly": 360
        },
        "20031": {
            "year_quarter": 20031,
            "year": 2003,
            "quarter": 1,
            "eps": -0.02,
            "eps_growth_year": -110.53,
            "eps_4q": 0.02,
            "eps_4q_growth_year": -96.15,
            "roe": -0.16,
            "roe_4q": 0.12999999999999998,
            "gross_profit": 139635,
            "gross_margin": 18.95,
            "gross_margin_4q_avg": 20.1,
            "net_income": -7468,
            "revenue": 736757,
            "common_shares": 3601109,
            "book_valuer_per_share": 12.65,
            "book_valuer_per_share_4q_avg": 12.65,
            "equity": 4557018,
            "current_ratio": 344.43,
            "debt_ratio": 21.91,
            "inventory_turnover_ratio": 1.44,
            "account_receivable_turnover_ratio": null,
            "reinvestment_rate": -8.62,
            "research_to_sale_ratio": null,
            "price_fair": 26.6,
            "eps_avg_yearly": 0.76,
            "eps_latest_yearly": 0.76,
            "eps_growth_yearly": 360
        },
        "20032": {
            "year_quarter": 20032,
            "year": 2003,
            "quarter": 2,
            "eps": 0.07,
            "eps_growth_year": null,
            "eps_4q": 0.08,
            "eps_4q_growth_year": -77.67,
            "roe": 0.56,
            "roe_4q": 0.68,
            "gross_profit": 126309,
            "gross_margin": 20.7,
            "gross_margin_4q_avg": 20.16,
            "net_income": 24849,
            "revenue": 610101,
            "common_shares": 3601108,
            "book_valuer_per_share": 12.21,
            "book_valuer_per_share_4q_avg": 12.54,
            "equity": 4396707,
            "current_ratio": 264.64,
            "debt_ratio": 25.32,
            "inventory_turnover_ratio": 1.14,
            "account_receivable_turnover_ratio": null,
            "reinvestment_rate": -27.17,
            "research_to_sale_ratio": null,
            "price_fair": 26.6,
            "eps_avg_yearly": 0.76,
            "eps_latest_yearly": 0.76,
            "eps_growth_yearly": 360
        },
        "20033": {
            "year_quarter": 20033,
            "year": 2003,
            "quarter": 3,
            "eps": 0,
            "eps_growth_year": null,
            "eps_4q": 0.1,
            "eps_4q_growth_year": -63.52,
            "roe": 0.01,
            "roe_4q": 0.8200000000000001,
            "gross_profit": 115117,
            "gross_margin": 17.39,
            "gross_margin_4q_avg": 19.3,
            "net_income": 312,
            "revenue": 662024,
            "common_shares": 3601108,
            "book_valuer_per_share": 12.21,
            "book_valuer_per_share_4q_avg": 12.44,
            "equity": 4396839,
            "current_ratio": 249.22,
            "debt_ratio": 26.61,
            "inventory_turnover_ratio": 1.19,
            "account_receivable_turnover_ratio": null,
            "reinvestment_rate": -29.58,
            "research_to_sale_ratio": null,
            "price_fair": 26.6,
            "eps_avg_yearly": 0.76,
            "eps_latest_yearly": 0.76,
            "eps_growth_yearly": 360
        },
        "20034": {
            "year_quarter": 20034,
            "year": 2003,
            "quarter": 4,
            "eps": 1.52,
            "eps_growth_year": 2940,
            "eps_4q": 1.57,
            "eps_4q_growth_year": 626.74,
            "roe": 11.79,
            "roe_4q": 12.2,
            "gross_profit": 150088,
            "gross_margin": 19.29,
            "gross_margin_4q_avg": 19.08,
            "net_income": 546053,
            "revenue": 778168,
            "common_shares": 3601108,
            "book_valuer_per_share": 13.51,
            "book_valuer_per_share_4q_avg": 12.65,
            "equity": 4864429,
            "current_ratio": 369.7,
            "debt_ratio": 20.17,
            "inventory_turnover_ratio": 1.37,
            "account_receivable_turnover_ratio": null,
            "reinvestment_rate": -65.4,
            "research_to_sale_ratio": null,
            "price_fair": 26.6,
            "eps_avg_yearly": 0.76,
            "eps_latest_yearly": 0.76,
            "eps_growth_yearly": 360
        },
        "20041": {
            "year_quarter": 20041,
            "year": 2004,
            "quarter": 1,
            "eps": 0.07,
            "eps_growth_year": null,
            "eps_4q": 1.72,
            "eps_4q_growth_year": 11282.44,
            "roe": 0.5,
            "roe_4q": 12.86,
            "gross_profit": 215405,
            "gross_margin": 25.43,
            "gross_margin_4q_avg": 20.7,
            "net_income": 24235,
            "revenue": 847198,
            "common_shares": 3601108,
            "book_valuer_per_share": 13.57,
            "book_valuer_per_share_4q_avg": 12.88,
            "equity": 4888403,
            "current_ratio": 350.24,
            "debt_ratio": 21.05,
            "inventory_turnover_ratio": 1.25,
            "account_receivable_turnover_ratio": null,
            "reinvestment_rate": -71.55,
            "research_to_sale_ratio": null,
            "price_fair": 1.56,
            "eps_avg_yearly": 0.52,
            "eps_latest_yearly": 0.28,
            "eps_growth_yearly": -10.79
        },
        "20042": {
            "year_quarter": 20042,
            "year": 2004,
            "quarter": 2,
            "eps": 0.13,
            "eps_growth_year": 85.71,
            "eps_4q": 1.71,
            "eps_4q_growth_year": 1939.39,
            "roe": 0.99,
            "roe_4q": 13.29,
            "gross_profit": 200947,
            "gross_margin": 26.61,
            "gross_margin_4q_avg": 22.18,
            "net_income": 46882,
            "revenue": 755076,
            "common_shares": 3601108,
            "book_valuer_per_share": 12.67,
            "book_valuer_per_share_4q_avg": 12.99,
            "equity": 4563632,
            "current_ratio": 266.51,
            "debt_ratio": 25.35,
            "inventory_turnover_ratio": 1.03,
            "account_receivable_turnover_ratio": null,
            "reinvestment_rate": -75.98,
            "research_to_sale_ratio": null,
            "price_fair": 18.2,
            "eps_avg_yearly": 0.52,
            "eps_latest_yearly": 0.52,
            "eps_growth_yearly": 107.09
        },
        "20043": {
            "year_quarter": 20043,
            "year": 2004,
            "quarter": 3,
            "eps": 0.08,
            "eps_growth_year": null,
            "eps_4q": 1.79,
            "eps_4q_growth_year": 1682.08,
            "roe": 0.63,
            "roe_4q": 13.91,
            "gross_profit": 187033,
            "gross_margin": 25.69,
            "gross_margin_4q_avg": 24.26,
            "net_income": 28892,
            "revenue": 728135,
            "common_shares": 3601108,
            "book_valuer_per_share": 12.75,
            "book_valuer_per_share_4q_avg": 13.13,
            "equity": 4592524,
            "current_ratio": 370.55,
            "debt_ratio": 20.2,
            "inventory_turnover_ratio": 1.06,
            "account_receivable_turnover_ratio": null,
            "reinvestment_rate": -73.47,
            "research_to_sale_ratio": null,
            "price_fair": 16.45,
            "eps_avg_yearly": 0.47,
            "eps_latest_yearly": 0.32,
            "eps_growth_yearly": 41.86
        },
        "20044": {
            "year_quarter": 20044,
            "year": 2004,
            "quarter": 4,
            "eps": 0.21,
            "eps_growth_year": -86.18,
            "eps_4q": 0.49,
            "eps_4q_growth_year": -68.49,
            "roe": 1.6,
            "roe_4q": 3.7199999999999998,
            "gross_profit": 196639,
            "gross_margin": 24.41,
            "gross_margin_4q_avg": 25.54,
            "net_income": 73848,
            "revenue": 805420,
            "common_shares": 3601108,
            "book_valuer_per_share": 12.94,
            "book_valuer_per_share_4q_avg": 12.98,
            "equity": 4659776,
            "current_ratio": 365.49,
            "debt_ratio": 20.21,
            "inventory_turnover_ratio": 1.24,
            "account_receivable_turnover_ratio": null,
            "reinvestment_rate": -62.66,
            "research_to_sale_ratio": null,
            "price_fair": 19.04,
            "eps_avg_yearly": 0.54,
            "eps_latest_yearly": 0.84,
            "eps_growth_yearly": 163.49
        },
        "20051": {
            "year_quarter": 20051,
            "year": 2005,
            "quarter": 1,
            "eps": -0.03,
            "eps_growth_year": -142.86,
            "eps_4q": 0.37,
            "eps_4q_growth_year": -78.38,
            "roe": -0.24,
            "roe_4q": 2.9800000000000004,
            "gross_profit": 202137,
            "gross_margin": 26,
            "gross_margin_4q_avg": 25.68,
            "net_income": -11168,
            "revenue": 777520,
            "common_shares": 3601108,
            "book_valuer_per_share": 13.23,
            "book_valuer_per_share_4q_avg": 12.9,
            "equity": 4762718,
            "current_ratio": 362.05,
            "debt_ratio": 17.35,
            "inventory_turnover_ratio": 1.23,
            "account_receivable_turnover_ratio": null,
            "reinvestment_rate": -75.98,
            "research_to_sale_ratio": null,
            "price_fair": 19.04,
            "eps_avg_yearly": 0.54,
            "eps_latest_yearly": 0.84,
            "eps_growth_yearly": 163.49
        },
        "20052": {
            "year_quarter": 20052,
            "year": 2005,
            "quarter": 2,
            "eps": 0.24,
            "eps_growth_year": 84.62,
            "eps_4q": 0.49,
            "eps_4q_growth_year": -71.32,
            "roe": 1.84,
            "roe_4q": 3.83,
            "gross_profit": 190904,
            "gross_margin": 26.21,
            "gross_margin_4q_avg": 25.58,
            "net_income": 87518,
            "revenue": 728457,
            "common_shares": 3601108,
            "book_valuer_per_share": 13.16,
            "book_valuer_per_share_4q_avg": 13.02,
            "equity": 4740044,
            "current_ratio": 318.11,
            "debt_ratio": 19.17,
            "inventory_turnover_ratio": 1.2,
            "account_receivable_turnover_ratio": null,
            "reinvestment_rate": -84.45,
            "research_to_sale_ratio": null,
            "price_fair": 19.04,
            "eps_avg_yearly": 0.54,
            "eps_latest_yearly": 0.84,
            "eps_growth_yearly": 163.49
        },
        "20053": {
            "year_quarter": 20053,
            "year": 2005,
            "quarter": 3,
            "eps": 0.08,
            "eps_growth_year": 0,
            "eps_4q": 0.52,
            "eps_4q_growth_year": -70.84,
            "roe": 0.57,
            "roe_4q": 3.77,
            "gross_profit": 177319,
            "gross_margin": 25.69,
            "gross_margin_4q_avg": 25.58,
            "net_income": 27211,
            "revenue": 690286,
            "common_shares": 3601108,
            "book_valuer_per_share": 13.24,
            "book_valuer_per_share_4q_avg": 13.14,
            "equity": 4767114,
            "current_ratio": 353.86,
            "debt_ratio": 17.8,
            "inventory_turnover_ratio": 1.17,
            "account_receivable_turnover_ratio": null,
            "reinvestment_rate": -84.77,
            "research_to_sale_ratio": null,
            "price_fair": 17.73,
            "eps_avg_yearly": 0.51,
            "eps_latest_yearly": 0.32,
            "eps_growth_yearly": 91.79
        },
        "20054": {
            "year_quarter": 20054,
            "year": 2005,
            "quarter": 4,
            "eps": 0.56,
            "eps_growth_year": 166.67,
            "eps_4q": 0.85,
            "eps_4q_growth_year": 71.39,
            "roe": 4.08,
            "roe_4q": 6.25,
            "gross_profit": 188750,
            "gross_margin": 25.85,
            "gross_margin_4q_avg": 25.94,
            "net_income": 201835,
            "revenue": 730286,
            "common_shares": 3601108,
            "book_valuer_per_share": 14.13,
            "book_valuer_per_share_4q_avg": 13.44,
            "equity": 5137517,
            "current_ratio": 360.97,
            "debt_ratio": 20.27,
            "inventory_turnover_ratio": 1.03,
            "account_receivable_turnover_ratio": null,
            "reinvestment_rate": -64.79,
            "research_to_sale_ratio": null,
            "price_fair": 26.4,
            "eps_avg_yearly": 0.75,
            "eps_latest_yearly": 2.24,
            "eps_growth_yearly": 421.54
        },
        "20061": {
            "year_quarter": 20061,
            "year": 2006,
            "quarter": 1,
            "eps": 0.19,
            "eps_growth_year": null,
            "eps_4q": 1.05,
            "eps_4q_growth_year": 181.37,
            "roe": 1.36,
            "roe_4q": 7.8500000000000005,
            "gross_profit": 204379,
            "gross_margin": 25.88,
            "gross_margin_4q_avg": 25.91,
            "net_income": 70227,
            "revenue": 789749,
            "common_shares": 3601108,
            "book_valuer_per_share": 14.32,
            "book_valuer_per_share_4q_avg": 13.71,
            "equity": 5157957,
            "current_ratio": 349.34,
            "debt_ratio": 17.34,
            "inventory_turnover_ratio": 1.1,
            "account_receivable_turnover_ratio": null,
            "reinvestment_rate": -69.67,
            "research_to_sale_ratio": null,
            "price_fair": 26.4,
            "eps_avg_yearly": 0.75,
            "eps_latest_yearly": 0.76,
            "eps_growth_yearly": 332.35
        },
        "20062": {
            "year_quarter": 20062,
            "year": 2006,
            "quarter": 2,
            "eps": 0.62,
            "eps_growth_year": 158.33,
            "eps_4q": 1.46,
            "eps_4q_growth_year": 196.47,
            "roe": 4.27,
            "roe_4q": 10.280000000000001,
            "gross_profit": 194610,
            "gross_margin": 24.73,
            "gross_margin_4q_avg": 25.54,
            "net_income": 221946,
            "revenue": 786893,
            "common_shares": 3601108,
            "book_valuer_per_share": 14.52,
            "book_valuer_per_share_4q_avg": 14.05,
            "equity": 5230056,
            "current_ratio": 276.58,
            "debt_ratio": 19.91,
            "inventory_turnover_ratio": 1.28,
            "account_receivable_turnover_ratio": null,
            "reinvestment_rate": -53.11,
            "research_to_sale_ratio": null,
            "price_fair": 33.95,
            "eps_avg_yearly": 0.97,
            "eps_latest_yearly": 2.48,
            "eps_growth_yearly": 403.97
        },
        "20063": {
            "year_quarter": 20063,
            "year": 2006,
            "quarter": 3,
            "eps": 0.28,
            "eps_growth_year": 250,
            "eps_4q": 1.58,
            "eps_4q_growth_year": 202.39,
            "roe": 2.02,
            "roe_4q": 11.73,
            "gross_profit": 173312,
            "gross_margin": 25.68,
            "gross_margin_4q_avg": 25.54,
            "net_income": 106629,
            "revenue": 674938,
            "common_shares": 3817175,
            "book_valuer_per_share": 13.98,
            "book_valuer_per_share_4q_avg": 14.24,
            "equity": 5337362,
            "current_ratio": 257.91,
            "debt_ratio": 17.25,
            "inventory_turnover_ratio": 1.01,
            "account_receivable_turnover_ratio": null,
            "reinvestment_rate": -55.75,
            "research_to_sale_ratio": null,
            "price_fair": 34.53,
            "eps_avg_yearly": 0.99,
            "eps_latest_yearly": 1.12,
            "eps_growth_yearly": 334.71
        },
        "20064": {
            "year_quarter": 20064,
            "year": 2006,
            "quarter": 4,
            "eps": 0.64,
            "eps_growth_year": 14.29,
            "eps_4q": 1.68,
            "eps_4q_growth_year": 98.16,
            "roe": 4.17,
            "roe_4q": 11.819999999999999,
            "gross_profit": 155994,
            "gross_margin": 23.39,
            "gross_margin_4q_avg": 24.92,
            "net_income": 245630,
            "revenue": 667040,
            "common_shares": 3817175,
            "book_valuer_per_share": 14.62,
            "book_valuer_per_share_4q_avg": 14.36,
            "equity": 6434175,
            "current_ratio": 524.11,
            "debt_ratio": 14.35,
            "inventory_turnover_ratio": 0.93,
            "account_receivable_turnover_ratio": null,
            "reinvestment_rate": -22.91,
            "research_to_sale_ratio": null,
            "price_fair": 40.04,
            "eps_avg_yearly": 1.14,
            "eps_latest_yearly": 2.56,
            "eps_growth_yearly": 352.67
        },
        "20071": {
            "year_quarter": 20071,
            "year": 2007,
            "quarter": 1,
            "eps": 0.11,
            "eps_growth_year": -42.11,
            "eps_4q": 1.55,
            "eps_4q_growth_year": 48.57,
            "roe": 0.73,
            "roe_4q": 11.19,
            "gross_profit": 160953,
            "gross_margin": 21.57,
            "gross_margin_4q_avg": 23.84,
            "net_income": 43718,
            "revenue": 746078,
            "common_shares": 3817175,
            "book_valuer_per_share": 14.73,
            "book_valuer_per_share_4q_avg": 14.46,
            "equity": 5623073,
            "current_ratio": 321.6,
            "debt_ratio": 14.57,
            "inventory_turnover_ratio": 1.2,
            "account_receivable_turnover_ratio": null,
            "reinvestment_rate": -45.8,
            "research_to_sale_ratio": null,
            "price_fair": 37.8,
            "eps_avg_yearly": 1.08,
            "eps_latest_yearly": 0.44,
            "eps_growth_yearly": 290.49
        },
        "20072": {
            "year_quarter": 20072,
            "year": 2007,
            "quarter": 2,
            "eps": 0.32,
            "eps_growth_year": -48.39,
            "eps_4q": 1.37,
            "eps_4q_growth_year": -5.79,
            "roe": 2.19,
            "roe_4q": 9.11,
            "gross_profit": 198405,
            "gross_margin": 25.59,
            "gross_margin_4q_avg": 24.06,
            "net_income": 120480,
            "revenue": 775186,
            "common_shares": 3817175,
            "book_valuer_per_share": 14.03,
            "book_valuer_per_share_4q_avg": 14.34,
            "equity": 5356178,
            "current_ratio": 205.32,
            "debt_ratio": 21.88,
            "inventory_turnover_ratio": 1.34,
            "account_receivable_turnover_ratio": null,
            "reinvestment_rate": -44.96,
            "research_to_sale_ratio": null,
            "price_fair": 38.38,
            "eps_avg_yearly": 1.1,
            "eps_latest_yearly": 1.28,
            "eps_growth_yearly": 329.92
        },
        "20073": {
            "year_quarter": 20073,
            "year": 2007,
            "quarter": 3,
            "eps": 0.23,
            "eps_growth_year": -17.86,
            "eps_4q": 1.3,
            "eps_4q_growth_year": -17.64,
            "roe": 1.63,
            "roe_4q": 8.719999999999999,
            "gross_profit": 193627,
            "gross_margin": 26.21,
            "gross_margin_4q_avg": 24.19,
            "net_income": 88182,
            "revenue": 738851,
            "common_shares": 3817175,
            "book_valuer_per_share": 14.26,
            "book_valuer_per_share_4q_avg": 14.41,
            "equity": 5442965,
            "current_ratio": 277.65,
            "debt_ratio": 16.34,
            "inventory_turnover_ratio": 1.07,
            "account_receivable_turnover_ratio": null,
            "reinvestment_rate": -43.63,
            "research_to_sale_ratio": null,
            "price_fair": 37.91,
            "eps_avg_yearly": 1.08,
            "eps_latest_yearly": 0.92,
            "eps_growth_yearly": 295.89
        },
        "20074": {
            "year_quarter": 20074,
            "year": 2007,
            "quarter": 4,
            "eps": 0.55,
            "eps_growth_year": -14.06,
            "eps_4q": 1.22,
            "eps_4q_growth_year": -27.64,
            "roe": 3.49,
            "roe_4q": 8.040000000000001,
            "gross_profit": 194823,
            "gross_margin": 26.12,
            "gross_margin_4q_avg": 24.87,
            "net_income": 208715,
            "revenue": 745994,
            "common_shares": 3817175,
            "book_valuer_per_share": 14.77,
            "book_valuer_per_share_4q_avg": 14.45,
            "equity": 6508502,
            "current_ratio": 383.76,
            "debt_ratio": 16.4,
            "inventory_turnover_ratio": 0.89,
            "account_receivable_turnover_ratio": null,
            "reinvestment_rate": 37.91,
            "research_to_sale_ratio": null,
            "price_fair": 40.7,
            "eps_avg_yearly": 1.16,
            "eps_latest_yearly": 2.2,
            "eps_growth_yearly": 314.51
        },
        "20081": {
            "year_quarter": 20081,
            "year": 2008,
            "quarter": 1,
            "eps": 0.15,
            "eps_growth_year": 36.36,
            "eps_4q": 1.25,
            "eps_4q_growth_year": -19.47,
            "roe": 0.87,
            "roe_4q": 8.18,
            "gross_profit": 267070,
            "gross_margin": 20.34,
            "gross_margin_4q_avg": 24.57,
            "net_income": 56979,
            "revenue": 1313013,
            "common_shares": 3817175,
            "book_valuer_per_share": 14.91,
            "book_valuer_per_share_4q_avg": 14.49,
            "equity": 6552846,
            "current_ratio": 346.37,
            "debt_ratio": 17.95,
            "inventory_turnover_ratio": 1.57,
            "account_receivable_turnover_ratio": null,
            "reinvestment_rate": 37.37,
            "research_to_sale_ratio": null,
            "price_fair": 41.5,
            "eps_avg_yearly": 1.19,
            "eps_latest_yearly": 0.6,
            "eps_growth_yearly": 320.98
        },
        "20082": {
            "year_quarter": 20082,
            "year": 2008,
            "quarter": 2,
            "eps": 0.36,
            "eps_growth_year": 12.5,
            "eps_4q": 1.29,
            "eps_4q_growth_year": -5.78,
            "roe": 2.13,
            "roe_4q": 8.120000000000001,
            "gross_profit": 324778,
            "gross_margin": 22.47,
            "gross_margin_4q_avg": 23.79,
            "net_income": 137280,
            "revenue": 1445353,
            "common_shares": 3817175,
            "book_valuer_per_share": 13.99,
            "book_valuer_per_share_4q_avg": 14.48,
            "equity": 6341544,
            "current_ratio": 261.38,
            "debt_ratio": 23.4,
            "inventory_turnover_ratio": 1.63,
            "account_receivable_turnover_ratio": null,
            "reinvestment_rate": 36,
            "research_to_sale_ratio": null,
            "price_fair": 43.8,
            "eps_avg_yearly": 1.25,
            "eps_latest_yearly": 1.44,
            "eps_growth_yearly": 336.49
        },
        "20083": {
            "year_quarter": 20083,
            "year": 2008,
            "quarter": 3,
            "eps": 0.19,
            "eps_growth_year": -17.39,
            "eps_4q": 1.33,
            "eps_4q_growth_year": 2.59,
            "roe": 1.07,
            "roe_4q": 7.5600000000000005,
            "gross_profit": 251514,
            "gross_margin": 21.63,
            "gross_margin_4q_avg": 22.64,
            "net_income": 68231,
            "revenue": 1163044,
            "common_shares": 3817175,
            "book_valuer_per_share": 14.19,
            "book_valuer_per_share_4q_avg": 14.47,
            "equity": 6363375,
            "current_ratio": 345.16,
            "debt_ratio": 16.87,
            "inventory_turnover_ratio": 1.15,
            "account_receivable_turnover_ratio": null,
            "reinvestment_rate": 37.74,
            "research_to_sale_ratio": null,
            "price_fair": 44.9,
            "eps_avg_yearly": 1.28,
            "eps_latest_yearly": 0.76,
            "eps_growth_yearly": 333.99
        },
        "20084": {
            "year_quarter": 20084,
            "year": 2008,
            "quarter": 4,
            "eps": -0.08,
            "eps_growth_year": -114.55,
            "eps_4q": 1.09,
            "eps_4q_growth_year": -9.98,
            "roe": -1.97,
            "roe_4q": 2.1,
            "gross_profit": 123975,
            "gross_margin": 13.31,
            "gross_margin_4q_avg": 19.44,
            "net_income": -124108,
            "revenue": 931784,
            "common_shares": 3817175,
            "book_valuer_per_share": 14.07,
            "book_valuer_per_share_4q_avg": 14.29,
            "equity": 6215047,
            "current_ratio": 383.1,
            "debt_ratio": 16.35,
            "inventory_turnover_ratio": 1.07,
            "account_receivable_turnover_ratio": 1.96,
            "reinvestment_rate": 27.77,
            "research_to_sale_ratio": null,
            "price_fair": 46.09,
            "eps_avg_yearly": 1.32,
            "eps_latest_yearly": 0.76,
            "eps_growth_yearly": 309.68
        },
        "20091": {
            "year_quarter": 20091,
            "year": 2009,
            "quarter": 1,
            "eps": 0.21,
            "eps_growth_year": 40,
            "eps_4q": 0.76,
            "eps_4q_growth_year": -39.03,
            "roe": 1.23,
            "roe_4q": 2.46,
            "gross_profit": 247881,
            "gross_margin": 23.87,
            "gross_margin_4q_avg": 20.32,
            "net_income": 72178,
            "revenue": 1038421,
            "common_shares": 3817175,
            "book_valuer_per_share": 14.28,
            "book_valuer_per_share_4q_avg": 14.13,
            "equity": 5522014,
            "current_ratio": 330.02,
            "debt_ratio": 18.65,
            "inventory_turnover_ratio": 1.42,
            "account_receivable_turnover_ratio": 1.13,
            "reinvestment_rate": -8.65,
            "research_to_sale_ratio": null,
            "price_fair": 46.09,
            "eps_avg_yearly": 1.32,
            "eps_latest_yearly": 0.76,
            "eps_growth_yearly": 309.68
        },
        "20092": {
            "year_quarter": 20092,
            "year": 2009,
            "quarter": 2,
            "eps": -0.04,
            "eps_growth_year": -111.11,
            "eps_4q": 0.29,
            "eps_4q_growth_year": -77.6,
            "roe": -0.33,
            "roe_4q": 0,
            "gross_profit": 211510,
            "gross_margin": 21.46,
            "gross_margin_4q_avg": 20.07,
            "net_income": -17641,
            "revenue": 985635,
            "common_shares": 3817175,
            "book_valuer_per_share": 13.67,
            "book_valuer_per_share_4q_avg": 14.05,
            "equity": 5280412,
            "current_ratio": 262.02,
            "debt_ratio": 22.31,
            "inventory_turnover_ratio": 1.66,
            "account_receivable_turnover_ratio": 1.14,
            "reinvestment_rate": -7.74,
            "research_to_sale_ratio": null,
            "price_fair": 46.09,
            "eps_avg_yearly": 1.32,
            "eps_latest_yearly": 0.76,
            "eps_growth_yearly": 309.68
        },
        "20093": {
            "year_quarter": 20093,
            "year": 2009,
            "quarter": 3,
            "eps": 0.17,
            "eps_growth_year": -10.53,
            "eps_4q": 0.29,
            "eps_4q_growth_year": -78.6,
            "roe": 1.14,
            "roe_4q": 0.07000000000000006,
            "gross_profit": 221377,
            "gross_margin": 21.93,
            "gross_margin_4q_avg": 20.14,
            "net_income": 60475,
            "revenue": 1009453,
            "common_shares": 3817175,
            "book_valuer_per_share": 13.83,
            "book_valuer_per_share_4q_avg": 13.96,
            "equity": 5337704,
            "current_ratio": 314.92,
            "debt_ratio": 19.05,
            "inventory_turnover_ratio": 1.79,
            "account_receivable_turnover_ratio": 1.09,
            "reinvestment_rate": -6.6,
            "research_to_sale_ratio": null,
            "price_fair": 49,
            "eps_avg_yearly": 1.4,
            "eps_latest_yearly": 0.76,
            "eps_growth_yearly": 357.71
        },
        "20094": {
            "year_quarter": 20094,
            "year": 2009,
            "quarter": 4,
            "eps": 0.62,
            "eps_growth_year": null,
            "eps_4q": 0.97,
            "eps_4q_growth_year": -11.63,
            "roe": 4.25,
            "roe_4q": 6.289999999999999,
            "gross_profit": 291370,
            "gross_margin": 24.33,
            "gross_margin_4q_avg": 22.9,
            "net_income": 231965,
            "revenue": 1197573,
            "common_shares": 3817175,
            "book_valuer_per_share": 14.51,
            "book_valuer_per_share_4q_avg": 14.07,
            "equity": 5584272,
            "current_ratio": 308.38,
            "debt_ratio": 18.56,
            "inventory_turnover_ratio": 2.09,
            "account_receivable_turnover_ratio": 2.48,
            "reinvestment_rate": 119.44,
            "research_to_sale_ratio": null,
            "price_fair": 49.7,
            "eps_avg_yearly": 1.42,
            "eps_latest_yearly": 2.48,
            "eps_growth_yearly": 245.95
        },
        "20101": {
            "year_quarter": 20101,
            "year": 2010,
            "quarter": 1,
            "eps": 0.27,
            "eps_growth_year": 28.57,
            "eps_4q": 1.03,
            "eps_4q_growth_year": 34.96,
            "roe": 1.85,
            "roe_4q": 6.909999999999999,
            "gross_profit": 298678,
            "gross_margin": 20.91,
            "gross_margin_4q_avg": 22.16,
            "net_income": 104245,
            "revenue": 1428663,
            "common_shares": 3817175,
            "book_valuer_per_share": 14.78,
            "book_valuer_per_share_4q_avg": 14.2,
            "equity": 5684974,
            "current_ratio": 279.78,
            "debt_ratio": 20.12,
            "inventory_turnover_ratio": 2.36,
            "account_receivable_turnover_ratio": 1.24,
            "reinvestment_rate": 127.52,
            "research_to_sale_ratio": 1.94,
            "price_fair": 50.63,
            "eps_avg_yearly": 1.45,
            "eps_latest_yearly": 1.08,
            "eps_growth_yearly": 249.15
        },
        "20102": {
            "year_quarter": 20102,
            "year": 2010,
            "quarter": 2,
            "eps": 0.44,
            "eps_growth_year": null,
            "eps_4q": 1.51,
            "eps_4q_growth_year": 420.17,
            "roe": 2.96,
            "roe_4q": 10.200000000000001,
            "gross_profit": 263708,
            "gross_margin": 16.14,
            "gross_margin_4q_avg": 20.83,
            "net_income": 167462,
            "revenue": 1634090,
            "common_shares": 3817175,
            "book_valuer_per_share": 14.62,
            "book_valuer_per_share_4q_avg": 14.44,
            "equity": 5625665,
            "current_ratio": 259.06,
            "debt_ratio": 34.76,
            "inventory_turnover_ratio": 2.67,
            "account_receivable_turnover_ratio": 1.16,
            "reinvestment_rate": 138.08,
            "research_to_sale_ratio": 1.87,
            "price_fair": 48.53,
            "eps_avg_yearly": 1.39,
            "eps_latest_yearly": 1.76,
            "eps_growth_yearly": 194.7
        },
        "20103": {
            "year_quarter": 20103,
            "year": 2010,
            "quarter": 3,
            "eps": 0.25,
            "eps_growth_year": 47.78,
            "eps_4q": 1.59,
            "eps_4q_growth_year": 456.6,
            "roe": 1.66,
            "roe_4q": 10.72,
            "gross_profit": 247862,
            "gross_margin": 14.84,
            "gross_margin_4q_avg": 19.06,
            "net_income": 94002,
            "revenue": 1670358,
            "common_shares": 3817175,
            "book_valuer_per_share": 14.85,
            "book_valuer_per_share_4q_avg": 14.69,
            "equity": 5707898,
            "current_ratio": 257.52,
            "debt_ratio": 32.19,
            "inventory_turnover_ratio": 2.48,
            "account_receivable_turnover_ratio": 1.14,
            "reinvestment_rate": 182.2,
            "research_to_sale_ratio": 2.11,
            "price_fair": 48.18,
            "eps_avg_yearly": 1.38,
            "eps_latest_yearly": 1,
            "eps_growth_yearly": 198.59
        },
        "20104": {
            "year_quarter": 20104,
            "year": 2010,
            "quarter": 4,
            "eps": 0.37,
            "eps_growth_year": -40.57,
            "eps_4q": 1.31,
            "eps_4q_growth_year": 35.09,
            "roe": 2.47,
            "roe_4q": 8.94,
            "gross_profit": 283200,
            "gross_margin": 17.31,
            "gross_margin_4q_avg": 17.3,
            "net_income": 144636,
            "revenue": 1636265,
            "common_shares": 3927625,
            "book_valuer_per_share": 15.24,
            "book_valuer_per_share_4q_avg": 14.87,
            "equity": 6025366,
            "current_ratio": 231.85,
            "debt_ratio": 31.29,
            "inventory_turnover_ratio": 2.03,
            "account_receivable_turnover_ratio": 1.21,
            "reinvestment_rate": 177.52,
            "research_to_sale_ratio": 1.37,
            "price_fair": 45.03,
            "eps_avg_yearly": 1.29,
            "eps_latest_yearly": 1.48,
            "eps_growth_yearly": 171.73
        },
        "20111": {
            "year_quarter": 20111,
            "year": 2011,
            "quarter": 1,
            "eps": 0.35,
            "eps_growth_year": 29.63,
            "eps_4q": 1.39,
            "eps_4q_growth_year": 34.91,
            "roe": 2.25,
            "roe_4q": 9.34,
            "gross_profit": 311523,
            "gross_margin": 18.75,
            "gross_margin_4q_avg": 16.76,
            "net_income": 137210,
            "revenue": 1661046,
            "common_shares": 3927625,
            "book_valuer_per_share": 15.58,
            "book_valuer_per_share_4q_avg": 15.07,
            "equity": 6181347,
            "current_ratio": 247.33,
            "debt_ratio": 30.28,
            "inventory_turnover_ratio": 1.9,
            "account_receivable_turnover_ratio": 1.23,
            "reinvestment_rate": 194.85,
            "research_to_sale_ratio": 1.69,
            "price_fair": 47.83,
            "eps_avg_yearly": 1.37,
            "eps_latest_yearly": 1.4,
            "eps_growth_yearly": 197.53
        },
        "20112": {
            "year_quarter": 20112,
            "year": 2011,
            "quarter": 2,
            "eps": 0.4,
            "eps_growth_year": -8.63,
            "eps_4q": 1.36,
            "eps_4q_growth_year": -9.5,
            "roe": 2.62,
            "roe_4q": 9,
            "gross_profit": 302963,
            "gross_margin": 16.47,
            "gross_margin_4q_avg": 16.84,
            "net_income": 157442,
            "revenue": 1839631,
            "common_shares": 3927625,
            "book_valuer_per_share": 14.68,
            "book_valuer_per_share_4q_avg": 15.09,
            "equity": 5826645,
            "current_ratio": 135.37,
            "debt_ratio": 31.8,
            "inventory_turnover_ratio": 2.3,
            "account_receivable_turnover_ratio": 1.16,
            "reinvestment_rate": 212.19,
            "research_to_sale_ratio": 1.36,
            "price_fair": 48.77,
            "eps_avg_yearly": 1.39,
            "eps_latest_yearly": 1.6,
            "eps_growth_yearly": 138.66
        },
        "20113": {
            "year_quarter": 20113,
            "year": 2011,
            "quarter": 3,
            "eps": 0.31,
            "eps_growth_year": 21.59,
            "eps_4q": 1.41,
            "eps_4q_growth_year": -11.19,
            "roe": 2.02,
            "roe_4q": 9.360000000000001,
            "gross_profit": 283406,
            "gross_margin": 15.92,
            "gross_margin_4q_avg": 17.11,
            "net_income": 119940,
            "revenue": 1780551,
            "common_shares": 3931824,
            "book_valuer_per_share": 15.06,
            "book_valuer_per_share_4q_avg": 15.14,
            "equity": 6057992,
            "current_ratio": 147.64,
            "debt_ratio": 29.69,
            "inventory_turnover_ratio": 2.42,
            "account_receivable_turnover_ratio": 0.98,
            "reinvestment_rate": 207.97,
            "research_to_sale_ratio": 2,
            "price_fair": 49.7,
            "eps_avg_yearly": 1.42,
            "eps_latest_yearly": 1.24,
            "eps_growth_yearly": 140.53
        },
        "20114": {
            "year_quarter": 20114,
            "year": 2011,
            "quarter": 4,
            "eps": 0.29,
            "eps_growth_year": -21.78,
            "eps_4q": 1.34,
            "eps_4q_growth_year": 2.24,
            "roe": 1.83,
            "roe_4q": 8.72,
            "gross_profit": 488066,
            "gross_margin": 23.37,
            "gross_margin_4q_avg": 18.63,
            "net_income": 114109,
            "revenue": 2088849,
            "common_shares": 3984392,
            "book_valuer_per_share": 15.89,
            "book_valuer_per_share_4q_avg": 15.3,
            "equity": 6387629,
            "current_ratio": 146.42,
            "debt_ratio": 27.8,
            "inventory_turnover_ratio": 2.78,
            "account_receivable_turnover_ratio": 1.2,
            "reinvestment_rate": 192.36,
            "research_to_sale_ratio": 1.72,
            "price_fair": 46.67,
            "eps_avg_yearly": 1.33,
            "eps_latest_yearly": 1.16,
            "eps_growth_yearly": 92
        },
        "20121": {
            "year_quarter": 20121,
            "year": 2012,
            "quarter": 1,
            "eps": 0.35,
            "eps_growth_year": 0,
            "eps_4q": 1.34,
            "eps_4q_growth_year": -3.43,
            "roe": 2.17,
            "roe_4q": 8.64,
            "gross_profit": 335334,
            "gross_margin": 19.8,
            "gross_margin_4q_avg": 18.89,
            "net_income": 140008,
            "revenue": 1693772,
            "common_shares": 3984392,
            "book_valuer_per_share": 16.24,
            "book_valuer_per_share_4q_avg": 15.47,
            "equity": 6523782,
            "current_ratio": 147.43,
            "debt_ratio": 28.19,
            "inventory_turnover_ratio": 2.34,
            "account_receivable_turnover_ratio": 1.09,
            "reinvestment_rate": 188.01,
            "research_to_sale_ratio": 1.98,
            "price_fair": 49,
            "eps_avg_yearly": 1.4,
            "eps_latest_yearly": 1.4,
            "eps_growth_yearly": 123.14
        },
        "20122": {
            "year_quarter": 20122,
            "year": 2012,
            "quarter": 2,
            "eps": 0.35,
            "eps_growth_year": -11.89,
            "eps_4q": 1.3,
            "eps_4q_growth_year": -4.66,
            "roe": 2.2,
            "roe_4q": 8.22,
            "gross_profit": 346835,
            "gross_margin": 18.78,
            "gross_margin_4q_avg": 19.47,
            "net_income": 140226,
            "revenue": 1846923,
            "common_shares": 3984392,
            "book_valuer_per_share": 15.47,
            "book_valuer_per_share_4q_avg": 15.67,
            "equity": 6219971,
            "current_ratio": 125.35,
            "debt_ratio": 33.31,
            "inventory_turnover_ratio": 2.3,
            "account_receivable_turnover_ratio": 1.13,
            "reinvestment_rate": 191.66,
            "research_to_sale_ratio": 1.74,
            "price_fair": 48.88,
            "eps_avg_yearly": 1.4,
            "eps_latest_yearly": 1.4,
            "eps_growth_yearly": 76.48
        },
        "20123": {
            "year_quarter": 20123,
            "year": 2012,
            "quarter": 3,
            "eps": -0.56,
            "eps_growth_year": -284.95,
            "eps_4q": 0.43,
            "eps_4q_growth_year": -69.55,
            "roe": -3.72,
            "roe_4q": 2.48,
            "gross_profit": 330536,
            "gross_margin": 18.12,
            "gross_margin_4q_avg": 20.02,
            "net_income": -225451,
            "revenue": 1824592,
            "common_shares": 3984392,
            "book_valuer_per_share": 14.78,
            "book_valuer_per_share_4q_avg": 15.6,
            "equity": 5909359,
            "current_ratio": 100.67,
            "debt_ratio": 40.02,
            "inventory_turnover_ratio": 2.26,
            "account_receivable_turnover_ratio": 0.96,
            "reinvestment_rate": 259,
            "research_to_sale_ratio": 1.8,
            "price_fair": 50.91,
            "eps_avg_yearly": 1.45,
            "eps_latest_yearly": 1.4,
            "eps_growth_yearly": 100.6
        },
        "20124": {
            "year_quarter": 20124,
            "year": 2012,
            "quarter": 4,
            "eps": 0.11,
            "eps_growth_year": -61.23,
            "eps_4q": 0.25,
            "eps_4q_growth_year": -81.06,
            "roe": 0.69,
            "roe_4q": 1.3399999999999999,
            "gross_profit": 323499,
            "gross_margin": 18.97,
            "gross_margin_4q_avg": 18.92,
            "net_income": 41144,
            "revenue": 1705750,
            "common_shares": 3984392,
            "book_valuer_per_share": 14.89,
            "book_valuer_per_share_4q_avg": 15.35,
            "equity": 5949859,
            "current_ratio": 117.35,
            "debt_ratio": 40.17,
            "inventory_turnover_ratio": 1.84,
            "account_receivable_turnover_ratio": 0.88,
            "reinvestment_rate": 206.85,
            "research_to_sale_ratio": 2.45,
            "price_fair": 50.91,
            "eps_avg_yearly": 1.45,
            "eps_latest_yearly": 1.4,
            "eps_growth_yearly": 100.6
        },
        "20131": {
            "year_quarter": 20131,
            "year": 2013,
            "quarter": 1,
            "eps": 0.2,
            "eps_growth_year": -42.86,
            "eps_4q": 0.1,
            "eps_4q_growth_year": -92.87,
            "roe": 1.25,
            "roe_4q": 0.41999999999999993,
            "gross_profit": 189845,
            "gross_margin": 17.92,
            "gross_margin_4q_avg": 18.45,
            "net_income": 76406,
            "revenue": 1059219,
            "common_shares": 3984392,
            "book_valuer_per_share": 15.81,
            "book_valuer_per_share_4q_avg": 15.24,
            "equity": 6315305,
            "current_ratio": 145.08,
            "debt_ratio": 37.89,
            "inventory_turnover_ratio": 1.2,
            "account_receivable_turnover_ratio": 0.59,
            "reinvestment_rate": 331.79,
            "research_to_sale_ratio": 4.05,
            "price_fair": 49,
            "eps_avg_yearly": 1.4,
            "eps_latest_yearly": 0.8,
            "eps_growth_yearly": 119.49
        },
        "20132": {
            "year_quarter": 20132,
            "year": 2013,
            "quarter": 2,
            "eps": -0.18,
            "eps_growth_year": -150.9,
            "eps_4q": -0.44,
            "eps_4q_growth_year": -133.5,
            "roe": -1.17,
            "roe_4q": -2.95,
            "gross_profit": 161474,
            "gross_margin": 20.72,
            "gross_margin_4q_avg": 18.93,
            "net_income": -72405,
            "revenue": 779379,
            "common_shares": 3984392,
            "book_valuer_per_share": 15.18,
            "book_valuer_per_share_4q_avg": 15.17,
            "equity": 6061398,
            "current_ratio": 153.63,
            "debt_ratio": 40.34,
            "inventory_turnover_ratio": 0.94,
            "account_receivable_turnover_ratio": 0.51,
            "reinvestment_rate": 317.92,
            "research_to_sale_ratio": 5.68,
            "price_fair": 49,
            "eps_avg_yearly": 1.4,
            "eps_latest_yearly": 0.8,
            "eps_growth_yearly": 119.49
        },
        "20133": {
            "year_quarter": 20133,
            "year": 2013,
            "quarter": 3,
            "eps": 0.01,
            "eps_growth_year": null,
            "eps_4q": 0.14,
            "eps_4q_growth_year": -66.97,
            "roe": 0.07,
            "roe_4q": 0.8400000000000001,
            "gross_profit": 172684,
            "gross_margin": 23.75,
            "gross_margin_4q_avg": 20.34,
            "net_income": 4314,
            "revenue": 727103,
            "common_shares": 3984392,
            "book_valuer_per_share": 15.2,
            "book_valuer_per_share_4q_avg": 15.27,
            "equity": 6068597,
            "current_ratio": 132.21,
            "debt_ratio": 42.53,
            "inventory_turnover_ratio": 0.59,
            "account_receivable_turnover_ratio": 0.6,
            "reinvestment_rate": 298.88,
            "research_to_sale_ratio": 5.54,
            "price_fair": 49,
            "eps_avg_yearly": 1.4,
            "eps_latest_yearly": 0.8,
            "eps_growth_yearly": 119.49
        },
        "20134": {
            "year_quarter": 20134,
            "year": 2013,
            "quarter": 4,
            "eps": -1.38,
            "eps_growth_year": -1338.8,
            "eps_4q": -1.35,
            "eps_4q_growth_year": -635.7,
            "roe": -9.5,
            "roe_4q": -9.35,
            "gross_profit": 163058,
            "gross_margin": 25.59,
            "gross_margin_4q_avg": 22,
            "net_income": -553952,
            "revenue": 637279,
            "common_shares": 3984392,
            "book_valuer_per_share": 14.02,
            "book_valuer_per_share_4q_avg": 15.05,
            "equity": 5596331,
            "current_ratio": 131.6,
            "debt_ratio": 44.57,
            "inventory_turnover_ratio": 0.41,
            "account_receivable_turnover_ratio": 0.7,
            "reinvestment_rate": 262.26,
            "research_to_sale_ratio": 6.02,
            "price_fair": 45.56,
            "eps_avg_yearly": 1.3,
            "eps_latest_yearly": 0.8,
            "eps_growth_yearly": 34.1
        },
        "20141": {
            "year_quarter": 20141,
            "year": 2014,
            "quarter": 1,
            "eps": 0.01,
            "eps_growth_year": -95,
            "eps_4q": -1.54,
            "eps_4q_growth_year": -1712.12,
            "roe": 0.04,
            "roe_4q": -10.56,
            "gross_profit": 192895,
            "gross_margin": 25.72,
            "gross_margin_4q_avg": 23.95,
            "net_income": 2169,
            "revenue": 749942,
            "common_shares": 3984392,
            "book_valuer_per_share": 14.07,
            "book_valuer_per_share_4q_avg": 14.62,
            "equity": 5618604,
            "current_ratio": 81.94,
            "debt_ratio": 41.99,
            "inventory_turnover_ratio": 0.49,
            "account_receivable_turnover_ratio": 1.03,
            "reinvestment_rate": 306.68,
            "research_to_sale_ratio": 4.47,
            "price_fair": 46.34,
            "eps_avg_yearly": 1.32,
            "eps_latest_yearly": 0.8,
            "eps_growth_yearly": 60.09
        },
        "20142": {
            "year_quarter": 20142,
            "year": 2014,
            "quarter": 2,
            "eps": 0,
            "eps_growth_year": null,
            "eps_4q": -1.37,
            "eps_4q_growth_year": null,
            "roe": -0.02,
            "roe_4q": -9.41,
            "gross_profit": 155053,
            "gross_margin": 21.55,
            "gross_margin_4q_avg": 24.15,
            "net_income": -1105,
            "revenue": 719637,
            "common_shares": 3984392,
            "book_valuer_per_share": 13.93,
            "book_valuer_per_share_4q_avg": 14.31,
            "equity": 5560859,
            "current_ratio": 77.24,
            "debt_ratio": 41.25,
            "inventory_turnover_ratio": 0.53,
            "account_receivable_turnover_ratio": 1.02,
            "reinvestment_rate": 375.77,
            "research_to_sale_ratio": 4.69,
            "price_fair": 44.64,
            "eps_avg_yearly": 1.28,
            "eps_latest_yearly": 0.8,
            "eps_growth_yearly": 38.78
        },
        "20143": {
            "year_quarter": 20143,
            "year": 2014,
            "quarter": 3,
            "eps": 0,
            "eps_growth_year": -100,
            "eps_4q": -1.38,
            "eps_4q_growth_year": -1073.11,
            "roe": -0,
            "roe_4q": -9.48,
            "gross_profit": 161622,
            "gross_margin": 25.03,
            "gross_margin_4q_avg": 24.47,
            "net_income": -173,
            "revenue": 645816,
            "common_shares": 3984392,
            "book_valuer_per_share": 13.99,
            "book_valuer_per_share_4q_avg": 14,
            "equity": 5586918,
            "current_ratio": 77.34,
            "debt_ratio": 39.46,
            "inventory_turnover_ratio": 0.5,
            "account_receivable_turnover_ratio": 0.95,
            "reinvestment_rate": 250.52,
            "research_to_sale_ratio": 5.45,
            "price_fair": 45.85,
            "eps_avg_yearly": 1.31,
            "eps_latest_yearly": 0.8,
            "eps_growth_yearly": 65.22
        },
        "20144": {
            "year_quarter": 20144,
            "year": 2014,
            "quarter": 4,
            "eps": -0.7,
            "eps_growth_year": null,
            "eps_4q": -0.69,
            "eps_4q_growth_year": null,
            "roe": -5.09,
            "roe_4q": -5.069999999999999,
            "gross_profit": 141420,
            "gross_margin": 19.06,
            "gross_margin_4q_avg": 22.84,
            "net_income": -277434,
            "revenue": 742091,
            "common_shares": 3984392,
            "book_valuer_per_share": 13.33,
            "book_valuer_per_share_4q_avg": 13.83,
            "equity": 5323714,
            "current_ratio": 92.7,
            "debt_ratio": 37.84,
            "inventory_turnover_ratio": 0.65,
            "account_receivable_turnover_ratio": 1.08,
            "reinvestment_rate": null,
            "research_to_sale_ratio": 4.66,
            "price_fair": 45,
            "eps_avg_yearly": 1.29,
            "eps_latest_yearly": 0.8,
            "eps_growth_yearly": 47.11
        },
        "20151": {
            "year_quarter": 20151,
            "year": 2015,
            "quarter": 1,
            "eps": -0.11,
            "eps_growth_year": -1200,
            "eps_4q": -0.81,
            "eps_4q_growth_year": null,
            "roe": -0.85,
            "roe_4q": -5.959999999999999,
            "gross_profit": 189505,
            "gross_margin": 26.66,
            "gross_margin_4q_avg": 23.08,
            "net_income": -44790,
            "revenue": 710878,
            "common_shares": 3984392,
            "book_valuer_per_share": 13.13,
            "book_valuer_per_share_4q_avg": 13.6,
            "equity": 5241856,
            "current_ratio": 92.26,
            "debt_ratio": 35.17,
            "inventory_turnover_ratio": 0.59,
            "account_receivable_turnover_ratio": 1.04,
            "reinvestment_rate": null,
            "research_to_sale_ratio": 4.77,
            "price_fair": 44.33,
            "eps_avg_yearly": 1.27,
            "eps_latest_yearly": 0.8,
            "eps_growth_yearly": 58.56
        },
        "20152": {
            "year_quarter": 20152,
            "year": 2015,
            "quarter": 2,
            "eps": -0.36,
            "eps_growth_year": null,
            "eps_4q": -1.16,
            "eps_4q_growth_year": null,
            "roe": -2.76,
            "roe_4q": -8.7,
            "gross_profit": 146094,
            "gross_margin": 22.37,
            "gross_margin_4q_avg": 23.28,
            "net_income": -142190,
            "revenue": 652947,
            "common_shares": 3984392,
            "book_valuer_per_share": 12.64,
            "book_valuer_per_share_4q_avg": 13.27,
            "equity": 5047292,
            "current_ratio": 121.2,
            "debt_ratio": 35.38,
            "inventory_turnover_ratio": 0.6,
            "account_receivable_turnover_ratio": 1.06,
            "reinvestment_rate": null,
            "research_to_sale_ratio": 4.6,
            "price_fair": 42,
            "eps_avg_yearly": 1.2,
            "eps_latest_yearly": 0.8,
            "eps_growth_yearly": 58.84
        },
        "20153": {
            "year_quarter": 20153,
            "year": 2015,
            "quarter": 3,
            "eps": 0.65,
            "eps_growth_year": null,
            "eps_4q": -0.51,
            "eps_4q_growth_year": null,
            "roe": 5.04,
            "roe_4q": -3.6599999999999997,
            "gross_profit": 134124,
            "gross_margin": 21.13,
            "gross_margin_4q_avg": 22.31,
            "net_income": 260155,
            "revenue": 634793,
            "common_shares": 3984392,
            "book_valuer_per_share": 13.22,
            "book_valuer_per_share_4q_avg": 13.08,
            "equity": 5275837,
            "current_ratio": 141.9,
            "debt_ratio": 30.71,
            "inventory_turnover_ratio": 0.61,
            "account_receivable_turnover_ratio": 1.1,
            "reinvestment_rate": null,
            "research_to_sale_ratio": 4.95,
            "price_fair": 41.65,
            "eps_avg_yearly": 1.19,
            "eps_latest_yearly": 0.8,
            "eps_growth_yearly": 96.06
        },
        "20154": {
            "year_quarter": 20154,
            "year": 2015,
            "quarter": 4,
            "eps": -0.15,
            "eps_growth_year": null,
            "eps_4q": 0.03,
            "eps_4q_growth_year": null,
            "roe": -1.17,
            "roe_4q": 0.26000000000000034,
            "gross_profit": 166820,
            "gross_margin": 24.14,
            "gross_margin_4q_avg": 23.58,
            "net_income": -61170,
            "revenue": 691000,
            "common_shares": 3984392,
            "book_valuer_per_share": 13.06,
            "book_valuer_per_share_4q_avg": 13.01,
            "equity": 5211609,
            "current_ratio": 146.52,
            "debt_ratio": 29.71,
            "inventory_turnover_ratio": 0.69,
            "account_receivable_turnover_ratio": 1.22,
            "reinvestment_rate": null,
            "research_to_sale_ratio": 4.17,
            "price_fair": 42,
            "eps_avg_yearly": 1.2,
            "eps_latest_yearly": 0.8,
            "eps_growth_yearly": 136.68
        },
        "20161": {
            "year_quarter": 20161,
            "year": 2016,
            "quarter": 1,
            "eps": -0.01,
            "eps_growth_year": null,
            "eps_4q": 0.14,
            "eps_4q_growth_year": null,
            "roe": -0.08,
            "roe_4q": 1.0300000000000002,
            "gross_profit": 160121,
            "gross_margin": 23.01,
            "gross_margin_4q_avg": 22.66,
            "net_income": -4146,
            "revenue": 695903,
            "common_shares": 3984392,
            "book_valuer_per_share": 13.01,
            "book_valuer_per_share_4q_avg": 12.98,
            "equity": 5194057,
            "current_ratio": 147.18,
            "debt_ratio": 29.62,
            "inventory_turnover_ratio": 0.74,
            "account_receivable_turnover_ratio": 1.23,
            "reinvestment_rate": null,
            "research_to_sale_ratio": 4.22,
            "price_fair": 38.5,
            "eps_avg_yearly": 1.1,
            "eps_latest_yearly": 0.8,
            "eps_growth_yearly": 163.64
        },
        "20162": {
            "year_quarter": 20162,
            "year": 2016,
            "quarter": 2,
            "eps": -0.1,
            "eps_growth_year": null,
            "eps_4q": 0.39,
            "eps_4q_growth_year": null,
            "roe": -0.79,
            "roe_4q": 3,
            "gross_profit": 150282,
            "gross_margin": 23.2,
            "gross_margin_4q_avg": 22.87,
            "net_income": -40559,
            "revenue": 647708,
            "common_shares": 3984392,
            "book_valuer_per_share": 12.85,
            "book_valuer_per_share_4q_avg": 13.04,
            "equity": 5129112,
            "current_ratio": 146.96,
            "debt_ratio": 30.34,
            "inventory_turnover_ratio": 0.66,
            "account_receivable_turnover_ratio": 1.16,
            "reinvestment_rate": null,
            "research_to_sale_ratio": 4.47,
            "price_fair": 28,
            "eps_avg_yearly": 0.8,
            "eps_latest_yearly": 0.8,
            "eps_growth_yearly": 327.27
        },
        "20163": {
            "year_quarter": 20163,
            "year": 2016,
            "quarter": 3,
            "eps": -0.08,
            "eps_growth_year": -112.31,
            "eps_4q": -0.35,
            "eps_4q_growth_year": null,
            "roe": -0.65,
            "roe_4q": -2.69,
            "gross_profit": 136556,
            "gross_margin": 21.8,
            "gross_margin_4q_avg": 23.04,
            "net_income": -33158,
            "revenue": 626260,
            "common_shares": 3984392,
            "book_valuer_per_share": 12.66,
            "book_valuer_per_share_4q_avg": 12.9,
            "equity": 5053079,
            "current_ratio": 145.13,
            "debt_ratio": 30.94,
            "inventory_turnover_ratio": 0.62,
            "account_receivable_turnover_ratio": 1.12,
            "reinvestment_rate": null,
            "research_to_sale_ratio": 4.66,
            "price_fair": 28,
            "eps_avg_yearly": 0.8,
            "eps_latest_yearly": 0.8,
            "eps_growth_yearly": 327.27
        },
        "20164": {
            "year_quarter": 20164,
            "year": 2016,
            "quarter": 4,
            "eps": -1.96,
            "eps_growth_year": null,
            "eps_4q": -2.15,
            "eps_4q_growth_year": -6591.69,
            "roe": -16.8,
            "roe_4q": -18.319999999999997,
            "gross_profit": 130302,
            "gross_margin": 18.44,
            "gross_margin_4q_avg": 21.61,
            "net_income": -780224,
            "revenue": 706448,
            "common_shares": 3984392,
            "book_valuer_per_share": 10.61,
            "book_valuer_per_share_4q_avg": 12.28,
            "equity": 4235149,
            "current_ratio": 141.13,
            "debt_ratio": 36.65,
            "inventory_turnover_ratio": 0.65,
            "account_receivable_turnover_ratio": 1.22,
            "reinvestment_rate": null,
            "research_to_sale_ratio": 4.08,
            "price_fair": 28,
            "eps_avg_yearly": 0.8,
            "eps_latest_yearly": 0.8,
            "eps_growth_yearly": 327.27
        },
        "20171": {
            "year_quarter": 20171,
            "year": 2017,
            "quarter": 1,
            "eps": 0.03,
            "eps_growth_year": null,
            "eps_4q": -2.11,
            "eps_4q_growth_year": -1663.12,
            "roe": 0.29,
            "roe_4q": -17.95,
            "gross_profit": 159621,
            "gross_margin": 24.06,
            "gross_margin_4q_avg": 21.88,
            "net_income": 12214,
            "revenue": 663374,
            "common_shares": 3984392,
            "book_valuer_per_share": 10.64,
            "book_valuer_per_share_4q_avg": 11.69,
            "equity": 4248449,
            "current_ratio": 157.81,
            "debt_ratio": 35.45,
            "inventory_turnover_ratio": 0.53,
            "account_receivable_turnover_ratio": 1.19,
            "reinvestment_rate": null,
            "research_to_sale_ratio": 3.45,
            "price_fair": 0,
            "eps_avg_yearly": 0,
            "eps_latest_yearly": 0,
            "eps_growth_yearly": 0
        },
        "20172": {
            "year_quarter": 20172,
            "year": 2017,
            "quarter": 2,
            "eps": -0.16,
            "eps_growth_year": null,
            "eps_4q": -2.18,
            "eps_4q_growth_year": -657.67,
            "roe": -1.55,
            "roe_4q": -18.71,
            "gross_profit": 108538,
            "gross_margin": 17.07,
            "gross_margin_4q_avg": 20.34,
            "net_income": -65453,
            "revenue": 635989,
            "common_shares": 3984392,
            "book_valuer_per_share": 10.52,
            "book_valuer_per_share_4q_avg": 11.11,
            "equity": 4201306,
            "current_ratio": 159.31,
            "debt_ratio": 35.4,
            "inventory_turnover_ratio": 0.61,
            "account_receivable_turnover_ratio": 1.15,
            "reinvestment_rate": null,
            "research_to_sale_ratio": 3.5,
            "price_fair": 0,
            "eps_avg_yearly": 0,
            "eps_latest_yearly": 0,
            "eps_growth_yearly": 0
        },
        "20173": {
            "year_quarter": 20173,
            "year": 2017,
            "quarter": 3,
            "eps": -0.29,
            "eps_growth_year": null,
            "eps_4q": -2.39,
            "eps_4q_growth_year": null,
            "roe": -2.86,
            "roe_4q": -20.92,
            "gross_profit": 149079,
            "gross_margin": 21.73,
            "gross_margin_4q_avg": 20.33,
            "net_income": -120685,
            "revenue": 685931,
            "common_shares": 3984392,
            "book_valuer_per_share": 10.25,
            "book_valuer_per_share_4q_avg": 10.51,
            "equity": 4235606,
            "current_ratio": 186.21,
            "debt_ratio": 35.54,
            "inventory_turnover_ratio": 0.63,
            "account_receivable_turnover_ratio": 1.02,
            "reinvestment_rate": null,
            "research_to_sale_ratio": 3.82,
            "price_fair": 0,
            "eps_avg_yearly": 0,
            "eps_latest_yearly": 0,
            "eps_growth_yearly": 0
        },
        "20174": {
            "year_quarter": 20174,
            "year": 2017,
            "quarter": 4,
            "eps": 1.98,
            "eps_growth_year": null,
            "eps_4q": 1.55,
            "eps_4q_growth_year": null,
            "roe": 16.46,
            "roe_4q": 12.34,
            "gross_profit": 106209,
            "gross_margin": 14.75,
            "gross_margin_4q_avg": 19.4,
            "net_income": 761820,
            "revenue": 720293,
            "common_shares": 3984392,
            "book_valuer_per_share": 12.41,
            "book_valuer_per_share_4q_avg": 10.96,
            "equity": 5018757,
            "current_ratio": 230.73,
            "debt_ratio": 30.41,
            "inventory_turnover_ratio": 0.78,
            "account_receivable_turnover_ratio": 0.97,
            "reinvestment_rate": null,
            "research_to_sale_ratio": 4.38,
            "price_fair": 0,
            "eps_avg_yearly": 0,
            "eps_latest_yearly": 0,
            "eps_growth_yearly": 0
        },
        "20181": {
            "year_quarter": 20181,
            "year": 2018,
            "quarter": 1,
            "eps": 0,
            "eps_growth_year": -100,
            "eps_4q": 1.52,
            "eps_4q_growth_year": null,
            "roe": -0.51,
            "roe_4q": 11.540000000000001,
            "gross_profit": 118761,
            "gross_margin": 18.07,
            "gross_margin_4q_avg": 17.91,
            "net_income": -25416,
            "revenue": 657213,
            "common_shares": 3984392,
            "book_valuer_per_share": 12.36,
            "book_valuer_per_share_4q_avg": 11.39,
            "equity": 4962732,
            "current_ratio": 327.24,
            "debt_ratio": 20.8,
            "inventory_turnover_ratio": 0.87,
            "account_receivable_turnover_ratio": 0.89,
            "reinvestment_rate": null,
            "research_to_sale_ratio": 3.21,
            "price_fair": 0,
            "eps_avg_yearly": 0,
            "eps_latest_yearly": 0,
            "eps_growth_yearly": 0
        },
        "20182": {
            "year_quarter": 20182,
            "year": 2018,
            "quarter": 2,
            "eps": -0.1,
            "eps_growth_year": null,
            "eps_4q": 1.59,
            "eps_4q_growth_year": null,
            "roe": -0.97,
            "roe_4q": 12.120000000000001,
            "gross_profit": 139126,
            "gross_margin": 23.57,
            "gross_margin_4q_avg": 19.53,
            "net_income": -45620,
            "revenue": 590333,
            "common_shares": 3984392,
            "book_valuer_per_share": 11.21,
            "book_valuer_per_share_4q_avg": 11.56,
            "equity": 4467103,
            "current_ratio": 236.63,
            "debt_ratio": 26.99,
            "inventory_turnover_ratio": 0.82,
            "account_receivable_turnover_ratio": 0.81,
            "reinvestment_rate": null,
            "research_to_sale_ratio": 3.1,
            "price_fair": 0,
            "eps_avg_yearly": 0,
            "eps_latest_yearly": 0,
            "eps_growth_yearly": 0
        },
        "20183": {
            "year_quarter": 20183,
            "year": 2018,
            "quarter": 3,
            "eps": -0.08,
            "eps_growth_year": null,
            "eps_4q": 1.8,
            "eps_4q_growth_year": null,
            "roe": -0.75,
            "roe_4q": 14.23,
            "gross_profit": 123111,
            "gross_margin": 23.42,
            "gross_margin_4q_avg": 19.95,
            "net_income": -33275,
            "revenue": 525568,
            "common_shares": 3984392,
            "book_valuer_per_share": 11.15,
            "book_valuer_per_share_4q_avg": 11.78,
            "equity": 4442971,
            "current_ratio": 289.82,
            "debt_ratio": 21.69,
            "inventory_turnover_ratio": 0.77,
            "account_receivable_turnover_ratio": 0.73,
            "reinvestment_rate": null,
            "research_to_sale_ratio": 2.48,
            "price_fair": 0,
            "eps_avg_yearly": 0,
            "eps_latest_yearly": 0,
            "eps_growth_yearly": 0
        },
        "20184": {
            "year_quarter": 20184,
            "year": 2018,
            "quarter": 4,
            "eps": 0.35,
            "eps_growth_year": -82.39,
            "eps_4q": 0.17,
            "eps_4q_growth_year": -89.05,
            "roe": 3.09,
            "roe_4q": 0.8599999999999999,
            "gross_profit": 158622,
            "gross_margin": 27.42,
            "gross_margin_4q_avg": 23.12,
            "net_income": 138711,
            "revenue": 578490,
            "common_shares": 3984392,
            "book_valuer_per_share": 11.36,
            "book_valuer_per_share_4q_avg": 11.52,
            "equity": 4522968,
            "current_ratio": 357.84,
            "debt_ratio": 18.16,
            "inventory_turnover_ratio": 0.72,
            "account_receivable_turnover_ratio": 0.78,
            "reinvestment_rate": null,
            "research_to_sale_ratio": 1.54,
            "price_fair": 0,
            "eps_avg_yearly": 0,
            "eps_latest_yearly": 0,
            "eps_growth_yearly": 0
        },
        "20191": {
            "year_quarter": 20191,
            "year": 2019,
            "quarter": 1,
            "eps": 0.11,
            "eps_growth_year": null,
            "eps_4q": 0.28,
            "eps_4q_growth_year": -81.89,
            "roe": 0.94,
            "roe_4q": 2.3099999999999996,
            "gross_profit": 158976,
            "gross_margin": 27.7,
            "gross_margin_4q_avg": 25.53,
            "net_income": 42545,
            "revenue": 573832,
            "common_shares": 3984392,
            "book_valuer_per_share": 11.44,
            "book_valuer_per_share_4q_avg": 11.29,
            "equity": 4554866,
            "current_ratio": 413.4,
            "debt_ratio": 16.8,
            "inventory_turnover_ratio": 0.63,
            "account_receivable_turnover_ratio": 0.79,
            "reinvestment_rate": null,
            "research_to_sale_ratio": 1.41,
            "price_fair": 1.32,
            "eps_avg_yearly": 0.44,
            "eps_latest_yearly": 0.44,
            "eps_growth_yearly": -274.29
        },
        "20192": {
            "year_quarter": 20192,
            "year": 2019,
            "quarter": 2,
            "eps": 0.01,
            "eps_growth_year": null,
            "eps_4q": 0.39,
            "eps_4q_growth_year": -75.8,
            "roe": 0.12,
            "roe_4q": 3.4000000000000004,
            "gross_profit": 155822,
            "gross_margin": 26.06,
            "gross_margin_4q_avg": 26.15,
            "net_income": 5457,
            "revenue": 597984,
            "common_shares": 3984392,
            "book_valuer_per_share": 11.24,
            "book_valuer_per_share_4q_avg": 11.3,
            "equity": 4479391,
            "current_ratio": 148.37,
            "debt_ratio": 31.13,
            "inventory_turnover_ratio": 0.68,
            "account_receivable_turnover_ratio": 0.84,
            "reinvestment_rate": -3275.86,
            "research_to_sale_ratio": 1.28,
            "price_fair": 0.72,
            "eps_avg_yearly": 0.24,
            "eps_latest_yearly": 0.04,
            "eps_growth_yearly": -318.96
        },
        "20193": {
            "year_quarter": 20193,
            "year": 2019,
            "quarter": 3,
            "eps": -0.06,
            "eps_growth_year": null,
            "eps_4q": 0.4,
            "eps_4q_growth_year": -77.58,
            "roe": -0.58,
            "roe_4q": 3.57,
            "gross_profit": 176902,
            "gross_margin": 30.09,
            "gross_margin_4q_avg": 27.82,
            "net_income": -25932,
            "revenue": 587918,
            "common_shares": 3984392,
            "book_valuer_per_share": 11.3,
            "book_valuer_per_share_4q_avg": 11.34,
            "equity": 4503320,
            "current_ratio": 149.36,
            "debt_ratio": 30.72,
            "inventory_turnover_ratio": 0.66,
            "account_receivable_turnover_ratio": 0.93,
            "reinvestment_rate": null,
            "research_to_sale_ratio": 0.95,
            "price_fair": 0.72,
            "eps_avg_yearly": 0.24,
            "eps_latest_yearly": 0.04,
            "eps_growth_yearly": -318.96
        },
        "20194": {
            "year_quarter": 20194,
            "year": 2019,
            "quarter": 4,
            "eps": 2.07,
            "eps_growth_year": 493.12,
            "eps_4q": 2.13,
            "eps_4q_growth_year": 1151.43,
            "roe": 15.81,
            "roe_4q": 16.29,
            "gross_profit": 132658,
            "gross_margin": 22.3,
            "gross_margin_4q_avg": 26.54,
            "net_income": 740672,
            "revenue": 594757,
            "common_shares": 3585953,
            "book_valuer_per_share": 13.58,
            "book_valuer_per_share_4q_avg": 11.89,
            "equity": 4868882,
            "current_ratio": 215.27,
            "debt_ratio": 22.59,
            "inventory_turnover_ratio": 0.77,
            "account_receivable_turnover_ratio": 1.24,
            "reinvestment_rate": -434.99,
            "research_to_sale_ratio": 2.1,
            "price_fair": 0.72,
            "eps_avg_yearly": 0.24,
            "eps_latest_yearly": 0.04,
            "eps_growth_yearly": -318.96
        },
        "20201": {
            "year_quarter": 20201,
            "year": 2020,
            "quarter": 1,
            "eps": 0.05,
            "eps_growth_year": -54.55,
            "eps_4q": 2.05,
            "eps_4q_growth_year": 645.38,
            "roe": 0.34,
            "roe_4q": 15.690000000000001,
            "gross_profit": 157162,
            "gross_margin": 27.57,
            "gross_margin_4q_avg": 26.51,
            "net_income": 16664,
            "revenue": 569956,
            "common_shares": 3585953,
            "book_valuer_per_share": 13.41,
            "book_valuer_per_share_4q_avg": 12.38,
            "equity": 4810040,
            "current_ratio": 272.66,
            "debt_ratio": 28.41,
            "inventory_turnover_ratio": 0.75,
            "account_receivable_turnover_ratio": 1.39,
            "reinvestment_rate": -476.53,
            "research_to_sale_ratio": 1.11,
            "price_fair": 0.68,
            "eps_avg_yearly": 0.23,
            "eps_latest_yearly": 0.2,
            "eps_growth_yearly": -342.75
        },
        "20202": {
            "year_quarter": 20202,
            "year": 2020,
            "quarter": 2,
            "eps": 0.07,
            "eps_growth_year": 600,
            "eps_4q": 2.11,
            "eps_4q_growth_year": 448.3,
            "roe": 0.55,
            "roe_4q": 16.12,
            "gross_profit": 139042,
            "gross_margin": 27.39,
            "gross_margin_4q_avg": 26.84,
            "net_income": 25770,
            "revenue": 507553,
            "common_shares": 3585953,
            "book_valuer_per_share": 12.55,
            "book_valuer_per_share_4q_avg": 12.71,
            "equity": 4499667,
            "current_ratio": 195.36,
            "debt_ratio": 34.79,
            "inventory_turnover_ratio": 0.67,
            "account_receivable_turnover_ratio": 1.34,
            "reinvestment_rate": -419.33,
            "research_to_sale_ratio": 1.25,
            "price_fair": 0.72,
            "eps_avg_yearly": 0.24,
            "eps_latest_yearly": 0.28,
            "eps_growth_yearly": -217.07
        },
        "20203": {
            "year_quarter": 20203,
            "year": 2020,
            "quarter": 3,
            "eps": 0.07,
            "eps_growth_year": null,
            "eps_4q": 2.5,
            "eps_4q_growth_year": 519.19,
            "roe": 0.54,
            "roe_4q": 17.240000000000002,
            "gross_profit": 145503,
            "gross_margin": 28.27,
            "gross_margin_4q_avg": 26.38,
            "net_income": 23280,
            "revenue": 514689,
            "common_shares": 3227358,
            "book_valuer_per_share": 12.91,
            "book_valuer_per_share_4q_avg": 13.11,
            "equity": 4165554,
            "current_ratio": 210.53,
            "debt_ratio": 31.75,
            "inventory_turnover_ratio": 0.63,
            "account_receivable_turnover_ratio": 1.49,
            "reinvestment_rate": -375.7,
            "research_to_sale_ratio": 1.11,
            "price_fair": 0.74,
            "eps_avg_yearly": 0.25,
            "eps_latest_yearly": 0.28,
            "eps_growth_yearly": -173.65
        },
        "20204": {
            "year_quarter": 20204,
            "year": 2020,
            "quarter": 4,
            "eps": 0.04,
            "eps_growth_year": -98.06,
            "eps_4q": 0.24,
            "eps_4q_growth_year": -88.55,
            "roe": 0.31,
            "roe_4q": 1.7400000000000002,
            "gross_profit": 112960,
            "gross_margin": 23.44,
            "gross_margin_4q_avg": 26.67,
            "net_income": 12904,
            "revenue": 481848,
            "common_shares": 3227358,
            "book_valuer_per_share": 13.04,
            "book_valuer_per_share_4q_avg": 12.98,
            "equity": 4208206,
            "current_ratio": 244.4,
            "debt_ratio": 29.66,
            "inventory_turnover_ratio": 0.65,
            "account_receivable_turnover_ratio": 1.43,
            "reinvestment_rate": -128.59,
            "research_to_sale_ratio": 0.89,
            "price_fair": 0.7,
            "eps_avg_yearly": 0.23,
            "eps_latest_yearly": 0.16,
            "eps_growth_yearly": -173.28
        },
        "20211": {
            "year_quarter": 20211,
            "year": 2021,
            "quarter": 1,
            "eps": 0.08,
            "eps_growth_year": 60,
            "eps_4q": 0.27,
            "eps_4q_growth_year": -86.67,
            "roe": 0.63,
            "roe_4q": 2.0300000000000002,
            "gross_profit": 126456,
            "gross_margin": 27.44,
            "gross_margin_4q_avg": 26.64,
            "net_income": 26433,
            "revenue": 460847,
            "common_shares": 3227358,
            "book_valuer_per_share": 13.14,
            "book_valuer_per_share_4q_avg": 12.91,
            "equity": 4240547,
            "current_ratio": 247.67,
            "debt_ratio": 29.37,
            "inventory_turnover_ratio": 0.64,
            "account_receivable_turnover_ratio": 1.52,
            "reinvestment_rate": -112.11,
            "research_to_sale_ratio": 0.83,
            "price_fair": 0.74,
            "eps_avg_yearly": 0.25,
            "eps_latest_yearly": 0.32,
            "eps_growth_yearly": -91.38
        },
        "20212": {
            "year_quarter": 20212,
            "year": 2021,
            "quarter": 2,
            "eps": -0.07,
            "eps_growth_year": -200,
            "eps_4q": 0.12,
            "eps_4q_growth_year": -94.11,
            "roe": -0.53,
            "roe_4q": 0.95,
            "gross_profit": 124401,
            "gross_margin": 29.52,
            "gross_margin_4q_avg": 27.17,
            "net_income": -22477,
            "revenue": 421349,
            "common_shares": 3227358,
            "book_valuer_per_share": 13.06,
            "book_valuer_per_share_4q_avg": 13.04,
            "equity": 4213520,
            "current_ratio": 233.06,
            "debt_ratio": 30.67,
            "inventory_turnover_ratio": 0.55,
            "account_receivable_turnover_ratio": 1.55,
            "reinvestment_rate": -104.57,
            "research_to_sale_ratio": 0.65,
            "price_fair": 0.74,
            "eps_avg_yearly": 0.25,
            "eps_latest_yearly": 0.32,
            "eps_growth_yearly": -91.38
        },
        "20213": {
            "year_quarter": 20213,
            "year": 2021,
            "quarter": 3,
            "eps": 0.09,
            "eps_growth_year": 28.57,
            "eps_4q": 0.14,
            "eps_4q_growth_year": -94.2,
            "roe": 0.72,
            "roe_4q": 1.13,
            "gross_profit": 132348,
            "gross_margin": 31.06,
            "gross_margin_4q_avg": 27.87,
            "net_income": 29913,
            "revenue": 426126,
            "common_shares": 3227358,
            "book_valuer_per_share": 12.85,
            "book_valuer_per_share_4q_avg": 13.02,
            "equity": 4147783,
            "current_ratio": 226.69,
            "debt_ratio": 31.12,
            "inventory_turnover_ratio": 0.51,
            "account_receivable_turnover_ratio": 1.6,
            "reinvestment_rate": -67.6,
            "research_to_sale_ratio": 0.26,
            "price_fair": 0.74,
            "eps_avg_yearly": 0.25,
            "eps_latest_yearly": 0.32,
            "eps_growth_yearly": -91.38
        },
        "20214": {
            "year_quarter": 20214,
            "year": 2021,
            "quarter": 4,
            "eps": 0.76,
            "eps_growth_year": 1800.26,
            "eps_4q": 0.86,
            "eps_4q_growth_year": 254.98,
            "roe": 5.73,
            "roe_4q": 6.55,
            "gross_profit": 116906,
            "gross_margin": 24.87,
            "gross_margin_4q_avg": 28.22,
            "net_income": 245209,
            "revenue": 470102,
            "common_shares": 3227358,
            "book_valuer_per_share": 13.65,
            "book_valuer_per_share_4q_avg": 13.18,
            "equity": 4404143,
            "current_ratio": 234.78,
            "debt_ratio": 22.65,
            "inventory_turnover_ratio": 0.62,
            "account_receivable_turnover_ratio": 1.58,
            "reinvestment_rate": -90.38,
            "research_to_sale_ratio": 0.29,
            "price_fair": 20.83,
            "eps_avg_yearly": 0.6,
            "eps_latest_yearly": 3.04,
            "eps_growth_yearly": 292.26
        },
        "20221": {
            "year_quarter": 20221,
            "year": 2022,
            "quarter": 1,
            "eps": 0.07,
            "eps_growth_year": -12.5,
            "eps_4q": 0.86,
            "eps_4q_growth_year": 212.51,
            "roe": 0.53,
            "roe_4q": 6.45,
            "gross_profit": 112993,
            "gross_margin": 28.83,
            "gross_margin_4q_avg": 28.57,
            "net_income": 23571,
            "revenue": 391926,
            "common_shares": 3227358,
            "book_valuer_per_share": 13.7,
            "book_valuer_per_share_4q_avg": 13.32,
            "equity": 4422828,
            "current_ratio": 247.76,
            "debt_ratio": 21.39,
            "inventory_turnover_ratio": 0.5,
            "account_receivable_turnover_ratio": 1.44,
            "reinvestment_rate": -69.27,
            "research_to_sale_ratio": 0.26,
            "price_fair": 19.6,
            "eps_avg_yearly": 0.56,
            "eps_latest_yearly": 0.28,
            "eps_growth_yearly": 219.44
        },
        "20222": {
            "year_quarter": 20222,
            "year": 2022,
            "quarter": 2,
            "eps": 0.07,
            "eps_growth_year": null,
            "eps_4q": 0.99,
            "eps_4q_growth_year": 696.96,
            "roe": 0.49,
            "roe_4q": 7.47,
            "gross_profit": 114197,
            "gross_margin": 28.99,
            "gross_margin_4q_avg": 28.44,
            "net_income": 21208,
            "revenue": 393942,
            "common_shares": 3227358,
            "book_valuer_per_share": 12.92,
            "book_valuer_per_share_4q_avg": 13.28,
            "equity": 4170004,
            "current_ratio": 197.11,
            "debt_ratio": 26.57,
            "inventory_turnover_ratio": 0.51,
            "account_receivable_turnover_ratio": 1.64,
            "reinvestment_rate": -64.18,
            "research_to_sale_ratio": 0.25,
            "price_fair": 18.62,
            "eps_avg_yearly": 0.53,
            "eps_latest_yearly": 0.28,
            "eps_growth_yearly": 197.49
        },
        "20223": {
            "year_quarter": 20223,
            "year": 2022,
            "quarter": 3,
            "eps": 0.05,
            "eps_growth_year": -44.44,
            "eps_4q": 0.95,
            "eps_4q_growth_year": 557.16,
            "roe": 0.42,
            "roe_4q": 7.17,
            "gross_profit": 99224,
            "gross_margin": 25.28,
            "gross_margin_4q_avg": 26.99,
            "net_income": 17388,
            "revenue": 392456,
            "common_shares": 3227358,
            "book_valuer_per_share": 12.98,
            "book_valuer_per_share_4q_avg": 13.31,
            "equity": 4190062,
            "current_ratio": 237.42,
            "debt_ratio": 21.51,
            "inventory_turnover_ratio": 0.54,
            "account_receivable_turnover_ratio": 1.58,
            "reinvestment_rate": -62.97,
            "research_to_sale_ratio": 0.25,
            "price_fair": 17.56,
            "eps_avg_yearly": 0.5,
            "eps_latest_yearly": 0.2,
            "eps_growth_yearly": 169.15
        },
        "20224": {
            "year_quarter": 20224,
            "year": 2022,
            "quarter": 4,
            "eps": 0.05,
            "eps_growth_year": -93.82,
            "eps_4q": 0.24,
            "eps_4q_growth_year": -72.3,
            "roe": 0.36,
            "roe_4q": 1.8,
            "gross_profit": 111013,
            "gross_margin": 28.31,
            "gross_margin_4q_avg": 27.85,
            "net_income": 15147,
            "revenue": 392145,
            "common_shares": 3227358,
            "book_valuer_per_share": 13.04,
            "book_valuer_per_share_4q_avg": 13.16,
            "equity": 4207190,
            "current_ratio": 235.9,
            "debt_ratio": 21.77,
            "inventory_turnover_ratio": 0.56,
            "account_receivable_turnover_ratio": 1.55,
            "reinvestment_rate": -65.94,
            "research_to_sale_ratio": 0.22,
            "price_fair": 16.68,
            "eps_avg_yearly": 0.48,
            "eps_latest_yearly": 0.2,
            "eps_growth_yearly": 155.05
        },
        "20231": {
            "year_quarter": 20231,
            "year": 2023,
            "quarter": 1,
            "eps": 0.12,
            "eps_growth_year": 71.43,
            "eps_4q": 0.29,
            "eps_4q_growth_year": -66.17,
            "roe": 0.93,
            "roe_4q": 2.2,
            "gross_profit": 97264,
            "gross_margin": 29.52,
            "gross_margin_4q_avg": 28.03,
            "net_income": 39697,
            "revenue": 329452,
            "common_shares": 3227358,
            "book_valuer_per_share": 13.3,
            "book_valuer_per_share_4q_avg": 13.06,
            "equity": 4293684,
            "current_ratio": 253.91,
            "debt_ratio": 20.25,
            "inventory_turnover_ratio": 0.49,
            "account_receivable_turnover_ratio": 1.35,
            "reinvestment_rate": -65.9,
            "research_to_sale_ratio": 0.28,
            "price_fair": 16.8,
            "eps_avg_yearly": 0.48,
            "eps_latest_yearly": 0.48,
            "eps_growth_yearly": 224.58
        }
    },
    "months": {
        "2001-06": {
            "month": "2001-06",
            "price": "8.50",
            "revenue": 167525
        },
        "2001-07": {
            "month": "2001-07",
            "price": "7.48",
            "revenue": 221781
        },
        "2001-08": {
            "month": "2001-08",
            "price": "7.20",
            "revenue": 266993
        },
        "2001-09": {
            "month": "2001-09",
            "price": "6.80",
            "revenue": 199231
        },
        "2001-10": {
            "month": "2001-10",
            "price": "6.31",
            "revenue": 268678
        },
        "2001-11": {
            "month": "2001-11",
            "price": "6.25",
            "revenue": 283045
        },
        "2001-12": {
            "month": "2001-12",
            "price": "7.41",
            "revenue": 332223
        },
        "2002-01": {
            "month": "2002-01",
            "price": "7.94",
            "revenue": 318890
        },
        "2002-02": {
            "month": "2002-02",
            "price": "8.40",
            "revenue": 240523
        },
        "2002-03": {
            "month": "2002-03",
            "price": "9.22",
            "revenue": 241396
        },
        "2002-04": {
            "month": "2002-04",
            "price": "9.65",
            "revenue": 200493
        },
        "2002-05": {
            "month": "2002-05",
            "price": "9.38",
            "revenue": 239204
        },
        "2002-06": {
            "month": "2002-06",
            "price": "8.97",
            "revenue": 174972
        },
        "2002-07": {
            "month": "2002-07",
            "price": "8.70",
            "revenue": 216697
        },
        "2002-08": {
            "month": "2002-08",
            "price": "8.00",
            "revenue": 207635
        },
        "2002-09": {
            "month": "2002-09",
            "price": "7.01",
            "revenue": 222367
        },
        "2002-10": {
            "month": "2002-10",
            "price": "7.00",
            "revenue": 274197
        },
        "2002-11": {
            "month": "2002-11",
            "price": "7.44",
            "revenue": 243944
        },
        "2002-12": {
            "month": "2002-12",
            "price": "7.80",
            "revenue": 245620
        },
        "2003-01": {
            "month": "2003-01",
            "price": "8.58",
            "revenue": 296973
        },
        "2003-02": {
            "month": "2003-02",
            "price": "8.09",
            "revenue": 173993
        },
        "2003-03": {
            "month": "2003-03",
            "price": "7.64",
            "revenue": 263711
        },
        "2003-04": {
            "month": "2003-04",
            "price": "7.58",
            "revenue": 227826
        },
        "2003-05": {
            "month": "2003-05",
            "price": "7.38",
            "revenue": 196000
        },
        "2003-06": {
            "month": "2003-06",
            "price": "8.24",
            "revenue": 184245
        },
        "2003-07": {
            "month": "2003-07",
            "price": "8.62",
            "revenue": 222564
        },
        "2003-08": {
            "month": "2003-08",
            "price": "8.74",
            "revenue": 212428
        },
        "2003-09": {
            "month": "2003-09",
            "price": "8.58",
            "revenue": 224986
        },
        "2003-10": {
            "month": "2003-10",
            "price": "9.08",
            "revenue": 241093
        },
        "2003-11": {
            "month": "2003-11",
            "price": "8.80",
            "revenue": 255621
        },
        "2003-12": {
            "month": "2003-12",
            "price": "8.81",
            "revenue": 279966
        },
        "2004-01": {
            "month": "2004-01",
            "price": "9.25",
            "revenue": 290595
        },
        "2004-02": {
            "month": "2004-02",
            "price": "11.29",
            "revenue": 259517
        },
        "2004-03": {
            "month": "2004-03",
            "price": "11.22",
            "revenue": 295600
        },
        "2004-04": {
            "month": "2004-04",
            "price": "12.56",
            "revenue": 278857
        },
        "2004-05": {
            "month": "2004-05",
            "price": "11.21",
            "revenue": 239692
        },
        "2004-06": {
            "month": "2004-06",
            "price": "10.85",
            "revenue": 233772
        },
        "2004-07": {
            "month": "2004-07",
            "price": "10.24",
            "revenue": 255769
        },
        "2004-08": {
            "month": "2004-08",
            "price": "9.28",
            "revenue": 206731
        },
        "2004-09": {
            "month": "2004-09",
            "price": "9.60",
            "revenue": 262136
        },
        "2004-10": {
            "month": "2004-10",
            "price": "9.67",
            "revenue": 262013
        },
        "2004-11": {
            "month": "2004-11",
            "price": "9.46",
            "revenue": 258952
        },
        "2004-12": {
            "month": "2004-12",
            "price": "9.20",
            "revenue": 280676
        },
        "2005-01": {
            "month": "2005-01",
            "price": "9.42",
            "revenue": 294933
        },
        "2005-02": {
            "month": "2005-02",
            "price": "9.42",
            "revenue": 239425
        },
        "2005-03": {
            "month": "2005-03",
            "price": "9.51",
            "revenue": 239225
        },
        "2005-04": {
            "month": "2005-04",
            "price": "9.81",
            "revenue": 280009
        },
        "2005-05": {
            "month": "2005-05",
            "price": "9.22",
            "revenue": 203976
        },
        "2005-06": {
            "month": "2005-06",
            "price": "10.00",
            "revenue": 240454
        },
        "2005-07": {
            "month": "2005-07",
            "price": "12.83",
            "revenue": 222066
        },
        "2005-08": {
            "month": "2005-08",
            "price": "13.25",
            "revenue": 207022
        },
        "2005-09": {
            "month": "2005-09",
            "price": "12.49",
            "revenue": 256988
        },
        "2005-10": {
            "month": "2005-10",
            "price": "11.48",
            "revenue": 233215
        },
        "2005-11": {
            "month": "2005-11",
            "price": "11.63",
            "revenue": 255315
        },
        "2005-12": {
            "month": "2005-12",
            "price": "15.22",
            "revenue": 237510
        },
        "2006-01": {
            "month": "2006-01",
            "price": "14.77",
            "revenue": 311235
        },
        "2006-02": {
            "month": "2006-02",
            "price": "14.51",
            "revenue": 219585
        },
        "2006-03": {
            "month": "2006-03",
            "price": "15.36",
            "revenue": 254388
        },
        "2006-04": {
            "month": "2006-04",
            "price": "19.94",
            "revenue": 278938
        },
        "2006-05": {
            "month": "2006-05",
            "price": "20.91",
            "revenue": 251030
        },
        "2006-06": {
            "month": "2006-06",
            "price": "19.48",
            "revenue": 252270
        },
        "2006-07": {
            "month": "2006-07",
            "price": "18.38",
            "revenue": 244225
        },
        "2006-08": {
            "month": "2006-08",
            "price": "17.85",
            "revenue": 226265
        },
        "2006-09": {
            "month": "2006-09",
            "price": "16.13",
            "revenue": 199636
        },
        "2006-10": {
            "month": "2006-10",
            "price": "17.06",
            "revenue": 216637
        },
        "2006-11": {
            "month": "2006-11",
            "price": "17.03",
            "revenue": 222620
        },
        "2006-12": {
            "month": "2006-12",
            "price": "17.78",
            "revenue": 223999
        },
        "2007-01": {
            "month": "2007-01",
            "price": "17.52",
            "revenue": 296601
        },
        "2007-02": {
            "month": "2007-02",
            "price": "17.31",
            "revenue": 185076
        },
        "2007-03": {
            "month": "2007-03",
            "price": "16.13",
            "revenue": 256833
        },
        "2007-04": {
            "month": "2007-04",
            "price": "16.76",
            "revenue": 201495
        },
        "2007-05": {
            "month": "2007-05",
            "price": "16.04",
            "revenue": 262792
        },
        "2007-06": {
            "month": "2007-06",
            "price": "16.26",
            "revenue": 303261
        },
        "2007-07": {
            "month": "2007-07",
            "price": "20.18",
            "revenue": 273160
        },
        "2007-08": {
            "month": "2007-08",
            "price": "18.56",
            "revenue": 243413
        },
        "2007-09": {
            "month": "2007-09",
            "price": "17.81",
            "revenue": 214785
        },
        "2007-10": {
            "month": "2007-10",
            "price": "18.66",
            "revenue": 243181
        },
        "2007-11": {
            "month": "2007-11",
            "price": "15.60",
            "revenue": 230351
        },
        "2007-12": {
            "month": "2007-12",
            "price": "13.95",
            "revenue": 263245
        },
        "2008-01": {
            "month": "2008-01",
            "price": "14.45",
            "revenue": 331335
        },
        "2008-02": {
            "month": "2008-02",
            "price": "14.55",
            "revenue": 259684
        },
        "2008-03": {
            "month": "2008-03",
            "price": "15.90",
            "revenue": 414845
        },
        "2008-04": {
            "month": "2008-04",
            "price": "19.15",
            "revenue": 364351
        },
        "2008-05": {
            "month": "2008-05",
            "price": "18.94",
            "revenue": 323542
        },
        "2008-06": {
            "month": "2008-06",
            "price": "17.83",
            "revenue": 342961
        },
        "2008-07": {
            "month": "2008-07",
            "price": "15.62",
            "revenue": 375830
        },
        "2008-08": {
            "month": "2008-08",
            "price": "15.98",
            "revenue": 268133
        },
        "2008-09": {
            "month": "2008-09",
            "price": "13.25",
            "revenue": 285951
        },
        "2008-10": {
            "month": "2008-10",
            "price": "11.26",
            "revenue": 287947
        },
        "2008-11": {
            "month": "2008-11",
            "price": "9.71",
            "revenue": 302059
        },
        "2008-12": {
            "month": "2008-12",
            "price": "9.48",
            "revenue": 302435
        },
        "2009-01": {
            "month": "2009-01",
            "price": "10.33",
            "revenue": 341917
        },
        "2009-02": {
            "month": "2009-02",
            "price": "10.60",
            "revenue": 281953
        },
        "2009-03": {
            "month": "2009-03",
            "price": "11.94",
            "revenue": 355689
        },
        "2009-04": {
            "month": "2009-04",
            "price": "13.24",
            "revenue": 337792
        },
        "2009-05": {
            "month": "2009-05",
            "price": "13.50",
            "revenue": 292134
        },
        "2009-06": {
            "month": "2009-06",
            "price": "13.51",
            "revenue": 277740
        },
        "2009-07": {
            "month": "2009-07",
            "price": "15.24",
            "revenue": 328378
        },
        "2009-08": {
            "month": "2009-08",
            "price": "17.29",
            "revenue": 301393
        },
        "2009-09": {
            "month": "2009-09",
            "price": "19.21",
            "revenue": 318978
        },
        "2009-10": {
            "month": "2009-10",
            "price": "24.62",
            "revenue": 318242
        },
        "2009-11": {
            "month": "2009-11",
            "price": "24.67",
            "revenue": 388543
        },
        "2009-12": {
            "month": "2009-12",
            "price": "24.84",
            "revenue": 422652
        },
        "2010-01": {
            "month": "2010-01",
            "price": "22.81",
            "revenue": 435170
        },
        "2010-02": {
            "month": "2010-02",
            "price": "20.01",
            "revenue": 426247
        },
        "2010-03": {
            "month": "2010-03",
            "price": "23.70",
            "revenue": 508235
        },
        "2010-04": {
            "month": "2010-04",
            "price": "29.08",
            "revenue": 507973
        },
        "2010-05": {
            "month": "2010-05",
            "price": "25.47",
            "revenue": 505954
        },
        "2010-06": {
            "month": "2010-06",
            "price": "25.61",
            "revenue": 556446
        },
        "2010-07": {
            "month": "2010-07",
            "price": "28.02",
            "revenue": 557952
        },
        "2010-08": {
            "month": "2010-08",
            "price": "26.98",
            "revenue": 518110
        },
        "2010-09": {
            "month": "2010-09",
            "price": "24.87",
            "revenue": 530450
        },
        "2010-10": {
            "month": "2010-10",
            "price": "25.22",
            "revenue": 525454
        },
        "2010-11": {
            "month": "2010-11",
            "price": "23.22",
            "revenue": 519580
        },
        "2010-12": {
            "month": "2010-12",
            "price": "23.67",
            "revenue": 535616
        },
        "2011-01": {
            "month": "2011-01",
            "price": "24.12",
            "revenue": 537559
        },
        "2011-02": {
            "month": "2011-02",
            "price": "23.71",
            "revenue": 508596
        },
        "2011-03": {
            "month": "2011-03",
            "price": "25.74",
            "revenue": 513673
        },
        "2011-04": {
            "month": "2011-04",
            "price": "26.01",
            "revenue": 541680
        },
        "2011-05": {
            "month": "2011-05",
            "price": "24.86",
            "revenue": 549036
        },
        "2011-06": {
            "month": "2011-06",
            "price": "24.97",
            "revenue": 578602
        },
        "2011-07": {
            "month": "2011-07",
            "price": "25.44",
            "revenue": 569080
        },
        "2011-08": {
            "month": "2011-08",
            "price": "20.89",
            "revenue": 549241
        },
        "2011-09": {
            "month": "2011-09",
            "price": "19.09",
            "revenue": 621674
        },
        "2011-10": {
            "month": "2011-10",
            "price": "19.82",
            "revenue": 611984
        },
        "2011-11": {
            "month": "2011-11",
            "price": "19.05",
            "revenue": 668236
        },
        "2011-12": {
            "month": "2011-12",
            "price": "17.48",
            "revenue": 663469
        },
        "2012-01": {
            "month": "2012-01",
            "price": "18.41",
            "revenue": 549081
        },
        "2012-02": {
            "month": "2012-02",
            "price": "20.16",
            "revenue": 547578
        },
        "2012-03": {
            "month": "2012-03",
            "price": "20.49",
            "revenue": 578998
        },
        "2012-04": {
            "month": "2012-04",
            "price": "21.36",
            "revenue": 580258
        },
        "2012-05": {
            "month": "2012-05",
            "price": "21.16",
            "revenue": 631784
        },
        "2012-06": {
            "month": "2012-06",
            "price": "19.83",
            "revenue": 609063
        },
        "2012-07": {
            "month": "2012-07",
            "price": "19.72",
            "revenue": 602469
        },
        "2012-08": {
            "month": "2012-08",
            "price": "19.22",
            "revenue": 598228
        },
        "2012-09": {
            "month": "2012-09",
            "price": "19.86",
            "revenue": 604231
        },
        "2012-10": {
            "month": "2012-10",
            "price": "19.27",
            "revenue": 558812
        },
        "2012-11": {
            "month": "2012-11",
            "price": "16.80",
            "revenue": 581363
        },
        "2012-12": {
            "month": "2012-12",
            "price": "17.22",
            "revenue": 554059
        },
        "2013-01": {
            "month": "2013-01",
            "price": "17.52",
            "revenue": 498366
        },
        "2013-02": {
            "month": "2013-02",
            "price": "17.75",
            "revenue": 310728
        },
        "2013-03": {
            "month": "2013-03",
            "price": "17.97",
            "revenue": 250125
        },
        "2013-04": {
            "month": "2013-04",
            "price": "17.09",
            "revenue": 369963
        },
        "2013-05": {
            "month": "2013-05",
            "price": "17.00",
            "revenue": 250126
        },
        "2013-06": {
            "month": "2013-06",
            "price": "16.06",
            "revenue": 186414
        },
        "2013-07": {
            "month": "2013-07",
            "price": "14.97",
            "revenue": 255225
        },
        "2013-08": {
            "month": "2013-08",
            "price": "14.58",
            "revenue": 227016
        },
        "2013-09": {
            "month": "2013-09",
            "price": "14.54",
            "revenue": 217267
        },
        "2013-10": {
            "month": "2013-10",
            "price": "14.66",
            "revenue": 207360
        },
        "2013-11": {
            "month": "2013-11",
            "price": "12.95",
            "revenue": 254420
        },
        "2013-12": {
            "month": "2013-12",
            "price": "13.52",
            "revenue": 246548
        },
        "2014-01": {
            "month": "2014-01",
            "price": "14.30",
            "revenue": 279017
        },
        "2014-02": {
            "month": "2014-02",
            "price": "13.19",
            "revenue": 231824
        },
        "2014-03": {
            "month": "2014-03",
            "price": "13.58",
            "revenue": 239122
        },
        "2014-04": {
            "month": "2014-04",
            "price": "13.19",
            "revenue": 233770
        },
        "2014-05": {
            "month": "2014-05",
            "price": "12.50",
            "revenue": 240793
        },
        "2014-06": {
            "month": "2014-06",
            "price": "12.16",
            "revenue": 245046
        },
        "2014-07": {
            "month": "2014-07",
            "price": "11.89",
            "revenue": 231310
        },
        "2014-08": {
            "month": "2014-08",
            "price": "11.62",
            "revenue": 198707
        },
        "2014-09": {
            "month": "2014-09",
            "price": "11.61",
            "revenue": 215748
        },
        "2014-10": {
            "month": "2014-10",
            "price": "10.88",
            "revenue": 241654
        },
        "2014-11": {
            "month": "2014-11",
            "price": "11.00",
            "revenue": 231770
        },
        "2014-12": {
            "month": "2014-12",
            "price": "10.74",
            "revenue": 268615
        },
        "2015-01": {
            "month": "2015-01",
            "price": "10.80",
            "revenue": 255572
        },
        "2015-02": {
            "month": "2015-02",
            "price": "10.55",
            "revenue": 200790
        },
        "2015-03": {
            "month": "2015-03",
            "price": "10.76",
            "revenue": 255899
        },
        "2015-04": {
            "month": "2015-04",
            "price": "11.19",
            "revenue": 238287
        },
        "2015-05": {
            "month": "2015-05",
            "price": "10.68",
            "revenue": 205367
        },
        "2015-06": {
            "month": "2015-06",
            "price": "9.48",
            "revenue": 204492
        },
        "2015-07": {
            "month": "2015-07",
            "price": "8.53",
            "revenue": 214554
        },
        "2015-08": {
            "month": "2015-08",
            "price": "7.30",
            "revenue": 211342
        },
        "2015-09": {
            "month": "2015-09",
            "price": "8.14",
            "revenue": 209596
        },
        "2015-10": {
            "month": "2015-10",
            "price": "8.58",
            "revenue": 228729
        },
        "2015-11": {
            "month": "2015-11",
            "price": "7.80",
            "revenue": 225566
        },
        "2015-12": {
            "month": "2015-12",
            "price": "7.57",
            "revenue": 241990
        },
        "2016-01": {
            "month": "2016-01",
            "price": "7.27",
            "revenue": 257718
        },
        "2016-02": {
            "month": "2016-02",
            "price": "7.47",
            "revenue": 185531
        },
        "2016-03": {
            "month": "2016-03",
            "price": "9.56",
            "revenue": 252457
        },
        "2016-04": {
            "month": "2016-04",
            "price": "8.72",
            "revenue": 214778
        },
        "2016-05": {
            "month": "2016-05",
            "price": "7.49",
            "revenue": 215786
        },
        "2016-06": {
            "month": "2016-06",
            "price": "7.64",
            "revenue": 216934
        },
        "2016-07": {
            "month": "2016-07",
            "price": "7.92",
            "revenue": 213022
        },
        "2016-08": {
            "month": "2016-08",
            "price": "7.97",
            "revenue": 214724
        },
        "2016-09": {
            "month": "2016-09",
            "price": "7.96",
            "revenue": 203547
        },
        "2016-10": {
            "month": "2016-10",
            "price": "8.07",
            "revenue": 240417
        },
        "2016-11": {
            "month": "2016-11",
            "price": "7.40",
            "revenue": 220572
        },
        "2016-12": {
            "month": "2016-12",
            "price": "7.48",
            "revenue": 238177
        },
        "2017-01": {
            "month": "2017-01",
            "price": "7.70",
            "revenue": 235051
        },
        "2017-02": {
            "month": "2017-02",
            "price": "8.39",
            "revenue": 186225
        },
        "2017-03": {
            "month": "2017-03",
            "price": "8.50",
            "revenue": 242103
        },
        "2017-04": {
            "month": "2017-04",
            "price": "7.82",
            "revenue": 250686
        },
        "2017-05": {
            "month": "2017-05",
            "price": "7.92",
            "revenue": 199967
        },
        "2017-06": {
            "month": "2017-06",
            "price": "8.01",
            "revenue": 185342
        },
        "2017-07": {
            "month": "2017-07",
            "price": "7.82",
            "revenue": 251549
        },
        "2017-08": {
            "month": "2017-08",
            "price": "8.01",
            "revenue": 225785
        },
        "2017-09": {
            "month": "2017-09",
            "price": "9.47",
            "revenue": 206722
        },
        "2017-10": {
            "month": "2017-10",
            "price": "9.67",
            "revenue": 311701
        },
        "2017-11": {
            "month": "2017-11",
            "price": "9.56",
            "revenue": 204251
        },
        "2017-12": {
            "month": "2017-12",
            "price": "9.36",
            "revenue": 204798
        },
        "2018-01": {
            "month": "2018-01",
            "price": "10.28",
            "revenue": 274528
        },
        "2018-02": {
            "month": "2018-02",
            "price": "10.11",
            "revenue": 159142
        },
        "2018-03": {
            "month": "2018-03",
            "price": "10.24",
            "revenue": 205797
        },
        "2018-04": {
            "month": "2018-04",
            "price": "12.32",
            "revenue": 221983
        },
        "2018-05": {
            "month": "2018-05",
            "price": "11.99",
            "revenue": 202978
        },
        "2018-06": {
            "month": "2018-06",
            "price": "12.05",
            "revenue": 184429
        },
        "2018-07": {
            "month": "2018-07",
            "price": "10.62",
            "revenue": 177075
        },
        "2018-08": {
            "month": "2018-08",
            "price": "9.80",
            "revenue": 181278
        },
        "2018-09": {
            "month": "2018-09",
            "price": "9.78",
            "revenue": 167280
        },
        "2018-10": {
            "month": "2018-10",
            "price": "9.28",
            "revenue": 180934
        },
        "2018-11": {
            "month": "2018-11",
            "price": "8.80",
            "revenue": 192080
        },
        "2018-12": {
            "month": "2018-12",
            "price": "9.20",
            "revenue": 205492
        },
        "2019-01": {
            "month": "2019-01",
            "price": "9.33",
            "revenue": 226338
        },
        "2019-02": {
            "month": "2019-02",
            "price": "9.39",
            "revenue": 152833
        },
        "2019-03": {
            "month": "2019-03",
            "price": "9.96",
            "revenue": 194660
        },
        "2019-04": {
            "month": "2019-04",
            "price": "9.98",
            "revenue": 204744
        },
        "2019-05": {
            "month": "2019-05",
            "price": "9.97",
            "revenue": 203578
        },
        "2019-06": {
            "month": "2019-06",
            "price": "9.41",
            "revenue": 189656
        },
        "2019-07": {
            "month": "2019-07",
            "price": "9.46",
            "revenue": 198835
        },
        "2019-08": {
            "month": "2019-08",
            "price": "9.07",
            "revenue": 195345
        },
        "2019-09": {
            "month": "2019-09",
            "price": "9.04",
            "revenue": 187380
        },
        "2019-10": {
            "month": "2019-10",
            "price": "10.51",
            "revenue": 198437
        },
        "2019-11": {
            "month": "2019-11",
            "price": "10.77",
            "revenue": 198008
        },
        "2019-12": {
            "month": "2019-12",
            "price": "10.87",
            "revenue": 211223
        },
        "2020-01": {
            "month": "2020-01",
            "price": "11.27",
            "revenue": 172810
        },
        "2020-02": {
            "month": "2020-02",
            "price": "11.88",
            "revenue": 210706
        },
        "2020-03": {
            "month": "2020-03",
            "price": "11.81",
            "revenue": 180126
        },
        "2020-04": {
            "month": "2020-04",
            "price": "12.13",
            "revenue": 168646
        },
        "2020-05": {
            "month": "2020-05",
            "price": "13.30",
            "revenue": 162147
        },
        "2020-06": {
            "month": "2020-06",
            "price": "12.69",
            "revenue": 179172
        },
        "2020-07": {
            "month": "2020-07",
            "price": "11.33",
            "revenue": 183152
        },
        "2020-08": {
            "month": "2020-08",
            "price": "11.24",
            "revenue": 176437
        },
        "2020-09": {
            "month": "2020-09",
            "price": "11.53",
            "revenue": 159038
        },
        "2020-10": {
            "month": "2020-10",
            "price": "11.05",
            "revenue": 147703
        },
        "2020-11": {
            "month": "2020-11",
            "price": "11.24",
            "revenue": 160599
        },
        "2020-12": {
            "month": "2020-12",
            "price": "12.18",
            "revenue": 173175
        },
        "2021-01": {
            "month": "2021-01",
            "price": "13.42",
            "revenue": 182866
        },
        "2021-02": {
            "month": "2021-02",
            "price": "12.78",
            "revenue": 127187
        },
        "2021-03": {
            "month": "2021-03",
            "price": "12.91",
            "revenue": 150794
        },
        "2021-04": {
            "month": "2021-04",
            "price": "13.83",
            "revenue": 147596
        },
        "2021-05": {
            "month": "2021-05",
            "price": "11.41",
            "revenue": 145031
        },
        "2021-06": {
            "month": "2021-06",
            "price": "11.49",
            "revenue": 131457
        },
        "2021-07": {
            "month": "2021-07",
            "price": "11.41",
            "revenue": 140077
        },
        "2021-08": {
            "month": "2021-08",
            "price": "10.61",
            "revenue": 145213
        },
        "2021-09": {
            "month": "2021-09",
            "price": "10.16",
            "revenue": 139051
        },
        "2021-10": {
            "month": "2021-10",
            "price": "10.22",
            "revenue": 147914
        },
        "2021-11": {
            "month": "2021-11",
            "price": "14.05",
            "revenue": 172007
        },
        "2021-12": {
            "month": "2021-12",
            "price": "20.08",
            "revenue": 151535
        },
        "2022-01": {
            "month": "2022-01",
            "price": "19.70",
            "revenue": 142331
        },
        "2022-02": {
            "month": "2022-02",
            "price": "18.09",
            "revenue": 101511
        },
        "2022-03": {
            "month": "2022-03",
            "price": "18.48",
            "revenue": 148084
        },
        "2022-04": {
            "month": "2022-04",
            "price": "18.87",
            "revenue": 136514
        },
        "2022-05": {
            "month": "2022-05",
            "price": "18.46",
            "revenue": 147132
        },
        "2022-06": {
            "month": "2022-06",
            "price": "19.75",
            "revenue": 138133
        },
        "2022-07": {
            "month": "2022-07",
            "price": "19.15",
            "revenue": 126845
        },
        "2022-08": {
            "month": "2022-08",
            "price": "17.74",
            "revenue": 140844
        },
        "2022-09": {
            "month": "2022-09",
            "price": "16.03",
            "revenue": 124767
        },
        "2022-10": {
            "month": "2022-10",
            "price": "14.33",
            "revenue": 127974
        },
        "2022-11": {
            "month": "2022-11",
            "price": "14.22",
            "revenue": 131678
        },
        "2022-12": {
            "month": "2022-12",
            "price": "13.84",
            "revenue": 132493
        },
        "2023-01": {
            "month": "2023-01",
            "price": "13.23",
            "revenue": 105013
        },
        "2023-02": {
            "month": "2023-02",
            "price": "14.19",
            "revenue": 99403
        },
        "2023-03": {
            "month": "2023-03",
            "price": "15.22",
            "revenue": 125036
        },
        "2023-04": {
            "month": "2023-04",
            "price": "17.27",
            "revenue": 96403
        },
        "2023-05": {
            "month": "2023-05",
            "price": "17.88",
            "revenue": 108068
        }
    }
}
