{
    "summary": {
        "stock_name": "宏泰",
        "stock_id": "1612",
        "category": "電器電纜",
        "main_business": "各種電線、電纜之製造、加工、銷售<br>太陽能電纜及通信線纜之製造與銷售",
        "website_url": "http://www.hong-tai.com.tw",
        "ceo": "黎文斌",
        "pe_ratio": 14,
        "report_year_from": 2001,
        "report_year_to": 2023,
        "age": 23,
        "eps_negative_percentage": 4,
        "eps_growth_avg": {
            "last_all": 20.16,
            "last_2y": 13.6,
            "last_4y": 41.85,
            "last_8y": 31.48,
            "last_12y": 18.09,
            "last_16y": 18.7,
            "last_20y": 20.16,
            "at_2006_last_3y": 26.34,
            "at_2007_last_3y": 36.53,
            "at_2008_last_3y": 9.86,
            "at_2009_last_3y": 19.31,
            "at_2010_last_3y": 20.7,
            "at_2011_last_3y": 0.71,
            "at_2012_last_3y": 9.73,
            "at_2013_last_3y": -24.36,
            "at_2014_last_3y": -12.03,
            "at_2015_last_3y": -18.97,
            "at_2016_last_3y": 19.81,
            "at_2017_last_3y": 53.9,
            "at_2018_last_3y": 18.51,
            "at_2019_last_3y": 56.72,
            "at_2020_last_3y": 56.72,
            "at_2021_last_3y": 56.72,
            "at_2022_last_3y": 45.39,
            "at_2023_last_3y": 35.2,
            "at_2024_last_3y": 35.2,
            "at_2006_last_all": 26.34,
            "at_2007_last_all": 25.74,
            "at_2008_last_all": 6.25,
            "at_2009_last_all": 19.64,
            "at_2010_last_all": 23.52,
            "at_2011_last_all": 14.61,
            "at_2012_last_all": 7.64,
            "at_2013_last_all": 3.64,
            "at_2014_last_all": 11.67,
            "at_2015_last_all": 4.28,
            "at_2016_last_all": 11.12,
            "at_2017_last_all": 17.04,
            "at_2018_last_all": 13.38,
            "at_2019_last_all": 16.62,
            "at_2020_last_all": 21.25,
            "at_2021_last_all": 25.4,
            "at_2022_last_all": 19.78,
            "at_2023_last_all": 20.16,
            "at_2024_last_all": 20.16
        },
        "latest_eps": 1.85,
        "latest_price": 26.75,
        "latest_roe": 8.25,
        "latest_gross_margin": 11.42,
        "latest_equity": 7256443,
        "latest_revenue": 1636528,
        "latest_gross_profit": 186846,
        "latest_net_income": 122044,
        "latest_debt_ratio": 9.72,
        "latest_current_ratio": 809.72,
        "latest_account_receivable_turnover_ratio": 1.81,
        "latest_inventory_turnover_ratio": 0.78,
        "latest_reinvestment_rate": -6.77,
        "latest_research_to_sale_ratio": null
    },
    "eps_dividends": {
        "1991": {
            "cash": 0,
            "stock": 1.55,
            "eps": 0
        },
        "1992": {
            "cash": 0,
            "stock": 1.96,
            "eps": 0
        },
        "1993": {
            "cash": 0,
            "stock": 2,
            "eps": 0
        },
        "1994": {
            "cash": 0,
            "stock": 2.5,
            "eps": 0
        },
        "1995": {
            "cash": 0,
            "stock": 2,
            "eps": 0
        },
        "1996": {
            "cash": 0.5,
            "stock": 1,
            "eps": 0
        },
        "1997": {
            "cash": 0,
            "stock": 2.5,
            "eps": 0
        },
        "1998": {
            "cash": 0,
            "stock": 2,
            "eps": 0
        },
        "1999": {
            "cash": 0.35,
            "stock": 0.2,
            "eps": 0
        },
        "2001": {
            "cash": 0.5,
            "stock": 0.5,
            "eps": -0.34
        },
        "2002": {
            "cash": 0,
            "stock": 0,
            "eps": 0.86
        },
        "2003": {
            "cash": 0.7,
            "stock": 0,
            "eps": 0.71
        },
        "2004": {
            "cash": 0,
            "stock": 0,
            "eps": 0.82
        },
        "2005": {
            "cash": 0.45,
            "stock": 0,
            "eps": 1.33
        },
        "2006": {
            "cash": 0.8,
            "stock": 0,
            "eps": 1.93
        },
        "2007": {
            "cash": 1.2,
            "stock": 0,
            "eps": 2.38
        },
        "2008": {
            "cash": 1.6,
            "stock": 0,
            "eps": 0.21
        },
        "2009": {
            "cash": 0.26,
            "stock": 0,
            "eps": 0.75
        },
        "2010": {
            "cash": 0.5,
            "stock": 0,
            "eps": 1.13
        },
        "2011": {
            "cash": 0.8999999999999999,
            "stock": 0,
            "eps": 0.49
        },
        "2012": {
            "cash": 0,
            "stock": 0,
            "eps": 0.22
        },
        "2013": {
            "cash": 0.22,
            "stock": 0,
            "eps": 0.14
        },
        "2014": {
            "cash": 0.75,
            "stock": 0,
            "eps": 0.77
        },
        "2015": {
            "cash": 0.6,
            "stock": 0,
            "eps": 0.12
        },
        "2016": {
            "cash": 0.26,
            "stock": 0,
            "eps": 0.3
        },
        "2017": {
            "cash": 0.28,
            "stock": 0,
            "eps": 0.65
        },
        "2018": {
            "cash": 0.5,
            "stock": 0,
            "eps": 0.38
        },
        "2019": {
            "cash": 0.32,
            "stock": 0,
            "eps": 0.64
        },
        "2020": {
            "cash": 0.5,
            "stock": 0,
            "eps": 1.64
        },
        "2021": {
            "cash": 1.2,
            "stock": 0,
            "eps": 8.53
        },
        "2022": {
            "cash": 2.8,
            "stock": 0,
            "eps": 1.12
        },
        "2023": {
            "cash": 1.5,
            "stock": 0,
            "eps": 1.43
        }
    },
    "dividends": {
        "1991-06-19": {
            "cash": 0,
            "stock": 1.55
        },
        "1992-04-21": {
            "cash": 0,
            "stock": 1.96
        },
        "1993-03-16": {
            "cash": 0,
            "stock": 2
        },
        "1994-04-15": {
            "cash": 0,
            "stock": 2.5
        },
        "1995-04-22": {
            "cash": 0,
            "stock": 2
        },
        "1996-05-25": {
            "cash": 0.5,
            "stock": 1
        },
        "1997-05-03": {
            "cash": 0,
            "stock": 2.5
        },
        "1998-04-28": {
            "cash": 0,
            "stock": 2
        },
        "1999-06-04": {
            "cash": 0.35,
            "stock": 0.2
        },
        "2001-04-26": {
            "cash": 0.5,
            "stock": 0.5
        },
        "2003-02-17": {
            "cash": 0.7,
            "stock": 0
        },
        "2005-04-21": {
            "cash": 0.45,
            "stock": 0
        },
        "2006-03-16": {
            "cash": 0.8,
            "stock": 0
        },
        "2007-03-15": {
            "cash": 1.2,
            "stock": 0
        },
        "2008-03-25": {
            "cash": 1.6,
            "stock": 0
        },
        "2009-04-23": {
            "cash": 0.26,
            "stock": 0
        },
        "2010-04-22": {
            "cash": 0.5,
            "stock": 0
        },
        "2011-01-01": {
            "cash": 0.3,
            "stock": 0
        },
        "2011-04-27": {
            "cash": 0.6,
            "stock": 0
        },
        "2013-04-25": {
            "cash": 0.22,
            "stock": 0
        },
        "2014-08-15": {
            "cash": 0.75,
            "stock": 0
        },
        "2015-08-07": {
            "cash": 0.6,
            "stock": 0
        },
        "2016-07-29": {
            "cash": 0.26,
            "stock": 0
        },
        "2017-07-28": {
            "cash": 0.28,
            "stock": 0
        },
        "2018-07-27": {
            "cash": 0.5,
            "stock": 0
        },
        "2019-07-26": {
            "cash": 0.32,
            "stock": 0
        },
        "2020-07-24": {
            "cash": 0.5,
            "stock": 0
        },
        "2021-08-10": {
            "cash": 1.2,
            "stock": 0
        },
        "2022-07-29": {
            "cash": 2.8,
            "stock": 0
        },
        "2023-07-28": {
            "cash": 1.5,
            "stock": 0
        }
    },
    "prices": {
        "200101": "10.88",
        "200102": "11.62",
        "200103": "11.54",
        "200104": "10.18",
        "200105": "8.20",
        "200106": "7.67",
        "200107": "7.05",
        "200108": "6.63",
        "200109": "5.09",
        "200110": "4.25",
        "200111": "4.37",
        "200112": "5.48",
        "200201": "5.66",
        "200202": "5.58",
        "200203": "6.25",
        "200204": "7.63",
        "200205": "7.18",
        "200206": "7.59",
        "200207": "7.67",
        "200208": "7.12",
        "200209": "7.23",
        "200210": "7.05",
        "200211": "7.89",
        "200212": "8.63",
        "200301": "10.23",
        "200302": "10.93",
        "200303": "9.59",
        "200304": "9.32",
        "200305": "9.37",
        "200306": "9.24",
        "200307": "9.03",
        "200308": "8.90",
        "200309": "8.28",
        "200310": "8.48",
        "200311": "9.02",
        "200312": "9.38",
        "200401": "9.91",
        "200402": "10.88",
        "200403": "11.17",
        "200404": "11.15",
        "200405": "9.90",
        "200406": "10.21",
        "200407": "9.72",
        "200408": "9.19",
        "200409": "9.50",
        "200410": "10.02",
        "200411": "9.60",
        "200412": "9.65",
        "200501": "9.71",
        "200502": "9.47",
        "200503": "9.32",
        "200504": "8.81",
        "200505": "8.70",
        "200506": "9.39",
        "200507": "9.59",
        "200508": "10.21",
        "200509": "10.19",
        "200510": "9.96",
        "200511": "10.10",
        "200512": "10.55",
        "200601": "11.37",
        "200602": "11.29",
        "200603": "11.19",
        "200604": "11.91",
        "200605": "15.08",
        "200606": "13.65",
        "200607": "13.33",
        "200608": "13.37",
        "200609": "11.78",
        "200610": "12.84",
        "200611": "13.74",
        "200612": "15.44",
        "200701": "17.22",
        "200702": "17.92",
        "200703": "21.79",
        "200704": "27.49",
        "200705": "24.81",
        "200706": "24.68",
        "200707": "26.25",
        "200708": "32.26",
        "200709": "35.34",
        "200710": "33.82",
        "200711": "28.19",
        "200712": "22.44",
        "200801": "20.76",
        "200802": "21.62",
        "200803": "24.39",
        "200804": "25.04",
        "200805": "25.13",
        "200806": "22.15",
        "200807": "20.02",
        "200808": "17.37",
        "200809": "11.87",
        "200810": "10.53",
        "200811": "9.65",
        "200812": "9.36",
        "200901": "8.25",
        "200902": "8.10",
        "200903": "9.48",
        "200904": "10.78",
        "200905": "11.41",
        "200906": "11.09",
        "200907": "10.81",
        "200908": "11.56",
        "200909": "11.60",
        "200910": "12.85",
        "200911": "13.21",
        "200912": "13.59",
        "201001": "14.05",
        "201002": "12.37",
        "201003": "13.64",
        "201004": "13.86",
        "201005": "13.05",
        "201006": "13.01",
        "201007": "13.40",
        "201008": "14.85",
        "201009": "16.35",
        "201010": "16.08",
        "201011": "14.87",
        "201012": "14.85",
        "201101": "14.72",
        "201102": "14.07",
        "201103": "13.95",
        "201104": "14.41",
        "201105": "13.58",
        "201106": "13.23",
        "201107": "13.04",
        "201108": "10.90",
        "201109": "9.76",
        "201110": "9.34",
        "201111": "9.24",
        "201112": "8.55",
        "201201": "8.88",
        "201202": "10.78",
        "201203": "10.57",
        "201204": "9.64",
        "201205": "9.93",
        "201206": "9.39",
        "201207": "9.44",
        "201208": "9.73",
        "201209": "10.15",
        "201210": "9.86",
        "201211": "9.75",
        "201212": "10.11",
        "201301": "10.23",
        "201302": "10.70",
        "201303": "10.42",
        "201304": "9.59",
        "201305": "9.83",
        "201306": "9.64",
        "201307": "9.63",
        "201308": "9.33",
        "201309": "9.43",
        "201310": "9.68",
        "201311": "9.76",
        "201312": "9.71",
        "201401": "9.98",
        "201402": "9.77",
        "201403": "9.71",
        "201404": "10.39",
        "201405": "10.86",
        "201406": "11.21",
        "201407": "11.54",
        "201408": "10.58",
        "201409": "10.65",
        "201410": "10.06",
        "201411": "9.98",
        "201412": "10.17",
        "201501": "10.36",
        "201502": "10.41",
        "201503": "10.40",
        "201504": "10.57",
        "201505": "10.43",
        "201506": "9.84",
        "201507": "9.17",
        "201508": "8.24",
        "201509": "7.80",
        "201510": "8.00",
        "201511": "8.43",
        "201512": "8.50",
        "201601": "8.09",
        "201602": "8.24",
        "201603": "8.60",
        "201604": "8.47",
        "201605": "8.19",
        "201606": "8.18",
        "201607": "8.28",
        "201608": "8.41",
        "201609": "8.53",
        "201610": "8.71",
        "201611": "8.94",
        "201612": "8.99",
        "201701": "8.97",
        "201702": "10.30",
        "201703": "10.46",
        "201704": "9.62",
        "201705": "9.47",
        "201706": "9.69",
        "201707": "9.54",
        "201708": "10.37",
        "201709": "10.63",
        "201710": "10.55",
        "201711": "10.64",
        "201712": "10.63",
        "201801": "11.88",
        "201802": "11.15",
        "201803": "11.54",
        "201804": "11.96",
        "201805": "11.24",
        "201806": "11.35",
        "201807": "10.63",
        "201808": "10.37",
        "201809": "10.25",
        "201810": "9.53",
        "201811": "9.36",
        "201812": "9.57",
        "201901": "9.54",
        "201902": "9.83",
        "201903": "9.94",
        "201904": "9.79",
        "201905": "10.00",
        "201906": "10.08",
        "201907": "9.91",
        "201908": "9.92",
        "201909": "11.07",
        "201910": "10.56",
        "201911": "10.57",
        "201912": "10.85",
        "202001": "10.89",
        "202002": "10.34",
        "202003": "9.31",
        "202004": "9.97",
        "202005": "10.27",
        "202006": "10.47",
        "202007": "11.17",
        "202008": "12.04",
        "202009": "14.39",
        "202010": "14.81",
        "202011": "15.77",
        "202012": "18.16",
        "202101": "16.50",
        "202102": "18.41",
        "202103": "21.76",
        "202104": "27.30",
        "202105": "25.36",
        "202106": "26.39",
        "202107": "24.42",
        "202108": "23.12",
        "202109": "23.97",
        "202110": "24.60",
        "202111": "25.98",
        "202112": "26.35",
        "202201": "25.15",
        "202202": "26.58",
        "202203": "28.76",
        "202204": "30.19",
        "202205": "25.06",
        "202206": "23.34",
        "202207": "17.75",
        "202208": "17.08",
        "202209": "15.60",
        "202210": "14.36",
        "202211": "15.92",
        "202212": "16.49",
        "202301": "18.00",
        "202302": "19.22",
        "202303": "18.93",
        "202304": "20.63",
        "202305": "22.05",
        "202306": "26.02",
        "202307": "26.67",
        "202308": "24.76",
        "202309": "26.01",
        "202310": "25.42",
        "202311": "24.74",
        "202312": "27.75"
    },
    "quarters": {
        "20011": {
            "year_quarter": 20011,
            "year": 2001,
            "quarter": 1,
            "eps": 0.24,
            "eps_growth_year": -57.14,
            "eps_4q": 1.1,
            "eps_4q_growth_year": 2.09,
            "roe": 1.8,
            "roe_4q": 1.8,
            "gross_profit": 48920,
            "gross_margin": 9.36,
            "gross_margin_4q_avg": 9.36,
            "net_income": 76180,
            "net_income_4q": null,
            "revenue": 522870,
            "revenue_4q": null,
            "common_shares": 3165080,
            "book_valuer_per_share": 13.5,
            "book_valuer_per_share_4q_avg": 13.5,
            "equity": 4272220,
            "current_ratio": 505.7,
            "debt_ratio": 18.32,
            "inventory_turnover_ratio": 0.83,
            "account_receivable_turnover_ratio": null,
            "reinvestment_rate": null,
            "research_to_sale_ratio": null,
            "price_fair": 0,
            "eps_avg_yearly": 0,
            "eps_latest_yearly": 0,
            "eps_growth_yearly": 0
        },
        "20012": {
            "year_quarter": 20012,
            "year": 2001,
            "quarter": 2,
            "eps": -0.21,
            "eps_growth_year": -134.43,
            "eps_4q": 0.31,
            "eps_4q_growth_year": -75.92,
            "roe": -1.58,
            "roe_4q": 0.21999999999999997,
            "gross_profit": -24853,
            "gross_margin": -5.12,
            "gross_margin_4q_avg": 2.12,
            "net_income": -65690,
            "net_income_4q": null,
            "revenue": 485619,
            "revenue_4q": null,
            "common_shares": 3165080,
            "book_valuer_per_share": 12.72,
            "book_valuer_per_share_4q_avg": 13.11,
            "equity": 4024698,
            "current_ratio": 271.85,
            "debt_ratio": 23.3,
            "inventory_turnover_ratio": 0.88,
            "account_receivable_turnover_ratio": null,
            "reinvestment_rate": null,
            "research_to_sale_ratio": null,
            "price_fair": 0,
            "eps_avg_yearly": 0,
            "eps_latest_yearly": 0,
            "eps_growth_yearly": 0
        },
        "20013": {
            "year_quarter": 20013,
            "year": 2001,
            "quarter": 3,
            "eps": -0.26,
            "eps_growth_year": -186.67,
            "eps_4q": -0.24,
            "eps_4q_growth_year": -116.04,
            "roe": -2.14,
            "roe_4q": -1.9200000000000002,
            "gross_profit": 23268,
            "gross_margin": 4.17,
            "gross_margin_4q_avg": 2.8,
            "net_income": -85045,
            "net_income_4q": null,
            "revenue": 558350,
            "revenue_4q": null,
            "common_shares": 3321390,
            "book_valuer_per_share": 11.83,
            "book_valuer_per_share_4q_avg": 12.68,
            "equity": 3929516,
            "current_ratio": 345.89,
            "debt_ratio": 22.7,
            "inventory_turnover_ratio": 1.01,
            "account_receivable_turnover_ratio": null,
            "reinvestment_rate": null,
            "research_to_sale_ratio": null,
            "price_fair": 0,
            "eps_avg_yearly": 0,
            "eps_latest_yearly": 0,
            "eps_growth_yearly": 0
        },
        "20014": {
            "year_quarter": 20014,
            "year": 2001,
            "quarter": 4,
            "eps": -0.11,
            "eps_growth_year": null,
            "eps_4q": -0.33,
            "eps_4q_growth_year": -123.57,
            "roe": -0.89,
            "roe_4q": -2.8100000000000005,
            "gross_profit": 557,
            "gross_margin": 0.09,
            "gross_margin_4q_avg": 2.13,
            "net_income": -34969,
            "net_income_4q": null,
            "revenue": 651287,
            "revenue_4q": null,
            "common_shares": 3321390,
            "book_valuer_per_share": 11.73,
            "book_valuer_per_share_4q_avg": 12.45,
            "equity": 3894547,
            "current_ratio": 329.83,
            "debt_ratio": 23.14,
            "inventory_turnover_ratio": 1.45,
            "account_receivable_turnover_ratio": null,
            "reinvestment_rate": null,
            "research_to_sale_ratio": null,
            "price_fair": 0,
            "eps_avg_yearly": 0,
            "eps_latest_yearly": 0,
            "eps_growth_yearly": 0
        },
        "20021": {
            "year_quarter": 20021,
            "year": 2002,
            "quarter": 1,
            "eps": 0.07,
            "eps_growth_year": -70.83,
            "eps_4q": -0.54,
            "eps_4q_growth_year": -148.57,
            "roe": 0.55,
            "roe_4q": -4.0600000000000005,
            "gross_profit": -10618,
            "gross_margin": -2.27,
            "gross_margin_4q_avg": -0.78,
            "net_income": 21467,
            "net_income_4q": null,
            "revenue": 468629,
            "revenue_4q": null,
            "common_shares": 3321390,
            "book_valuer_per_share": 11.81,
            "book_valuer_per_share_4q_avg": 12.02,
            "equity": 3922333,
            "current_ratio": 246.74,
            "debt_ratio": 21.82,
            "inventory_turnover_ratio": 1.05,
            "account_receivable_turnover_ratio": null,
            "reinvestment_rate": null,
            "research_to_sale_ratio": null,
            "price_fair": 0,
            "eps_avg_yearly": 0,
            "eps_latest_yearly": 0,
            "eps_growth_yearly": 0
        },
        "20022": {
            "year_quarter": 20022,
            "year": 2002,
            "quarter": 2,
            "eps": 0.13,
            "eps_growth_year": null,
            "eps_4q": -0.18,
            "eps_4q_growth_year": -158.49,
            "roe": 1.04,
            "roe_4q": -1.44,
            "gross_profit": 24233,
            "gross_margin": 3.25,
            "gross_margin_4q_avg": 1.31,
            "net_income": 40790,
            "net_income_4q": null,
            "revenue": 744864,
            "revenue_4q": null,
            "common_shares": 3321390,
            "book_valuer_per_share": 11.75,
            "book_valuer_per_share_4q_avg": 11.78,
            "equity": 3903569,
            "current_ratio": 223.44,
            "debt_ratio": 24.87,
            "inventory_turnover_ratio": 1.26,
            "account_receivable_turnover_ratio": null,
            "reinvestment_rate": null,
            "research_to_sale_ratio": null,
            "price_fair": 18.2,
            "eps_avg_yearly": 0.52,
            "eps_latest_yearly": 0.52,
            "eps_growth_yearly": 342.86
        },
        "20023": {
            "year_quarter": 20023,
            "year": 2002,
            "quarter": 3,
            "eps": 0.35,
            "eps_growth_year": null,
            "eps_4q": 0.43,
            "eps_4q_growth_year": null,
            "roe": 2.89,
            "roe_4q": 3.5900000000000003,
            "gross_profit": 141603,
            "gross_margin": 14.16,
            "gross_margin_4q_avg": 3.81,
            "net_income": 114686,
            "net_income_4q": null,
            "revenue": 999706,
            "revenue_4q": null,
            "common_shares": 3321390,
            "book_valuer_per_share": 12.15,
            "book_valuer_per_share_4q_avg": 11.86,
            "equity": 4034116,
            "current_ratio": 228.1,
            "debt_ratio": 26.38,
            "inventory_turnover_ratio": 1.29,
            "account_receivable_turnover_ratio": null,
            "reinvestment_rate": null,
            "research_to_sale_ratio": null,
            "price_fair": 33.6,
            "eps_avg_yearly": 0.96,
            "eps_latest_yearly": 1.4,
            "eps_growth_yearly": 509.89
        },
        "20024": {
            "year_quarter": 20024,
            "year": 2002,
            "quarter": 4,
            "eps": 0.31,
            "eps_growth_year": null,
            "eps_4q": 0.85,
            "eps_4q_growth_year": null,
            "roe": 2.49,
            "roe_4q": 6.970000000000001,
            "gross_profit": 129025,
            "gross_margin": 12.41,
            "gross_margin_4q_avg": 6.89,
            "net_income": 101545,
            "net_income_4q": null,
            "revenue": 1039449,
            "revenue_4q": null,
            "common_shares": 3321390,
            "book_valuer_per_share": 12.45,
            "book_valuer_per_share_4q_avg": 12.04,
            "equity": 4134580,
            "current_ratio": 271.69,
            "debt_ratio": 25.32,
            "inventory_turnover_ratio": 1.33,
            "account_receivable_turnover_ratio": null,
            "reinvestment_rate": 41.8,
            "research_to_sale_ratio": null,
            "price_fair": 36.87,
            "eps_avg_yearly": 1.05,
            "eps_latest_yearly": 1.24,
            "eps_growth_yearly": 324.69
        },
        "20031": {
            "year_quarter": 20031,
            "year": 2003,
            "quarter": 1,
            "eps": 0.24,
            "eps_growth_year": 242.86,
            "eps_4q": 1.04,
            "eps_4q_growth_year": null,
            "roe": 1.85,
            "roe_4q": 8.27,
            "gross_profit": 88296,
            "gross_margin": 9.22,
            "gross_margin_4q_avg": 9.76,
            "net_income": 77033,
            "net_income_4q": null,
            "revenue": 957700,
            "revenue_4q": null,
            "common_shares": 3321390,
            "book_valuer_per_share": 12.68,
            "book_valuer_per_share_4q_avg": 12.26,
            "equity": 4211499,
            "current_ratio": 298.9,
            "debt_ratio": 19.54,
            "inventory_turnover_ratio": 1.3,
            "account_receivable_turnover_ratio": null,
            "reinvestment_rate": 35.19,
            "research_to_sale_ratio": null,
            "price_fair": 36.05,
            "eps_avg_yearly": 1.03,
            "eps_latest_yearly": 0.96,
            "eps_growth_yearly": 220.94
        },
        "20032": {
            "year_quarter": 20032,
            "year": 2003,
            "quarter": 2,
            "eps": 0.13,
            "eps_growth_year": 0,
            "eps_4q": 1.04,
            "eps_4q_growth_year": null,
            "roe": 1.01,
            "roe_4q": 8.24,
            "gross_profit": 105580,
            "gross_margin": 11.98,
            "gross_margin_4q_avg": 11.94,
            "net_income": 41743,
            "net_income_4q": null,
            "revenue": 881078,
            "revenue_4q": null,
            "common_shares": 3321390,
            "book_valuer_per_share": 12.23,
            "book_valuer_per_share_4q_avg": 12.38,
            "equity": 4063594,
            "current_ratio": 209.74,
            "debt_ratio": 23.72,
            "inventory_turnover_ratio": 1.09,
            "account_receivable_turnover_ratio": null,
            "reinvestment_rate": 27.64,
            "research_to_sale_ratio": null,
            "price_fair": 32.48,
            "eps_avg_yearly": 0.93,
            "eps_latest_yearly": 0.52,
            "eps_growth_yearly": 140.08
        },
        "20033": {
            "year_quarter": 20033,
            "year": 2003,
            "quarter": 3,
            "eps": 0.19,
            "eps_growth_year": -45.71,
            "eps_4q": 0.85,
            "eps_4q_growth_year": 96.84,
            "roe": 1.54,
            "roe_4q": 6.890000000000001,
            "gross_profit": 69259,
            "gross_margin": 7.69,
            "gross_margin_4q_avg": 10.33,
            "net_income": 63152,
            "net_income_4q": null,
            "revenue": 900594,
            "revenue_4q": null,
            "common_shares": 3321390,
            "book_valuer_per_share": 12.39,
            "book_valuer_per_share_4q_avg": 12.44,
            "equity": 4116793,
            "current_ratio": 283.74,
            "debt_ratio": 18.49,
            "inventory_turnover_ratio": 1.14,
            "account_receivable_turnover_ratio": null,
            "reinvestment_rate": 24.22,
            "research_to_sale_ratio": null,
            "price_fair": 31.5,
            "eps_avg_yearly": 0.9,
            "eps_latest_yearly": 0.76,
            "eps_growth_yearly": 147.5
        },
        "20034": {
            "year_quarter": 20034,
            "year": 2003,
            "quarter": 4,
            "eps": 0.15,
            "eps_growth_year": -51.61,
            "eps_4q": 0.73,
            "eps_4q_growth_year": -14.57,
            "roe": 1.14,
            "roe_4q": 5.539999999999999,
            "gross_profit": 82918,
            "gross_margin": 7.79,
            "gross_margin_4q_avg": 9.17,
            "net_income": 47349,
            "net_income_4q": null,
            "revenue": 1064784,
            "revenue_4q": null,
            "common_shares": 3298631,
            "book_valuer_per_share": 12.63,
            "book_valuer_per_share_4q_avg": 12.48,
            "equity": 4165079,
            "current_ratio": 248.41,
            "debt_ratio": 21.1,
            "inventory_turnover_ratio": 1.49,
            "account_receivable_turnover_ratio": null,
            "reinvestment_rate": -19.93,
            "research_to_sale_ratio": null,
            "price_fair": 30,
            "eps_avg_yearly": 0.86,
            "eps_latest_yearly": 0.6,
            "eps_growth_yearly": 114.4
        },
        "20041": {
            "year_quarter": 20041,
            "year": 2004,
            "quarter": 1,
            "eps": 0.29,
            "eps_growth_year": 20.83,
            "eps_4q": 0.76,
            "eps_4q_growth_year": -26.94,
            "roe": 2.23,
            "roe_4q": 5.92,
            "gross_profit": 97945,
            "gross_margin": 9.49,
            "gross_margin_4q_avg": 9.24,
            "net_income": 93860,
            "net_income_4q": null,
            "revenue": 1032143,
            "revenue_4q": null,
            "common_shares": 3298631,
            "book_valuer_per_share": 12.88,
            "book_valuer_per_share_4q_avg": 12.53,
            "equity": 4248669,
            "current_ratio": 230.07,
            "debt_ratio": 18.77,
            "inventory_turnover_ratio": 1.48,
            "account_receivable_turnover_ratio": null,
            "reinvestment_rate": -30.32,
            "research_to_sale_ratio": null,
            "price_fair": 31.33,
            "eps_avg_yearly": 0.9,
            "eps_latest_yearly": 1.16,
            "eps_growth_yearly": 146.77
        },
        "20042": {
            "year_quarter": 20042,
            "year": 2004,
            "quarter": 2,
            "eps": 0.09,
            "eps_growth_year": -30.77,
            "eps_4q": 0.72,
            "eps_4q_growth_year": -30.79,
            "roe": 0.69,
            "roe_4q": 5.6,
            "gross_profit": 89053,
            "gross_margin": 7.78,
            "gross_margin_4q_avg": 8.19,
            "net_income": 29097,
            "net_income_4q": null,
            "revenue": 1145151,
            "revenue_4q": null,
            "common_shares": 3298631,
            "book_valuer_per_share": 12.56,
            "book_valuer_per_share_4q_avg": 12.62,
            "equity": 4142292,
            "current_ratio": 208.64,
            "debt_ratio": 21.64,
            "inventory_turnover_ratio": 1.54,
            "account_receivable_turnover_ratio": null,
            "reinvestment_rate": -42.52,
            "research_to_sale_ratio": null,
            "price_fair": 29.24,
            "eps_avg_yearly": 0.84,
            "eps_latest_yearly": 0.36,
            "eps_growth_yearly": 99.81
        },
        "20043": {
            "year_quarter": 20043,
            "year": 2004,
            "quarter": 3,
            "eps": 0.33,
            "eps_growth_year": 73.68,
            "eps_4q": 0.84,
            "eps_4q_growth_year": -1.15,
            "roe": 2.61,
            "roe_4q": 6.669999999999999,
            "gross_profit": 173469,
            "gross_margin": 14.1,
            "gross_margin_4q_avg": 9.79,
            "net_income": 109542,
            "net_income_4q": null,
            "revenue": 1230325,
            "revenue_4q": null,
            "common_shares": 3298631,
            "book_valuer_per_share": 12.9,
            "book_valuer_per_share_4q_avg": 12.74,
            "equity": 4254788,
            "current_ratio": 223.69,
            "debt_ratio": 21.47,
            "inventory_turnover_ratio": 1.33,
            "account_receivable_turnover_ratio": null,
            "reinvestment_rate": -37.25,
            "research_to_sale_ratio": null,
            "price_fair": 30.94,
            "eps_avg_yearly": 0.88,
            "eps_latest_yearly": 1.32,
            "eps_growth_yearly": 196.5
        },
        "20044": {
            "year_quarter": 20044,
            "year": 2004,
            "quarter": 4,
            "eps": 0.11,
            "eps_growth_year": -26.67,
            "eps_4q": 0.8,
            "eps_4q_growth_year": 9.66,
            "roe": 0.87,
            "roe_4q": 6.4,
            "gross_profit": 186108,
            "gross_margin": 13.24,
            "gross_margin_4q_avg": 11.15,
            "net_income": 37253,
            "net_income_4q": null,
            "revenue": 1405741,
            "revenue_4q": null,
            "common_shares": 3298631,
            "book_valuer_per_share": 12.94,
            "book_valuer_per_share_4q_avg": 12.82,
            "equity": 4268444,
            "current_ratio": 230.09,
            "debt_ratio": 22.02,
            "inventory_turnover_ratio": 1.31,
            "account_receivable_turnover_ratio": null,
            "reinvestment_rate": -40.95,
            "research_to_sale_ratio": null,
            "price_fair": 29.53,
            "eps_avg_yearly": 0.84,
            "eps_latest_yearly": 0.44,
            "eps_growth_yearly": 154.39
        },
        "20051": {
            "year_quarter": 20051,
            "year": 2005,
            "quarter": 1,
            "eps": 0.28,
            "eps_growth_year": -3.45,
            "eps_4q": 0.81,
            "eps_4q_growth_year": 5.89,
            "roe": 2.17,
            "roe_4q": 6.34,
            "gross_profit": 155461,
            "gross_margin": 12.58,
            "gross_margin_4q_avg": 11.93,
            "net_income": 93772,
            "net_income_4q": null,
            "revenue": 1235640,
            "revenue_4q": null,
            "common_shares": 3298631,
            "book_valuer_per_share": 13.22,
            "book_valuer_per_share_4q_avg": 12.91,
            "equity": 4361387,
            "current_ratio": 279.54,
            "debt_ratio": 19.39,
            "inventory_turnover_ratio": 1.02,
            "account_receivable_turnover_ratio": null,
            "reinvestment_rate": -68.95,
            "research_to_sale_ratio": null,
            "price_fair": 30.33,
            "eps_avg_yearly": 0.87,
            "eps_latest_yearly": 1.12,
            "eps_growth_yearly": 193.04
        },
        "20052": {
            "year_quarter": 20052,
            "year": 2005,
            "quarter": 2,
            "eps": 0.42,
            "eps_growth_year": 366.67,
            "eps_4q": 1.14,
            "eps_4q_growth_year": 58.2,
            "roe": 3.22,
            "roe_4q": 8.870000000000001,
            "gross_profit": 182147,
            "gross_margin": 12.29,
            "gross_margin_4q_avg": 13.05,
            "net_income": 139874,
            "net_income_4q": null,
            "revenue": 1481684,
            "revenue_4q": null,
            "common_shares": 3298631,
            "book_valuer_per_share": 13.14,
            "book_valuer_per_share_4q_avg": 13.05,
            "equity": 4333031,
            "current_ratio": 268.55,
            "debt_ratio": 20.14,
            "inventory_turnover_ratio": 1.2,
            "account_receivable_turnover_ratio": null,
            "reinvestment_rate": -62.21,
            "research_to_sale_ratio": null,
            "price_fair": 32.52,
            "eps_avg_yearly": 0.93,
            "eps_latest_yearly": 1.68,
            "eps_growth_yearly": 193.57
        },
        "20053": {
            "year_quarter": 20053,
            "year": 2005,
            "quarter": 3,
            "eps": 0.38,
            "eps_growth_year": 15.15,
            "eps_4q": 1.21,
            "eps_4q_growth_year": 43.55,
            "roe": 2.82,
            "roe_4q": 9.08,
            "gross_profit": 154647,
            "gross_margin": 10,
            "gross_margin_4q_avg": 12.03,
            "net_income": 123990,
            "net_income_4q": null,
            "revenue": 1547250,
            "revenue_4q": null,
            "common_shares": 3298631,
            "book_valuer_per_share": 13.56,
            "book_valuer_per_share_4q_avg": 13.22,
            "equity": 4471430,
            "current_ratio": 304.89,
            "debt_ratio": 17.51,
            "inventory_turnover_ratio": 1.34,
            "account_receivable_turnover_ratio": null,
            "reinvestment_rate": -51.87,
            "research_to_sale_ratio": null,
            "price_fair": 34,
            "eps_avg_yearly": 0.97,
            "eps_latest_yearly": 1.52,
            "eps_growth_yearly": 177.03
        },
        "20054": {
            "year_quarter": 20054,
            "year": 2005,
            "quarter": 4,
            "eps": 0.25,
            "eps_growth_year": 127.27,
            "eps_4q": 1.32,
            "eps_4q_growth_year": 66.25,
            "roe": 1.83,
            "roe_4q": 10.040000000000001,
            "gross_profit": 145951,
            "gross_margin": 9.38,
            "gross_margin_4q_avg": 11.06,
            "net_income": 83235,
            "net_income_4q": null,
            "revenue": 1556732,
            "revenue_4q": null,
            "common_shares": 3298631,
            "book_valuer_per_share": 13.89,
            "book_valuer_per_share_4q_avg": 13.45,
            "equity": 4616716,
            "current_ratio": 321.04,
            "debt_ratio": 18.76,
            "inventory_turnover_ratio": 1.32,
            "account_receivable_turnover_ratio": null,
            "reinvestment_rate": -37.75,
            "research_to_sale_ratio": null,
            "price_fair": 34.07,
            "eps_avg_yearly": 0.97,
            "eps_latest_yearly": 1,
            "eps_growth_yearly": 156.1
        },
        "20061": {
            "year_quarter": 20061,
            "year": 2006,
            "quarter": 1,
            "eps": 0.72,
            "eps_growth_year": 157.14,
            "eps_4q": 1.77,
            "eps_4q_growth_year": 120.42,
            "roe": 4.96,
            "roe_4q": 12.83,
            "gross_profit": 167324,
            "gross_margin": 10.74,
            "gross_margin_4q_avg": 10.6,
            "net_income": 236920,
            "net_income_4q": null,
            "revenue": 1557837,
            "revenue_4q": null,
            "common_shares": 3298631,
            "book_valuer_per_share": 14.99,
            "book_valuer_per_share_4q_avg": 13.9,
            "equity": 4945786,
            "current_ratio": 314.87,
            "debt_ratio": 17.86,
            "inventory_turnover_ratio": 1.26,
            "account_receivable_turnover_ratio": null,
            "reinvestment_rate": -40.39,
            "research_to_sale_ratio": null,
            "price_fair": 38.24,
            "eps_avg_yearly": 1.09,
            "eps_latest_yearly": 2.88,
            "eps_growth_yearly": 193.35
        },
        "20062": {
            "year_quarter": 20062,
            "year": 2006,
            "quarter": 2,
            "eps": 0.19,
            "eps_growth_year": -54.76,
            "eps_4q": 1.53,
            "eps_4q_growth_year": 33.61,
            "roe": 1.31,
            "roe_4q": 10.92,
            "gross_profit": 138419,
            "gross_margin": 7.98,
            "gross_margin_4q_avg": 9.53,
            "net_income": 63148,
            "net_income_4q": null,
            "revenue": 1734786,
            "revenue_4q": null,
            "common_shares": 3298631,
            "book_valuer_per_share": 14.15,
            "book_valuer_per_share_4q_avg": 14.15,
            "equity": 4666133,
            "current_ratio": 243.62,
            "debt_ratio": 23.82,
            "inventory_turnover_ratio": 1.42,
            "account_receivable_turnover_ratio": null,
            "reinvestment_rate": -39.05,
            "research_to_sale_ratio": null,
            "price_fair": 38.76,
            "eps_avg_yearly": 1.11,
            "eps_latest_yearly": 0.76,
            "eps_growth_yearly": 153.51
        },
        "20063": {
            "year_quarter": 20063,
            "year": 2006,
            "quarter": 3,
            "eps": 0.59,
            "eps_growth_year": 55.26,
            "eps_4q": 1.75,
            "eps_4q_growth_year": 44.8,
            "roe": 4.08,
            "roe_4q": 12.180000000000001,
            "gross_profit": 218161,
            "gross_margin": 11.19,
            "gross_margin_4q_avg": 9.82,
            "net_income": 194556,
            "net_income_4q": null,
            "revenue": 1949712,
            "revenue_4q": null,
            "common_shares": 3298631,
            "book_valuer_per_share": 14.73,
            "book_valuer_per_share_4q_avg": 14.44,
            "equity": 4859168,
            "current_ratio": 313.17,
            "debt_ratio": 18.02,
            "inventory_turnover_ratio": 1.41,
            "account_receivable_turnover_ratio": null,
            "reinvestment_rate": -35.85,
            "research_to_sale_ratio": null,
            "price_fair": 40.86,
            "eps_avg_yearly": 1.17,
            "eps_latest_yearly": 2.36,
            "eps_growth_yearly": 163.84
        },
        "20064": {
            "year_quarter": 20064,
            "year": 2006,
            "quarter": 4,
            "eps": 0.43,
            "eps_growth_year": 72,
            "eps_4q": 1.92,
            "eps_4q_growth_year": 44.89,
            "roe": 2.88,
            "roe_4q": 13.23,
            "gross_profit": 123342,
            "gross_margin": 6.98,
            "gross_margin_4q_avg": 9.22,
            "net_income": 142874,
            "net_income_4q": null,
            "revenue": 1767658,
            "revenue_4q": null,
            "common_shares": 3298631,
            "book_valuer_per_share": 15.2,
            "book_valuer_per_share_4q_avg": 14.77,
            "equity": 5051555,
            "current_ratio": 332.33,
            "debt_ratio": 19.12,
            "inventory_turnover_ratio": 1.16,
            "account_receivable_turnover_ratio": null,
            "reinvestment_rate": -21.9,
            "research_to_sale_ratio": null,
            "price_fair": 41.91,
            "eps_avg_yearly": 1.2,
            "eps_latest_yearly": 1.72,
            "eps_growth_yearly": 159.92
        },
        "20071": {
            "year_quarter": 20071,
            "year": 2007,
            "quarter": 1,
            "eps": 1.21,
            "eps_growth_year": 68.06,
            "eps_4q": 2.43,
            "eps_4q_growth_year": 36.66,
            "roe": 7.59,
            "roe_4q": 15.86,
            "gross_profit": 83708,
            "gross_margin": 4.09,
            "gross_margin_4q_avg": 7.56,
            "net_income": 398760,
            "net_income_4q": null,
            "revenue": 2045947,
            "revenue_4q": null,
            "common_shares": 3298631,
            "book_valuer_per_share": 16.53,
            "book_valuer_per_share_4q_avg": 15.15,
            "equity": 5452356,
            "current_ratio": 327.89,
            "debt_ratio": 18.69,
            "inventory_turnover_ratio": 1.53,
            "account_receivable_turnover_ratio": null,
            "reinvestment_rate": -26.83,
            "research_to_sale_ratio": null,
            "price_fair": 50.4,
            "eps_avg_yearly": 1.44,
            "eps_latest_yearly": 4.84,
            "eps_growth_yearly": 210.91
        },
        "20072": {
            "year_quarter": 20072,
            "year": 2007,
            "quarter": 2,
            "eps": 0.53,
            "eps_growth_year": 178.95,
            "eps_4q": 2.77,
            "eps_4q_growth_year": 81.22,
            "roe": 3.23,
            "roe_4q": 17.78,
            "gross_profit": 170099,
            "gross_margin": 9.01,
            "gross_margin_4q_avg": 7.82,
            "net_income": 174498,
            "net_income_4q": null,
            "revenue": 1886938,
            "revenue_4q": null,
            "common_shares": 3298631,
            "book_valuer_per_share": 16.18,
            "book_valuer_per_share_4q_avg": 15.66,
            "equity": 5337772,
            "current_ratio": 250.55,
            "debt_ratio": 24.27,
            "inventory_turnover_ratio": 1.55,
            "account_receivable_turnover_ratio": null,
            "reinvestment_rate": -22.7,
            "research_to_sale_ratio": null,
            "price_fair": 53.9,
            "eps_avg_yearly": 1.54,
            "eps_latest_yearly": 2.12,
            "eps_growth_yearly": 208.32
        },
        "20073": {
            "year_quarter": 20073,
            "year": 2007,
            "quarter": 3,
            "eps": 0.46,
            "eps_growth_year": -22.03,
            "eps_4q": 2.63,
            "eps_4q_growth_year": 49.88,
            "roe": 2.67,
            "roe_4q": 16.37,
            "gross_profit": 191348,
            "gross_margin": 10.62,
            "gross_margin_4q_avg": 7.68,
            "net_income": 152048,
            "net_income_4q": null,
            "revenue": 1801907,
            "revenue_4q": null,
            "common_shares": 3298631,
            "book_valuer_per_share": 18.33,
            "book_valuer_per_share_4q_avg": 16.56,
            "equity": 6045987,
            "current_ratio": 285.71,
            "debt_ratio": 17.62,
            "inventory_turnover_ratio": 1.37,
            "account_receivable_turnover_ratio": null,
            "reinvestment_rate": -20.52,
            "research_to_sale_ratio": null,
            "price_fair": 56.26,
            "eps_avg_yearly": 1.61,
            "eps_latest_yearly": 1.84,
            "eps_growth_yearly": 193.48
        },
        "20074": {
            "year_quarter": 20074,
            "year": 2007,
            "quarter": 4,
            "eps": 0.18,
            "eps_growth_year": -58.14,
            "eps_4q": 2.36,
            "eps_4q_growth_year": 22.97,
            "roe": 1,
            "roe_4q": 14.49,
            "gross_profit": 69245,
            "gross_margin": 4.48,
            "gross_margin_4q_avg": 7.05,
            "net_income": 59906,
            "net_income_4q": null,
            "revenue": 1545373,
            "revenue_4q": null,
            "common_shares": 3298631,
            "book_valuer_per_share": 17.9,
            "book_valuer_per_share_4q_avg": 17.24,
            "equity": 5942887,
            "current_ratio": 307.09,
            "debt_ratio": 19.72,
            "inventory_turnover_ratio": 1.07,
            "account_receivable_turnover_ratio": null,
            "reinvestment_rate": -10.3,
            "research_to_sale_ratio": null,
            "price_fair": 56.53,
            "eps_avg_yearly": 1.62,
            "eps_latest_yearly": 0.72,
            "eps_growth_yearly": 183.52
        },
        "20081": {
            "year_quarter": 20081,
            "year": 2008,
            "quarter": 1,
            "eps": 0.28,
            "eps_growth_year": -76.86,
            "eps_4q": 1.44,
            "eps_4q_growth_year": -40.72,
            "roe": 1.63,
            "roe_4q": 8.53,
            "gross_profit": 153961,
            "gross_margin": 7.23,
            "gross_margin_4q_avg": 7.84,
            "net_income": 93365,
            "net_income_4q": null,
            "revenue": 2130095,
            "revenue_4q": null,
            "common_shares": 3298631,
            "book_valuer_per_share": 16.68,
            "book_valuer_per_share_4q_avg": 17.27,
            "equity": 5540494,
            "current_ratio": 327.02,
            "debt_ratio": 19.6,
            "inventory_turnover_ratio": 1.38,
            "account_receivable_turnover_ratio": null,
            "reinvestment_rate": -9.54,
            "research_to_sale_ratio": null,
            "price_fair": 56.44,
            "eps_avg_yearly": 1.61,
            "eps_latest_yearly": 1.12,
            "eps_growth_yearly": 174.08
        },
        "20082": {
            "year_quarter": 20082,
            "year": 2008,
            "quarter": 2,
            "eps": 0.13,
            "eps_growth_year": -75.47,
            "eps_4q": 1.04,
            "eps_4q_growth_year": -62.43,
            "roe": 0.84,
            "roe_4q": 6.14,
            "gross_profit": 175899,
            "gross_margin": 9.27,
            "gross_margin_4q_avg": 7.9,
            "net_income": 43710,
            "net_income_4q": null,
            "revenue": 1897402,
            "revenue_4q": null,
            "common_shares": 3298631,
            "book_valuer_per_share": 14.74,
            "book_valuer_per_share_4q_avg": 16.91,
            "equity": 4898082,
            "current_ratio": 253.37,
            "debt_ratio": 24.94,
            "inventory_turnover_ratio": 1.42,
            "account_receivable_turnover_ratio": null,
            "reinvestment_rate": -9.41,
            "research_to_sale_ratio": null,
            "price_fair": 56.79,
            "eps_avg_yearly": 1.62,
            "eps_latest_yearly": 0.52,
            "eps_growth_yearly": 177.93
        },
        "20083": {
            "year_quarter": 20083,
            "year": 2008,
            "quarter": 3,
            "eps": 0.13,
            "eps_growth_year": -71.74,
            "eps_4q": 0.74,
            "eps_4q_growth_year": -71.66,
            "roe": 0.85,
            "roe_4q": 4.32,
            "gross_profit": 143604,
            "gross_margin": 8.55,
            "gross_margin_4q_avg": 7.38,
            "net_income": 41957,
            "net_income_4q": null,
            "revenue": 1679604,
            "revenue_4q": null,
            "common_shares": 3298631,
            "book_valuer_per_share": 14.81,
            "book_valuer_per_share_4q_avg": 16.03,
            "equity": 4921396,
            "current_ratio": 383.59,
            "debt_ratio": 16.05,
            "inventory_turnover_ratio": 1.29,
            "account_receivable_turnover_ratio": null,
            "reinvestment_rate": -8.66,
            "research_to_sale_ratio": null,
            "price_fair": 55.04,
            "eps_avg_yearly": 1.57,
            "eps_latest_yearly": 0.52,
            "eps_growth_yearly": 111.26
        },
        "20084": {
            "year_quarter": 20084,
            "year": 2008,
            "quarter": 4,
            "eps": -0.33,
            "eps_growth_year": -283.33,
            "eps_4q": 0.21,
            "eps_4q_growth_year": -91.06,
            "roe": -2.27,
            "roe_4q": 1.0499999999999998,
            "gross_profit": -20124,
            "gross_margin": -1.72,
            "gross_margin_4q_avg": 5.83,
            "net_income": -108953,
            "net_income_4q": null,
            "revenue": 1169435,
            "revenue_4q": null,
            "common_shares": 3241511,
            "book_valuer_per_share": 14.38,
            "book_valuer_per_share_4q_avg": 15.15,
            "equity": 4696334,
            "current_ratio": 561.23,
            "debt_ratio": 10.5,
            "inventory_turnover_ratio": 0.99,
            "account_receivable_turnover_ratio": 2.9,
            "reinvestment_rate": -8.28,
            "research_to_sale_ratio": null,
            "price_fair": 57.68,
            "eps_avg_yearly": 1.65,
            "eps_latest_yearly": 0.52,
            "eps_growth_yearly": 136.46
        },
        "20091": {
            "year_quarter": 20091,
            "year": 2009,
            "quarter": 1,
            "eps": 0.18,
            "eps_growth_year": -35.71,
            "eps_4q": 0.11,
            "eps_4q_growth_year": -92.3,
            "roe": 1.25,
            "roe_4q": 0.6699999999999999,
            "gross_profit": 89513,
            "gross_margin": 7.4,
            "gross_margin_4q_avg": 5.88,
            "net_income": 59278,
            "net_income_4q": null,
            "revenue": 1208971,
            "revenue_4q": null,
            "common_shares": 3241511,
            "book_valuer_per_share": 14.67,
            "book_valuer_per_share_4q_avg": 14.65,
            "equity": 4792840,
            "current_ratio": 533.93,
            "debt_ratio": 11.26,
            "inventory_turnover_ratio": 1.16,
            "account_receivable_turnover_ratio": 1.44,
            "reinvestment_rate": -8.17,
            "research_to_sale_ratio": null,
            "price_fair": 59,
            "eps_avg_yearly": 1.69,
            "eps_latest_yearly": 0.52,
            "eps_growth_yearly": 102.05
        },
        "20092": {
            "year_quarter": 20092,
            "year": 2009,
            "quarter": 2,
            "eps": 0.05,
            "eps_growth_year": -61.54,
            "eps_4q": 0.03,
            "eps_4q_growth_year": -97.13,
            "roe": 0.32,
            "roe_4q": 0.15000000000000002,
            "gross_profit": 63361,
            "gross_margin": 5.75,
            "gross_margin_4q_avg": 5,
            "net_income": 15179,
            "net_income_4q": null,
            "revenue": 1102877,
            "revenue_4q": null,
            "common_shares": 3241511,
            "book_valuer_per_share": 14.73,
            "book_valuer_per_share_4q_avg": 14.65,
            "equity": 4810204,
            "current_ratio": 402.01,
            "debt_ratio": 14.93,
            "inventory_turnover_ratio": 1.28,
            "account_receivable_turnover_ratio": 1.23,
            "reinvestment_rate": -6.62,
            "research_to_sale_ratio": null,
            "price_fair": 55.3,
            "eps_avg_yearly": 1.58,
            "eps_latest_yearly": 0.2,
            "eps_growth_yearly": 67.13
        },
        "20093": {
            "year_quarter": 20093,
            "year": 2009,
            "quarter": 3,
            "eps": 0.24,
            "eps_growth_year": 84.62,
            "eps_4q": 0.14,
            "eps_4q_growth_year": -81.77,
            "roe": 1.54,
            "roe_4q": 0.8400000000000003,
            "gross_profit": 84215,
            "gross_margin": 5.06,
            "gross_margin_4q_avg": 4.12,
            "net_income": 75050,
            "net_income_4q": null,
            "revenue": 1665951,
            "revenue_4q": null,
            "common_shares": 3241511,
            "book_valuer_per_share": 15.05,
            "book_valuer_per_share_4q_avg": 14.71,
            "equity": 4912661,
            "current_ratio": 317.44,
            "debt_ratio": 19.03,
            "inventory_turnover_ratio": 1.59,
            "account_receivable_turnover_ratio": 1.72,
            "reinvestment_rate": -6.79,
            "research_to_sale_ratio": null,
            "price_fair": 53.9,
            "eps_avg_yearly": 1.54,
            "eps_latest_yearly": 0.96,
            "eps_growth_yearly": 178.42
        },
        "20094": {
            "year_quarter": 20094,
            "year": 2009,
            "quarter": 4,
            "eps": 0.28,
            "eps_growth_year": null,
            "eps_4q": 0.75,
            "eps_4q_growth_year": 254.91,
            "roe": 1.79,
            "roe_4q": 4.9,
            "gross_profit": 99602,
            "gross_margin": 5.72,
            "gross_margin_4q_avg": 5.98,
            "net_income": 89432,
            "net_income_4q": null,
            "revenue": 1740038,
            "revenue_4q": null,
            "common_shares": 3241511,
            "book_valuer_per_share": 15.49,
            "book_valuer_per_share_4q_avg": 14.99,
            "equity": 5054548,
            "current_ratio": 321.9,
            "debt_ratio": 18.03,
            "inventory_turnover_ratio": 1.52,
            "account_receivable_turnover_ratio": 3.68,
            "reinvestment_rate": 49.65,
            "research_to_sale_ratio": null,
            "price_fair": 54.2,
            "eps_avg_yearly": 1.55,
            "eps_latest_yearly": 1.12,
            "eps_growth_yearly": 192.96
        },
        "20101": {
            "year_quarter": 20101,
            "year": 2010,
            "quarter": 1,
            "eps": 0.25,
            "eps_growth_year": 38.89,
            "eps_4q": 0.82,
            "eps_4q_growth_year": 641.19,
            "roe": 1.62,
            "roe_4q": 5.2700000000000005,
            "gross_profit": 98370,
            "gross_margin": 6.75,
            "gross_margin_4q_avg": 5.82,
            "net_income": 82523,
            "net_income_4q": null,
            "revenue": 1456594,
            "revenue_4q": null,
            "common_shares": 3241511,
            "book_valuer_per_share": 15.82,
            "book_valuer_per_share_4q_avg": 15.27,
            "equity": 5159697,
            "current_ratio": 464.91,
            "debt_ratio": 12.21,
            "inventory_turnover_ratio": 1.37,
            "account_receivable_turnover_ratio": 1.59,
            "reinvestment_rate": 64.12,
            "research_to_sale_ratio": null,
            "price_fair": 49.5,
            "eps_avg_yearly": 1.41,
            "eps_latest_yearly": 1,
            "eps_growth_yearly": 136.18
        },
        "20102": {
            "year_quarter": 20102,
            "year": 2010,
            "quarter": 2,
            "eps": 0.19,
            "eps_growth_year": 283.2,
            "eps_4q": 0.96,
            "eps_4q_growth_year": 3124.53,
            "roe": 1.23,
            "roe_4q": 6.180000000000001,
            "gross_profit": 134717,
            "gross_margin": 9.25,
            "gross_margin_4q_avg": 6.7,
            "net_income": 62609,
            "net_income_4q": null,
            "revenue": 1456575,
            "revenue_4q": null,
            "common_shares": 3241511,
            "book_valuer_per_share": 15.44,
            "book_valuer_per_share_4q_avg": 15.45,
            "equity": 5037432,
            "current_ratio": 294.42,
            "debt_ratio": 18.91,
            "inventory_turnover_ratio": 1.25,
            "account_receivable_turnover_ratio": 1.39,
            "reinvestment_rate": 65.82,
            "research_to_sale_ratio": null,
            "price_fair": 49.5,
            "eps_avg_yearly": 1.41,
            "eps_latest_yearly": 0.76,
            "eps_growth_yearly": 150.35
        },
        "20103": {
            "year_quarter": 20103,
            "year": 2010,
            "quarter": 3,
            "eps": 0.35,
            "eps_growth_year": 47.74,
            "eps_4q": 1.08,
            "eps_4q_growth_year": 696.04,
            "roe": 2.25,
            "roe_4q": 6.89,
            "gross_profit": 132080,
            "gross_margin": 8.81,
            "gross_margin_4q_avg": 7.63,
            "net_income": 114618,
            "net_income_4q": null,
            "revenue": 1499894,
            "revenue_4q": null,
            "common_shares": 3241511,
            "book_valuer_per_share": 15.77,
            "book_valuer_per_share_4q_avg": 15.63,
            "equity": 5143746,
            "current_ratio": 371.23,
            "debt_ratio": 14.9,
            "inventory_turnover_ratio": 1.29,
            "account_receivable_turnover_ratio": 1.29,
            "reinvestment_rate": 70.46,
            "research_to_sale_ratio": null,
            "price_fair": 47.1,
            "eps_avg_yearly": 1.35,
            "eps_latest_yearly": 1.4,
            "eps_growth_yearly": 114.26
        },
        "20104": {
            "year_quarter": 20104,
            "year": 2010,
            "quarter": 4,
            "eps": 0.34,
            "eps_growth_year": 20.57,
            "eps_4q": 1.14,
            "eps_4q_growth_year": 52,
            "roe": 2.08,
            "roe_4q": 7.180000000000001,
            "gross_profit": 106930,
            "gross_margin": 7.4,
            "gross_margin_4q_avg": 8.05,
            "net_income": 108641,
            "net_income_4q": null,
            "revenue": 1445573,
            "revenue_4q": null,
            "common_shares": 3241511,
            "book_valuer_per_share": 16.27,
            "book_valuer_per_share_4q_avg": 15.83,
            "equity": 5305028,
            "current_ratio": 381.67,
            "debt_ratio": 14.27,
            "inventory_turnover_ratio": 1.4,
            "account_receivable_turnover_ratio": 1.5,
            "reinvestment_rate": 68.65,
            "research_to_sale_ratio": null,
            "price_fair": 46.2,
            "eps_avg_yearly": 1.32,
            "eps_latest_yearly": 1.36,
            "eps_growth_yearly": 121.2
        },
        "20111": {
            "year_quarter": 20111,
            "year": 2011,
            "quarter": 1,
            "eps": 0.06,
            "eps_growth_year": -76,
            "eps_4q": 0.94,
            "eps_4q_growth_year": 14.75,
            "roe": 0.33,
            "roe_4q": 5.890000000000001,
            "gross_profit": 105748,
            "gross_margin": 7.05,
            "gross_margin_4q_avg": 8.13,
            "net_income": 17701,
            "net_income_4q": null,
            "revenue": 1500819,
            "revenue_4q": null,
            "common_shares": 3241511,
            "book_valuer_per_share": 16.27,
            "book_valuer_per_share_4q_avg": 15.94,
            "equity": 5301858,
            "current_ratio": 303.7,
            "debt_ratio": 18.07,
            "inventory_turnover_ratio": 1.34,
            "account_receivable_turnover_ratio": 1.52,
            "reinvestment_rate": 126.1,
            "research_to_sale_ratio": null,
            "price_fair": 34.7,
            "eps_avg_yearly": 0.99,
            "eps_latest_yearly": 0.24,
            "eps_growth_yearly": 45.84
        },
        "20112": {
            "year_quarter": 20112,
            "year": 2011,
            "quarter": 2,
            "eps": 0.09,
            "eps_growth_year": -55.25,
            "eps_4q": 0.84,
            "eps_4q_growth_year": -12.92,
            "roe": 0.51,
            "roe_4q": 5.17,
            "gross_profit": 111265,
            "gross_margin": 6.97,
            "gross_margin_4q_avg": 7.56,
            "net_income": 26513,
            "net_income_4q": null,
            "revenue": 1596739,
            "revenue_4q": null,
            "common_shares": 3241511,
            "book_valuer_per_share": 15.65,
            "book_valuer_per_share_4q_avg": 15.99,
            "equity": 5099859,
            "current_ratio": 274.2,
            "debt_ratio": 20.36,
            "inventory_turnover_ratio": 1.37,
            "account_receivable_turnover_ratio": 1.45,
            "reinvestment_rate": 141.1,
            "research_to_sale_ratio": null,
            "price_fair": 30.3,
            "eps_avg_yearly": 0.87,
            "eps_latest_yearly": 0.36,
            "eps_growth_yearly": 76.18
        },
        "20113": {
            "year_quarter": 20113,
            "year": 2011,
            "quarter": 3,
            "eps": 0.19,
            "eps_growth_year": -47.34,
            "eps_4q": 0.67,
            "eps_4q_growth_year": -38.08,
            "roe": 1.15,
            "roe_4q": 4.07,
            "gross_profit": 120778,
            "gross_margin": 7.37,
            "gross_margin_4q_avg": 7.2,
            "net_income": 58840,
            "net_income_4q": null,
            "revenue": 1639041,
            "revenue_4q": null,
            "common_shares": 3241511,
            "book_valuer_per_share": 15.64,
            "book_valuer_per_share_4q_avg": 15.96,
            "equity": 5095242,
            "current_ratio": 320.73,
            "debt_ratio": 17.34,
            "inventory_turnover_ratio": 1.49,
            "account_receivable_turnover_ratio": 1.51,
            "reinvestment_rate": 149.54,
            "research_to_sale_ratio": null,
            "price_fair": 27.6,
            "eps_avg_yearly": 0.79,
            "eps_latest_yearly": 0.76,
            "eps_growth_yearly": 111.7
        },
        "20114": {
            "year_quarter": 20114,
            "year": 2011,
            "quarter": 4,
            "eps": 0.15,
            "eps_growth_year": -55.85,
            "eps_4q": 0.48,
            "eps_4q_growth_year": -57.83,
            "roe": 0.98,
            "roe_4q": 2.9699999999999998,
            "gross_profit": 14031,
            "gross_margin": 1.28,
            "gross_margin_4q_avg": 5.67,
            "net_income": 49554,
            "net_income_4q": null,
            "revenue": 1096469,
            "revenue_4q": null,
            "common_shares": 3241511,
            "book_valuer_per_share": 15.51,
            "book_valuer_per_share_4q_avg": 15.77,
            "equity": 5056489,
            "current_ratio": 413.28,
            "debt_ratio": 13.55,
            "inventory_turnover_ratio": 1.04,
            "account_receivable_turnover_ratio": 1.19,
            "reinvestment_rate": 118.35,
            "research_to_sale_ratio": null,
            "price_fair": 27.3,
            "eps_avg_yearly": 0.78,
            "eps_latest_yearly": 0.6,
            "eps_growth_yearly": 123.08
        },
        "20121": {
            "year_quarter": 20121,
            "year": 2012,
            "quarter": 1,
            "eps": 0.32,
            "eps_growth_year": 433.33,
            "eps_4q": 0.74,
            "eps_4q_growth_year": -21.26,
            "roe": 2.03,
            "roe_4q": 4.67,
            "gross_profit": 126197,
            "gross_margin": 8.4,
            "gross_margin_4q_avg": 6.01,
            "net_income": 103880,
            "net_income_4q": null,
            "revenue": 1501814,
            "revenue_4q": null,
            "common_shares": 3241511,
            "book_valuer_per_share": 15.89,
            "book_valuer_per_share_4q_avg": 15.67,
            "equity": 5178499,
            "current_ratio": 417.11,
            "debt_ratio": 13.54,
            "inventory_turnover_ratio": 1.34,
            "account_receivable_turnover_ratio": 1.75,
            "reinvestment_rate": 104.35,
            "research_to_sale_ratio": null,
            "price_fair": 27.7,
            "eps_avg_yearly": 0.79,
            "eps_latest_yearly": 1.28,
            "eps_growth_yearly": 139.59
        },
        "20122": {
            "year_quarter": 20122,
            "year": 2012,
            "quarter": 2,
            "eps": 0.04,
            "eps_growth_year": -50.42,
            "eps_4q": 0.7,
            "eps_4q_growth_year": -16.46,
            "roe": 0.25,
            "roe_4q": 4.41,
            "gross_profit": 75437,
            "gross_margin": 5.37,
            "gross_margin_4q_avg": 5.61,
            "net_income": 12899,
            "net_income_4q": null,
            "revenue": 1405470,
            "revenue_4q": null,
            "common_shares": 3241511,
            "book_valuer_per_share": 15.47,
            "book_valuer_per_share_4q_avg": 15.63,
            "equity": 5041936,
            "current_ratio": 381.42,
            "debt_ratio": 14.69,
            "inventory_turnover_ratio": 1.27,
            "account_receivable_turnover_ratio": 1.37,
            "reinvestment_rate": 114.14,
            "research_to_sale_ratio": null,
            "price_fair": 26.8,
            "eps_avg_yearly": 0.77,
            "eps_latest_yearly": 0.16,
            "eps_growth_yearly": 129.89
        },
        "20123": {
            "year_quarter": 20123,
            "year": 2012,
            "quarter": 3,
            "eps": 0.21,
            "eps_growth_year": 11.37,
            "eps_4q": 0.72,
            "eps_4q_growth_year": 7.69,
            "roe": 1.32,
            "roe_4q": 4.58,
            "gross_profit": 97434,
            "gross_margin": 7.85,
            "gross_margin_4q_avg": 5.73,
            "net_income": 66936,
            "net_income_4q": null,
            "revenue": 1241246,
            "revenue_4q": null,
            "common_shares": 3241511,
            "book_valuer_per_share": 15.68,
            "book_valuer_per_share_4q_avg": 15.64,
            "equity": 5108543,
            "current_ratio": 425.37,
            "debt_ratio": 13.43,
            "inventory_turnover_ratio": 1.05,
            "account_receivable_turnover_ratio": 1.34,
            "reinvestment_rate": 108.14,
            "research_to_sale_ratio": null,
            "price_fair": 27.6,
            "eps_avg_yearly": 0.79,
            "eps_latest_yearly": 0.84,
            "eps_growth_yearly": 251.32
        },
        "20124": {
            "year_quarter": 20124,
            "year": 2012,
            "quarter": 4,
            "eps": -0.35,
            "eps_growth_year": -332.68,
            "eps_4q": 0.22,
            "eps_4q_growth_year": -53.3,
            "roe": -2.29,
            "roe_4q": 1.3099999999999998,
            "gross_profit": 30529,
            "gross_margin": 2.63,
            "gross_margin_4q_avg": 6.06,
            "net_income": -115232,
            "net_income_4q": null,
            "revenue": 1161504,
            "revenue_4q": null,
            "common_shares": 3241511,
            "book_valuer_per_share": 15.23,
            "book_valuer_per_share_4q_avg": 15.57,
            "equity": 4960507,
            "current_ratio": 438.86,
            "debt_ratio": 12.84,
            "inventory_turnover_ratio": 1.12,
            "account_receivable_turnover_ratio": 1.41,
            "reinvestment_rate": 93.3,
            "research_to_sale_ratio": null,
            "price_fair": 27.6,
            "eps_avg_yearly": 0.79,
            "eps_latest_yearly": 0.84,
            "eps_growth_yearly": 251.32
        },
        "20131": {
            "year_quarter": 20131,
            "year": 2013,
            "quarter": 1,
            "eps": 0.06,
            "eps_growth_year": -81.25,
            "eps_4q": -0.03,
            "eps_4q_growth_year": -103.48,
            "roe": 0.42,
            "roe_4q": -0.30000000000000004,
            "gross_profit": 22165,
            "gross_margin": 2.16,
            "gross_margin_4q_avg": 4.5,
            "net_income": 20976,
            "net_income_4q": null,
            "revenue": 1026152,
            "revenue_4q": null,
            "common_shares": 3241511,
            "book_valuer_per_share": 15.42,
            "book_valuer_per_share_4q_avg": 15.45,
            "equity": 5016770,
            "current_ratio": 423.7,
            "debt_ratio": 14.2,
            "inventory_turnover_ratio": 0.99,
            "account_receivable_turnover_ratio": 1.27,
            "reinvestment_rate": 120.09,
            "research_to_sale_ratio": null,
            "price_fair": 27.6,
            "eps_avg_yearly": 0.79,
            "eps_latest_yearly": 0.84,
            "eps_growth_yearly": 251.32
        },
        "20132": {
            "year_quarter": 20132,
            "year": 2013,
            "quarter": 2,
            "eps": -0.05,
            "eps_growth_year": -217.62,
            "eps_4q": -0.11,
            "eps_4q_growth_year": -116.23,
            "roe": -0.32,
            "roe_4q": -0.8699999999999999,
            "gross_profit": 8647,
            "gross_margin": 0.86,
            "gross_margin_4q_avg": 3.38,
            "net_income": -15718,
            "net_income_4q": null,
            "revenue": 1001608,
            "revenue_4q": null,
            "common_shares": 3241511,
            "book_valuer_per_share": 15,
            "book_valuer_per_share_4q_avg": 15.33,
            "equity": 4879973,
            "current_ratio": 357.37,
            "debt_ratio": 16.42,
            "inventory_turnover_ratio": 0.99,
            "account_receivable_turnover_ratio": 1.3,
            "reinvestment_rate": 126.51,
            "research_to_sale_ratio": null,
            "price_fair": 29.18,
            "eps_avg_yearly": 0.83,
            "eps_latest_yearly": 0.84,
            "eps_growth_yearly": 292.88
        },
        "20133": {
            "year_quarter": 20133,
            "year": 2013,
            "quarter": 3,
            "eps": 0.09,
            "eps_growth_year": -56.72,
            "eps_4q": -0.23,
            "eps_4q_growth_year": -132.35,
            "roe": 0.55,
            "roe_4q": -1.6400000000000001,
            "gross_profit": 36812,
            "gross_margin": 3.37,
            "gross_margin_4q_avg": 2.26,
            "net_income": 26994,
            "net_income_4q": null,
            "revenue": 1092994,
            "revenue_4q": null,
            "common_shares": 3241511,
            "book_valuer_per_share": 15.1,
            "book_valuer_per_share_4q_avg": 15.19,
            "equity": 4911827,
            "current_ratio": 415.33,
            "debt_ratio": 14.22,
            "inventory_turnover_ratio": 1.21,
            "account_receivable_turnover_ratio": 1.36,
            "reinvestment_rate": 134.6,
            "research_to_sale_ratio": null,
            "price_fair": 28.82,
            "eps_avg_yearly": 0.82,
            "eps_latest_yearly": 0.84,
            "eps_growth_yearly": 190.61
        },
        "20134": {
            "year_quarter": 20134,
            "year": 2013,
            "quarter": 4,
            "eps": 0.04,
            "eps_growth_year": null,
            "eps_4q": 0.16,
            "eps_4q_growth_year": -29.31,
            "roe": 0.22,
            "roe_4q": 0.87,
            "gross_profit": 47136,
            "gross_margin": 4.05,
            "gross_margin_4q_avg": 2.61,
            "net_income": 10867,
            "net_income_4q": null,
            "revenue": 1163082,
            "revenue_4q": null,
            "common_shares": 3241511,
            "book_valuer_per_share": 15.15,
            "book_valuer_per_share_4q_avg": 15.17,
            "equity": 4923537,
            "current_ratio": 436.74,
            "debt_ratio": 14.98,
            "inventory_turnover_ratio": 1.35,
            "account_receivable_turnover_ratio": 1.44,
            "reinvestment_rate": -43.99,
            "research_to_sale_ratio": null,
            "price_fair": 26.02,
            "eps_avg_yearly": 0.74,
            "eps_latest_yearly": 0.16,
            "eps_growth_yearly": 166.54
        },
        "20141": {
            "year_quarter": 20141,
            "year": 2014,
            "quarter": 1,
            "eps": 0.28,
            "eps_growth_year": 366.67,
            "eps_4q": 0.37,
            "eps_4q_growth_year": null,
            "roe": 1.85,
            "roe_4q": 2.3000000000000003,
            "gross_profit": 73302,
            "gross_margin": 6.33,
            "gross_margin_4q_avg": 3.65,
            "net_income": 91766,
            "net_income_4q": null,
            "revenue": 1157110,
            "revenue_4q": null,
            "common_shares": 3241511,
            "book_valuer_per_share": 15.34,
            "book_valuer_per_share_4q_avg": 15.15,
            "equity": 4985815,
            "current_ratio": 430.44,
            "debt_ratio": 14.89,
            "inventory_turnover_ratio": 1.3,
            "account_receivable_turnover_ratio": 1.41,
            "reinvestment_rate": -49.03,
            "research_to_sale_ratio": null,
            "price_fair": 26.37,
            "eps_avg_yearly": 0.75,
            "eps_latest_yearly": 1.12,
            "eps_growth_yearly": 370.11
        },
        "20142": {
            "year_quarter": 20142,
            "year": 2014,
            "quarter": 2,
            "eps": 0.22,
            "eps_growth_year": null,
            "eps_4q": 0.64,
            "eps_4q_growth_year": null,
            "roe": 1.62,
            "roe_4q": 4.24,
            "gross_profit": 39439,
            "gross_margin": 4.33,
            "gross_margin_4q_avg": 4.52,
            "net_income": 79662,
            "net_income_4q": null,
            "revenue": 910139,
            "revenue_4q": null,
            "common_shares": 3241511,
            "book_valuer_per_share": 14.8,
            "book_valuer_per_share_4q_avg": 15.1,
            "equity": 4819740,
            "current_ratio": 353.87,
            "debt_ratio": 16.59,
            "inventory_turnover_ratio": 1.09,
            "account_receivable_turnover_ratio": 1.17,
            "reinvestment_rate": -37.74,
            "research_to_sale_ratio": null,
            "price_fair": 26.72,
            "eps_avg_yearly": 0.76,
            "eps_latest_yearly": 0.88,
            "eps_growth_yearly": 370.97
        },
        "20143": {
            "year_quarter": 20143,
            "year": 2014,
            "quarter": 3,
            "eps": 0.14,
            "eps_growth_year": 55.56,
            "eps_4q": 0.69,
            "eps_4q_growth_year": null,
            "roe": 0.96,
            "roe_4q": 4.6499999999999995,
            "gross_profit": 41527,
            "gross_margin": 4.38,
            "gross_margin_4q_avg": 4.77,
            "net_income": 46568,
            "net_income_4q": null,
            "revenue": 947550,
            "revenue_4q": null,
            "common_shares": 3241511,
            "book_valuer_per_share": 14.99,
            "book_valuer_per_share_4q_avg": 15.07,
            "equity": 4881698,
            "current_ratio": 521.27,
            "debt_ratio": 11.1,
            "inventory_turnover_ratio": 1.1,
            "account_receivable_turnover_ratio": 1.33,
            "reinvestment_rate": -19.59,
            "research_to_sale_ratio": null,
            "price_fair": 24.27,
            "eps_avg_yearly": 0.69,
            "eps_latest_yearly": 0.56,
            "eps_growth_yearly": 330.78
        },
        "20144": {
            "year_quarter": 20144,
            "year": 2014,
            "quarter": 4,
            "eps": 0.13,
            "eps_growth_year": 188.32,
            "eps_4q": 0.77,
            "eps_4q_growth_year": 388.96,
            "roe": 0.87,
            "roe_4q": 5.300000000000001,
            "gross_profit": 17091,
            "gross_margin": 2.16,
            "gross_margin_4q_avg": 4.3,
            "net_income": 42525,
            "net_income_4q": null,
            "revenue": 790915,
            "revenue_4q": null,
            "common_shares": 3241511,
            "book_valuer_per_share": 15.15,
            "book_valuer_per_share_4q_avg": 15.07,
            "equity": 4921311,
            "current_ratio": 537.24,
            "debt_ratio": 10.84,
            "inventory_turnover_ratio": 0.87,
            "account_receivable_turnover_ratio": 1.2,
            "reinvestment_rate": -31.57,
            "research_to_sale_ratio": null,
            "price_fair": 21.82,
            "eps_avg_yearly": 0.62,
            "eps_latest_yearly": 0.52,
            "eps_growth_yearly": 329.35
        },
        "20151": {
            "year_quarter": 20151,
            "year": 2015,
            "quarter": 1,
            "eps": 0.07,
            "eps_growth_year": -75,
            "eps_4q": 0.56,
            "eps_4q_growth_year": 51.59,
            "roe": 0.49,
            "roe_4q": 3.94,
            "gross_profit": 21627,
            "gross_margin": 2.66,
            "gross_margin_4q_avg": 3.38,
            "net_income": 24126,
            "net_income_4q": null,
            "revenue": 811506,
            "revenue_4q": null,
            "common_shares": 3241511,
            "book_valuer_per_share": 15.2,
            "book_valuer_per_share_4q_avg": 15.04,
            "equity": 4935899,
            "current_ratio": 485.2,
            "debt_ratio": 11.78,
            "inventory_turnover_ratio": 0.9,
            "account_receivable_turnover_ratio": 1.28,
            "reinvestment_rate": -64.03,
            "research_to_sale_ratio": null,
            "price_fair": 21.93,
            "eps_avg_yearly": 0.63,
            "eps_latest_yearly": 0.28,
            "eps_growth_yearly": 341.42
        },
        "20152": {
            "year_quarter": 20152,
            "year": 2015,
            "quarter": 2,
            "eps": 0.06,
            "eps_growth_year": -72.73,
            "eps_4q": 0.41,
            "eps_4q_growth_year": -36.67,
            "roe": 0.42,
            "roe_4q": 2.7399999999999998,
            "gross_profit": 10321,
            "gross_margin": 1.34,
            "gross_margin_4q_avg": 2.64,
            "net_income": 20339,
            "net_income_4q": null,
            "revenue": 769351,
            "revenue_4q": null,
            "common_shares": 3241511,
            "book_valuer_per_share": 14.42,
            "book_valuer_per_share_4q_avg": 14.94,
            "equity": 4684889,
            "current_ratio": 380.59,
            "debt_ratio": 14.88,
            "inventory_turnover_ratio": 0.95,
            "account_receivable_turnover_ratio": 1.17,
            "reinvestment_rate": -82.21,
            "research_to_sale_ratio": null,
            "price_fair": 21.58,
            "eps_avg_yearly": 0.62,
            "eps_latest_yearly": 0.24,
            "eps_growth_yearly": 319.99
        },
        "20153": {
            "year_quarter": 20153,
            "year": 2015,
            "quarter": 3,
            "eps": -0.03,
            "eps_growth_year": -121.43,
            "eps_4q": 0.24,
            "eps_4q_growth_year": -65.55,
            "roe": -0.22,
            "roe_4q": 1.56,
            "gross_profit": 16631,
            "gross_margin": 2.06,
            "gross_margin_4q_avg": 2.06,
            "net_income": -10267,
            "net_income_4q": null,
            "revenue": 807886,
            "revenue_4q": null,
            "common_shares": 3241511,
            "book_valuer_per_share": 13.99,
            "book_valuer_per_share_4q_avg": 14.69,
            "equity": 4544161,
            "current_ratio": 433.38,
            "debt_ratio": 13.3,
            "inventory_turnover_ratio": 1.06,
            "account_receivable_turnover_ratio": 1.19,
            "reinvestment_rate": -99.96,
            "research_to_sale_ratio": null,
            "price_fair": 21.13,
            "eps_avg_yearly": 0.6,
            "eps_latest_yearly": 0.24,
            "eps_growth_yearly": 308.67
        },
        "20154": {
            "year_quarter": 20154,
            "year": 2015,
            "quarter": 4,
            "eps": 0.02,
            "eps_growth_year": -87.51,
            "eps_4q": 0.13,
            "eps_4q_growth_year": -83.46,
            "roe": 0.12,
            "roe_4q": 0.8099999999999999,
            "gross_profit": 36488,
            "gross_margin": 4.75,
            "gross_margin_4q_avg": 2.7,
            "net_income": 5399,
            "net_income_4q": null,
            "revenue": 768623,
            "revenue_4q": null,
            "common_shares": 3241511,
            "book_valuer_per_share": 14.16,
            "book_valuer_per_share_4q_avg": 14.44,
            "equity": 4483842,
            "current_ratio": 432.23,
            "debt_ratio": 13.44,
            "inventory_turnover_ratio": 1.01,
            "account_receivable_turnover_ratio": 1.16,
            "reinvestment_rate": -72.18,
            "research_to_sale_ratio": null,
            "price_fair": 21.14,
            "eps_avg_yearly": 0.6,
            "eps_latest_yearly": 0.24,
            "eps_growth_yearly": 347.96
        },
        "20161": {
            "year_quarter": 20161,
            "year": 2016,
            "quarter": 1,
            "eps": 0.01,
            "eps_growth_year": -85.71,
            "eps_4q": 0.06,
            "eps_4q_growth_year": -88.88,
            "roe": 0.08,
            "roe_4q": 0.4,
            "gross_profit": 49456,
            "gross_margin": 6.78,
            "gross_margin_4q_avg": 3.73,
            "net_income": 3524,
            "net_income_4q": null,
            "revenue": 729961,
            "revenue_4q": null,
            "common_shares": 3160801,
            "book_valuer_per_share": 14.05,
            "book_valuer_per_share_4q_avg": 14.16,
            "equity": 4448752,
            "current_ratio": 392.4,
            "debt_ratio": 14.79,
            "inventory_turnover_ratio": 0.91,
            "account_receivable_turnover_ratio": 1.18,
            "reinvestment_rate": -63.03,
            "research_to_sale_ratio": null,
            "price_fair": 16.8,
            "eps_avg_yearly": 0.48,
            "eps_latest_yearly": 0.04,
            "eps_growth_yearly": 282.63
        },
        "20162": {
            "year_quarter": 20162,
            "year": 2016,
            "quarter": 2,
            "eps": 0.04,
            "eps_growth_year": -33.33,
            "eps_4q": 0.04,
            "eps_4q_growth_year": -89.81,
            "roe": 0.31,
            "roe_4q": 0.29000000000000004,
            "gross_profit": 57921,
            "gross_margin": 7.15,
            "gross_margin_4q_avg": 5.19,
            "net_income": 13613,
            "net_income_4q": null,
            "revenue": 810221,
            "revenue_4q": null,
            "common_shares": 3160801,
            "book_valuer_per_share": 13.87,
            "book_valuer_per_share_4q_avg": 14.02,
            "equity": 4387347,
            "current_ratio": 362.93,
            "debt_ratio": 15.92,
            "inventory_turnover_ratio": 0.93,
            "account_receivable_turnover_ratio": 1.25,
            "reinvestment_rate": -73.77,
            "research_to_sale_ratio": null,
            "price_fair": 16.8,
            "eps_avg_yearly": 0.48,
            "eps_latest_yearly": 0.16,
            "eps_growth_yearly": 437.63
        },
        "20163": {
            "year_quarter": 20163,
            "year": 2016,
            "quarter": 3,
            "eps": 0.17,
            "eps_growth_year": null,
            "eps_4q": 0.24,
            "eps_4q_growth_year": -0.75,
            "roe": 1.18,
            "roe_4q": 1.69,
            "gross_profit": 48398,
            "gross_margin": 5.74,
            "gross_margin_4q_avg": 6.11,
            "net_income": 52235,
            "net_income_4q": null,
            "revenue": 842840,
            "revenue_4q": null,
            "common_shares": 3160801,
            "book_valuer_per_share": 14.1,
            "book_valuer_per_share_4q_avg": 14.05,
            "equity": 4459612,
            "current_ratio": 381.44,
            "debt_ratio": 14.84,
            "inventory_turnover_ratio": 0.96,
            "account_receivable_turnover_ratio": 1.25,
            "reinvestment_rate": -49.83,
            "research_to_sale_ratio": null,
            "price_fair": 16.24,
            "eps_avg_yearly": 0.46,
            "eps_latest_yearly": 0.68,
            "eps_growth_yearly": 397.63
        },
        "20164": {
            "year_quarter": 20164,
            "year": 2016,
            "quarter": 4,
            "eps": 0.08,
            "eps_growth_year": 396.34,
            "eps_4q": 0.3,
            "eps_4q_growth_year": 133.97,
            "roe": 0.56,
            "roe_4q": 2.13,
            "gross_profit": 53744,
            "gross_margin": 6.51,
            "gross_margin_4q_avg": 6.55,
            "net_income": 25211,
            "net_income_4q": null,
            "revenue": 825555,
            "revenue_4q": null,
            "common_shares": 3160801,
            "book_valuer_per_share": 14.23,
            "book_valuer_per_share_4q_avg": 14.06,
            "equity": 4500729,
            "current_ratio": 357.33,
            "debt_ratio": 15.87,
            "inventory_turnover_ratio": 0.92,
            "account_receivable_turnover_ratio": 1.22,
            "reinvestment_rate": -0.82,
            "research_to_sale_ratio": null,
            "price_fair": 15.78,
            "eps_avg_yearly": 0.45,
            "eps_latest_yearly": 0.32,
            "eps_growth_yearly": 342.23
        },
        "20171": {
            "year_quarter": 20171,
            "year": 2017,
            "quarter": 1,
            "eps": 0.2,
            "eps_growth_year": 1900,
            "eps_4q": 0.49,
            "eps_4q_growth_year": 683.04,
            "roe": 1.42,
            "roe_4q": 3.47,
            "gross_profit": 80616,
            "gross_margin": 8.98,
            "gross_margin_4q_avg": 7.1,
            "net_income": 64420,
            "net_income_4q": null,
            "revenue": 897446,
            "revenue_4q": null,
            "common_shares": 3160801,
            "book_valuer_per_share": 14.41,
            "book_valuer_per_share_4q_avg": 14.15,
            "equity": 4558623,
            "current_ratio": 396.71,
            "debt_ratio": 14.87,
            "inventory_turnover_ratio": 0.94,
            "account_receivable_turnover_ratio": 1.27,
            "reinvestment_rate": -36.15,
            "research_to_sale_ratio": null,
            "price_fair": 16.8,
            "eps_avg_yearly": 0.48,
            "eps_latest_yearly": 0.8,
            "eps_growth_yearly": 363.71
        },
        "20172": {
            "year_quarter": 20172,
            "year": 2017,
            "quarter": 2,
            "eps": 0.22,
            "eps_growth_year": 450,
            "eps_4q": 0.67,
            "eps_4q_growth_year": 1525.23,
            "roe": 1.54,
            "roe_4q": 4.7,
            "gross_profit": 68997,
            "gross_margin": 7.6,
            "gross_margin_4q_avg": 7.21,
            "net_income": 70162,
            "net_income_4q": null,
            "revenue": 907368,
            "revenue_4q": null,
            "common_shares": 3160801,
            "book_valuer_per_share": 14.36,
            "book_valuer_per_share_4q_avg": 14.28,
            "equity": 4543622,
            "current_ratio": 418.34,
            "debt_ratio": 14.21,
            "inventory_turnover_ratio": 0.96,
            "account_receivable_turnover_ratio": 1.23,
            "reinvestment_rate": -16.28,
            "research_to_sale_ratio": null,
            "price_fair": 17.88,
            "eps_avg_yearly": 0.51,
            "eps_latest_yearly": 0.88,
            "eps_growth_yearly": 338.81
        },
        "20173": {
            "year_quarter": 20173,
            "year": 2017,
            "quarter": 3,
            "eps": 0.18,
            "eps_growth_year": 5.88,
            "eps_4q": 0.68,
            "eps_4q_growth_year": 188.99,
            "roe": 1.21,
            "roe_4q": 4.73,
            "gross_profit": 79981,
            "gross_margin": 9.05,
            "gross_margin_4q_avg": 8.04,
            "net_income": 55707,
            "net_income_4q": null,
            "revenue": 883305,
            "revenue_4q": null,
            "common_shares": 3160801,
            "book_valuer_per_share": 14.63,
            "book_valuer_per_share_4q_avg": 14.41,
            "equity": 4627762,
            "current_ratio": 533.85,
            "debt_ratio": 11.43,
            "inventory_turnover_ratio": 0.95,
            "account_receivable_turnover_ratio": 1.26,
            "reinvestment_rate": -9.69,
            "research_to_sale_ratio": null,
            "price_fair": 18.4,
            "eps_avg_yearly": 0.53,
            "eps_latest_yearly": 0.72,
            "eps_growth_yearly": 309.41
        },
        "20174": {
            "year_quarter": 20174,
            "year": 2017,
            "quarter": 4,
            "eps": 0.05,
            "eps_growth_year": -40.64,
            "eps_4q": 0.65,
            "eps_4q_growth_year": 116.78,
            "roe": 0.32,
            "roe_4q": 4.49,
            "gross_profit": 24930,
            "gross_margin": 2.82,
            "gross_margin_4q_avg": 7.11,
            "net_income": 15096,
            "net_income_4q": null,
            "revenue": 884262,
            "revenue_4q": null,
            "common_shares": 3160801,
            "book_valuer_per_share": 14.84,
            "book_valuer_per_share_4q_avg": 14.56,
            "equity": 4693241,
            "current_ratio": 523,
            "debt_ratio": 11.8,
            "inventory_turnover_ratio": 1.01,
            "account_receivable_turnover_ratio": 1.26,
            "reinvestment_rate": 35.28,
            "research_to_sale_ratio": null,
            "price_fair": 18.5,
            "eps_avg_yearly": 0.53,
            "eps_latest_yearly": 0.2,
            "eps_growth_yearly": 304.65
        },
        "20181": {
            "year_quarter": 20181,
            "year": 2018,
            "quarter": 1,
            "eps": 0.13,
            "eps_growth_year": -35,
            "eps_4q": 0.58,
            "eps_4q_growth_year": 17.44,
            "roe": 0.87,
            "roe_4q": 3.94,
            "gross_profit": 77186,
            "gross_margin": 8.08,
            "gross_margin_4q_avg": 6.89,
            "net_income": 41495,
            "net_income_4q": null,
            "revenue": 955319,
            "revenue_4q": null,
            "common_shares": 3160801,
            "book_valuer_per_share": 15.49,
            "book_valuer_per_share_4q_avg": 14.83,
            "equity": 4898741,
            "current_ratio": 501.67,
            "debt_ratio": 12.47,
            "inventory_turnover_ratio": 0.97,
            "account_receivable_turnover_ratio": 1.27,
            "reinvestment_rate": -127.67,
            "research_to_sale_ratio": null,
            "price_fair": 17,
            "eps_avg_yearly": 0.49,
            "eps_latest_yearly": 0.52,
            "eps_growth_yearly": 178.94
        },
        "20182": {
            "year_quarter": 20182,
            "year": 2018,
            "quarter": 2,
            "eps": 0.1,
            "eps_growth_year": -54.55,
            "eps_4q": 0.46,
            "eps_4q_growth_year": -31.82,
            "roe": 0.68,
            "roe_4q": 3.08,
            "gross_profit": 100408,
            "gross_margin": 10.04,
            "gross_margin_4q_avg": 7.5,
            "net_income": 32460,
            "net_income_4q": null,
            "revenue": 1000485,
            "revenue_4q": null,
            "common_shares": 3160801,
            "book_valuer_per_share": 14.71,
            "book_valuer_per_share_4q_avg": 14.92,
            "equity": 4652120,
            "current_ratio": 373.68,
            "debt_ratio": 16.57,
            "inventory_turnover_ratio": 0.89,
            "account_receivable_turnover_ratio": 1.21,
            "reinvestment_rate": -153.62,
            "research_to_sale_ratio": null,
            "price_fair": 15.8,
            "eps_avg_yearly": 0.45,
            "eps_latest_yearly": 0.4,
            "eps_growth_yearly": 178.47
        },
        "20183": {
            "year_quarter": 20183,
            "year": 2018,
            "quarter": 3,
            "eps": 0.2,
            "eps_growth_year": 11.11,
            "eps_4q": 0.48,
            "eps_4q_growth_year": -29.28,
            "roe": 1.37,
            "roe_4q": 3.24,
            "gross_profit": 95853,
            "gross_margin": 9.2,
            "gross_margin_4q_avg": 7.54,
            "net_income": 63581,
            "net_income_4q": null,
            "revenue": 1041372,
            "revenue_4q": null,
            "common_shares": 3160801,
            "book_valuer_per_share": 14.55,
            "book_valuer_per_share_4q_avg": 14.9,
            "equity": 4601998,
            "current_ratio": 401.03,
            "debt_ratio": 15.63,
            "inventory_turnover_ratio": 0.9,
            "account_receivable_turnover_ratio": 1.28,
            "reinvestment_rate": -170.99,
            "research_to_sale_ratio": null,
            "price_fair": 16.4,
            "eps_avg_yearly": 0.47,
            "eps_latest_yearly": 0.8,
            "eps_growth_yearly": 217.43
        },
        "20184": {
            "year_quarter": 20184,
            "year": 2018,
            "quarter": 4,
            "eps": -0.05,
            "eps_growth_year": -200.02,
            "eps_4q": 0.39,
            "eps_4q_growth_year": -40.32,
            "roe": -0.33,
            "roe_4q": 2.5900000000000003,
            "gross_profit": 93606,
            "gross_margin": 10.69,
            "gross_margin_4q_avg": 9.5,
            "net_income": -15001,
            "net_income_4q": null,
            "revenue": 875655,
            "revenue_4q": null,
            "common_shares": 3160801,
            "book_valuer_per_share": 14.06,
            "book_valuer_per_share_4q_avg": 14.7,
            "equity": 4446319,
            "current_ratio": 462.45,
            "debt_ratio": 13.8,
            "inventory_turnover_ratio": 0.73,
            "account_receivable_turnover_ratio": 1.25,
            "reinvestment_rate": -193.24,
            "research_to_sale_ratio": null,
            "price_fair": 16.26,
            "eps_avg_yearly": 0.46,
            "eps_latest_yearly": 0.8,
            "eps_growth_yearly": 236.35
        },
        "20191": {
            "year_quarter": 20191,
            "year": 2019,
            "quarter": 1,
            "eps": 0.25,
            "eps_growth_year": 92.31,
            "eps_4q": 0.5,
            "eps_4q_growth_year": -12.73,
            "roe": 1.74,
            "roe_4q": 3.4600000000000004,
            "gross_profit": 83790,
            "gross_margin": 9.19,
            "gross_margin_4q_avg": 9.78,
            "net_income": 78257,
            "net_income_4q": null,
            "revenue": 911407,
            "revenue_4q": null,
            "common_shares": 3160801,
            "book_valuer_per_share": 14.44,
            "book_valuer_per_share_4q_avg": 14.44,
            "equity": 4567626,
            "current_ratio": 442.72,
            "debt_ratio": 14.63,
            "inventory_turnover_ratio": 0.74,
            "account_receivable_turnover_ratio": 1.3,
            "reinvestment_rate": -165.11,
            "research_to_sale_ratio": null,
            "price_fair": 16.8,
            "eps_avg_yearly": 0.48,
            "eps_latest_yearly": 0.8,
            "eps_growth_yearly": 271.43
        },
        "20192": {
            "year_quarter": 20192,
            "year": 2019,
            "quarter": 2,
            "eps": 0.22,
            "eps_growth_year": 120,
            "eps_4q": 0.62,
            "eps_4q_growth_year": 35.69,
            "roe": 1.5,
            "roe_4q": 4.28,
            "gross_profit": 28233,
            "gross_margin": 3.29,
            "gross_margin_4q_avg": 8.09,
            "net_income": 69118,
            "net_income_4q": null,
            "revenue": 858945,
            "revenue_4q": null,
            "common_shares": 3160801,
            "book_valuer_per_share": 14.66,
            "book_valuer_per_share_4q_avg": 14.43,
            "equity": 4637732,
            "current_ratio": 335.54,
            "debt_ratio": 18.83,
            "inventory_turnover_ratio": 0.7,
            "account_receivable_turnover_ratio": 1.04,
            "reinvestment_rate": -117.17,
            "research_to_sale_ratio": null,
            "price_fair": 18.67,
            "eps_avg_yearly": 0.53,
            "eps_latest_yearly": 0.88,
            "eps_growth_yearly": 272.19
        },
        "20193": {
            "year_quarter": 20193,
            "year": 2019,
            "quarter": 3,
            "eps": 0.06,
            "eps_growth_year": -70,
            "eps_4q": 0.48,
            "eps_4q_growth_year": -0.03,
            "roe": 0.43,
            "roe_4q": 3.34,
            "gross_profit": 41463,
            "gross_margin": 4.86,
            "gross_margin_4q_avg": 7.01,
            "net_income": 19921,
            "net_income_4q": null,
            "revenue": 853454,
            "revenue_4q": null,
            "common_shares": 3160801,
            "book_valuer_per_share": 14.48,
            "book_valuer_per_share_4q_avg": 14.41,
            "equity": 4579672,
            "current_ratio": 296.42,
            "debt_ratio": 20.82,
            "inventory_turnover_ratio": 0.65,
            "account_receivable_turnover_ratio": 0.93,
            "reinvestment_rate": -82.82,
            "research_to_sale_ratio": null,
            "price_fair": 17.88,
            "eps_avg_yearly": 0.51,
            "eps_latest_yearly": 0.24,
            "eps_growth_yearly": 228.88
        },
        "20194": {
            "year_quarter": 20194,
            "year": 2019,
            "quarter": 4,
            "eps": 0.11,
            "eps_growth_year": null,
            "eps_4q": 0.64,
            "eps_4q_growth_year": 64.48,
            "roe": 0.74,
            "roe_4q": 4.41,
            "gross_profit": 61273,
            "gross_margin": 6.96,
            "gross_margin_4q_avg": 6.08,
            "net_income": 34105,
            "net_income_4q": null,
            "revenue": 880507,
            "revenue_4q": null,
            "common_shares": 3160801,
            "book_valuer_per_share": 14.73,
            "book_valuer_per_share_4q_avg": 14.58,
            "equity": 4658409,
            "current_ratio": 303.61,
            "debt_ratio": 20.28,
            "inventory_turnover_ratio": 0.66,
            "account_receivable_turnover_ratio": 0.97,
            "reinvestment_rate": -73.8,
            "research_to_sale_ratio": null,
            "price_fair": 17.7,
            "eps_avg_yearly": 0.51,
            "eps_latest_yearly": 0.44,
            "eps_growth_yearly": 236.34
        },
        "20201": {
            "year_quarter": 20201,
            "year": 2020,
            "quarter": 1,
            "eps": -0.16,
            "eps_growth_year": -164,
            "eps_4q": 0.23,
            "eps_4q_growth_year": -54.48,
            "roe": -1.13,
            "roe_4q": 1.54,
            "gross_profit": 98483,
            "gross_margin": 8.45,
            "gross_margin_4q_avg": 5.89,
            "net_income": -50970,
            "net_income_4q": null,
            "revenue": 1165016,
            "revenue_4q": null,
            "common_shares": 3160801,
            "book_valuer_per_share": 13.85,
            "book_valuer_per_share_4q_avg": 14.43,
            "equity": 4379618,
            "current_ratio": 282.04,
            "debt_ratio": 22.38,
            "inventory_turnover_ratio": 0.9,
            "account_receivable_turnover_ratio": 1.1,
            "reinvestment_rate": -88.1,
            "research_to_sale_ratio": null,
            "price_fair": 18.95,
            "eps_avg_yearly": 0.54,
            "eps_latest_yearly": 0.44,
            "eps_growth_yearly": 269.9
        },
        "20202": {
            "year_quarter": 20202,
            "year": 2020,
            "quarter": 2,
            "eps": 0.49,
            "eps_growth_year": 122.73,
            "eps_4q": 0.5,
            "eps_4q_growth_year": -19.42,
            "roe": 3.44,
            "roe_4q": 3.48,
            "gross_profit": 165727,
            "gross_margin": 13.9,
            "gross_margin_4q_avg": 8.54,
            "net_income": 154977,
            "net_income_4q": null,
            "revenue": 1192189,
            "revenue_4q": null,
            "common_shares": 3160801,
            "book_valuer_per_share": 14.61,
            "book_valuer_per_share_4q_avg": 14.42,
            "equity": 4619849,
            "current_ratio": 331.01,
            "debt_ratio": 18.95,
            "inventory_turnover_ratio": 0.88,
            "account_receivable_turnover_ratio": 1.1,
            "reinvestment_rate": -67.47,
            "research_to_sale_ratio": null,
            "price_fair": 20.07,
            "eps_avg_yearly": 0.57,
            "eps_latest_yearly": 0.44,
            "eps_growth_yearly": 192.39
        },
        "20203": {
            "year_quarter": 20203,
            "year": 2020,
            "quarter": 3,
            "eps": 0.81,
            "eps_growth_year": 1250,
            "eps_4q": 1.25,
            "eps_4q_growth_year": 158.78,
            "roe": 5.33,
            "roe_4q": 8.379999999999999,
            "gross_profit": 141128,
            "gross_margin": 13.03,
            "gross_margin_4q_avg": 10.59,
            "net_income": 256384,
            "net_income_4q": null,
            "revenue": 1082813,
            "revenue_4q": null,
            "common_shares": 3160801,
            "book_valuer_per_share": 15.81,
            "book_valuer_per_share_4q_avg": 14.75,
            "equity": 4999743,
            "current_ratio": 547.43,
            "debt_ratio": 13.62,
            "inventory_turnover_ratio": 0.77,
            "account_receivable_turnover_ratio": 1.29,
            "reinvestment_rate": -88.23,
            "research_to_sale_ratio": null,
            "price_fair": 27.53,
            "eps_avg_yearly": 0.79,
            "eps_latest_yearly": 3.24,
            "eps_growth_yearly": 105.83
        },
        "20204": {
            "year_quarter": 20204,
            "year": 2020,
            "quarter": 4,
            "eps": 0.5,
            "eps_growth_year": 358.62,
            "eps_4q": 1.64,
            "eps_4q_growth_year": 156.5,
            "roe": 3.05,
            "roe_4q": 10.689999999999998,
            "gross_profit": 136607,
            "gross_margin": 12.12,
            "gross_margin_4q_avg": 11.88,
            "net_income": 156778,
            "net_income_4q": null,
            "revenue": 1127144,
            "revenue_4q": null,
            "common_shares": 3160801,
            "book_valuer_per_share": 16.75,
            "book_valuer_per_share_4q_avg": 15.26,
            "equity": 5296315,
            "current_ratio": 543.15,
            "debt_ratio": 13.77,
            "inventory_turnover_ratio": 0.72,
            "account_receivable_turnover_ratio": 1.6,
            "reinvestment_rate": -69.31,
            "research_to_sale_ratio": null,
            "price_fair": 32.43,
            "eps_avg_yearly": 0.93,
            "eps_latest_yearly": 2,
            "eps_growth_yearly": 110.72
        },
        "20211": {
            "year_quarter": 20211,
            "year": 2021,
            "quarter": 1,
            "eps": 0.56,
            "eps_growth_year": null,
            "eps_4q": 2.36,
            "eps_4q_growth_year": 928.97,
            "roe": 3.29,
            "roe_4q": 15.11,
            "gross_profit": 195080,
            "gross_margin": 13.37,
            "gross_margin_4q_avg": 13.11,
            "net_income": 178333,
            "net_income_4q": null,
            "revenue": 1459167,
            "revenue_4q": null,
            "common_shares": 3160801,
            "book_valuer_per_share": 17.54,
            "book_valuer_per_share_4q_avg": 16.18,
            "equity": 5544468,
            "current_ratio": 477.2,
            "debt_ratio": 15.46,
            "inventory_turnover_ratio": 0.82,
            "account_receivable_turnover_ratio": 1.73,
            "reinvestment_rate": -62.01,
            "research_to_sale_ratio": null,
            "price_fair": 36.63,
            "eps_avg_yearly": 1.05,
            "eps_latest_yearly": 2.24,
            "eps_growth_yearly": 64.72
        },
        "20212": {
            "year_quarter": 20212,
            "year": 2021,
            "quarter": 2,
            "eps": 0.57,
            "eps_growth_year": 16.33,
            "eps_4q": 2.44,
            "eps_4q_growth_year": 388.06,
            "roe": 3.3,
            "roe_4q": 14.97,
            "gross_profit": 250240,
            "gross_margin": 15.48,
            "gross_margin_4q_avg": 13.5,
            "net_income": 180622,
            "net_income_4q": null,
            "revenue": 1616074,
            "revenue_4q": null,
            "common_shares": 3160801,
            "book_valuer_per_share": 17.11,
            "book_valuer_per_share_4q_avg": 16.8,
            "equity": 5408798,
            "current_ratio": 323.92,
            "debt_ratio": 21.7,
            "inventory_turnover_ratio": 0.77,
            "account_receivable_turnover_ratio": 1.47,
            "reinvestment_rate": -62.38,
            "research_to_sale_ratio": null,
            "price_fair": 40.72,
            "eps_avg_yearly": 1.16,
            "eps_latest_yearly": 2.28,
            "eps_growth_yearly": 61.98
        },
        "20213": {
            "year_quarter": 20213,
            "year": 2021,
            "quarter": 3,
            "eps": 0.36,
            "eps_growth_year": -55.56,
            "eps_4q": 2,
            "eps_4q_growth_year": 59.94,
            "roe": 2.13,
            "roe_4q": 11.77,
            "gross_profit": 187856,
            "gross_margin": 10.87,
            "gross_margin_4q_avg": 12.96,
            "net_income": 115590,
            "net_income_4q": null,
            "revenue": 1728196,
            "revenue_4q": null,
            "common_shares": 3160801,
            "book_valuer_per_share": 17.28,
            "book_valuer_per_share_4q_avg": 17.17,
            "equity": 5462842,
            "current_ratio": 334.96,
            "debt_ratio": 20.86,
            "inventory_turnover_ratio": 0.76,
            "account_receivable_turnover_ratio": 1.4,
            "reinvestment_rate": -62.08,
            "research_to_sale_ratio": null,
            "price_fair": 42.82,
            "eps_avg_yearly": 1.22,
            "eps_latest_yearly": 1.44,
            "eps_growth_yearly": 55.76
        },
        "20214": {
            "year_quarter": 20214,
            "year": 2021,
            "quarter": 4,
            "eps": 7.04,
            "eps_growth_year": 1317.55,
            "eps_4q": 8.54,
            "eps_4q_growth_year": 421.51,
            "roe": 33.49,
            "roe_4q": 42.21,
            "gross_profit": 116099,
            "gross_margin": 7.72,
            "gross_margin_4q_avg": 11.86,
            "net_income": 2223902,
            "net_income_4q": null,
            "revenue": 1503846,
            "revenue_4q": null,
            "common_shares": 3160801,
            "book_valuer_per_share": 24.73,
            "book_valuer_per_share_4q_avg": 19.17,
            "equity": 7817363,
            "current_ratio": 798.56,
            "debt_ratio": 10.56,
            "inventory_turnover_ratio": 0.69,
            "account_receivable_turnover_ratio": 1.64,
            "reinvestment_rate": -28.47,
            "research_to_sale_ratio": null,
            "price_fair": 124.37,
            "eps_avg_yearly": 3.55,
            "eps_latest_yearly": 28.16,
            "eps_growth_yearly": 698.35
        },
        "20221": {
            "year_quarter": 20221,
            "year": 2022,
            "quarter": 1,
            "eps": 0.36,
            "eps_growth_year": -35.71,
            "eps_4q": 8.33,
            "eps_4q_growth_year": 252.72,
            "roe": 1.44,
            "roe_4q": 40.36,
            "gross_profit": 227299,
            "gross_margin": 13.72,
            "gross_margin_4q_avg": 11.95,
            "net_income": 113431,
            "net_income_4q": null,
            "revenue": 1656512,
            "revenue_4q": null,
            "common_shares": 3160801,
            "book_valuer_per_share": 25,
            "book_valuer_per_share_4q_avg": 21.03,
            "equity": 7904742,
            "current_ratio": 707.83,
            "debt_ratio": 11.74,
            "inventory_turnover_ratio": 0.73,
            "account_receivable_turnover_ratio": 2.37,
            "reinvestment_rate": -0.72,
            "research_to_sale_ratio": null,
            "price_fair": 127.05,
            "eps_avg_yearly": 3.63,
            "eps_latest_yearly": 1.44,
            "eps_growth_yearly": 613.39
        },
        "20222": {
            "year_quarter": 20222,
            "year": 2022,
            "quarter": 2,
            "eps": 0.09,
            "eps_growth_year": -84.21,
            "eps_4q": 7.85,
            "eps_4q_growth_year": 221.15,
            "roe": 0.37,
            "roe_4q": 37.43000000000001,
            "gross_profit": 183053,
            "gross_margin": 12.94,
            "gross_margin_4q_avg": 11.31,
            "net_income": 27373,
            "net_income_4q": null,
            "revenue": 1414815,
            "revenue_4q": null,
            "common_shares": 3160801,
            "book_valuer_per_share": 21.88,
            "book_valuer_per_share_4q_avg": 22.22,
            "equity": 6917432,
            "current_ratio": 337.81,
            "debt_ratio": 22.82,
            "inventory_turnover_ratio": 0.59,
            "account_receivable_turnover_ratio": 1.66,
            "reinvestment_rate": -1.48,
            "research_to_sale_ratio": null,
            "price_fair": 126.93,
            "eps_avg_yearly": 3.63,
            "eps_latest_yearly": 0.36,
            "eps_growth_yearly": 596.08
        },
        "20223": {
            "year_quarter": 20223,
            "year": 2022,
            "quarter": 3,
            "eps": 0.25,
            "eps_growth_year": -30.56,
            "eps_4q": 7.74,
            "eps_4q_growth_year": 287.35,
            "roe": 1.17,
            "roe_4q": 36.47,
            "gross_profit": 162657,
            "gross_margin": 10.8,
            "gross_margin_4q_avg": 11.3,
            "net_income": 80930,
            "net_income_4q": null,
            "revenue": 1506111,
            "revenue_4q": null,
            "common_shares": 3160801,
            "book_valuer_per_share": 21.93,
            "book_valuer_per_share_4q_avg": 23.39,
            "equity": 6934365,
            "current_ratio": 700.14,
            "debt_ratio": 11.71,
            "inventory_turnover_ratio": 0.62,
            "account_receivable_turnover_ratio": 1.59,
            "reinvestment_rate": -2.25,
            "research_to_sale_ratio": null,
            "price_fair": 127.52,
            "eps_avg_yearly": 3.64,
            "eps_latest_yearly": 1,
            "eps_growth_yearly": 622.01
        },
        "20224": {
            "year_quarter": 20224,
            "year": 2022,
            "quarter": 4,
            "eps": 0.42,
            "eps_growth_year": -94.06,
            "eps_4q": 1.12,
            "eps_4q_growth_year": -86.89,
            "roe": 1.89,
            "roe_4q": 4.869999999999999,
            "gross_profit": 194453,
            "gross_margin": 10.75,
            "gross_margin_4q_avg": 12.05,
            "net_income": 132395,
            "net_income_4q": null,
            "revenue": 1808507,
            "revenue_4q": null,
            "common_shares": 3160801,
            "book_valuer_per_share": 22.48,
            "book_valuer_per_share_4q_avg": 22.82,
            "equity": 7106379,
            "current_ratio": 596.88,
            "debt_ratio": 13.43,
            "inventory_turnover_ratio": 0.82,
            "account_receivable_turnover_ratio": 1.86,
            "reinvestment_rate": -3.86,
            "research_to_sale_ratio": null,
            "price_fair": 122.23,
            "eps_avg_yearly": 3.49,
            "eps_latest_yearly": 1.68,
            "eps_growth_yearly": 595.09
        },
        "20231": {
            "year_quarter": 20231,
            "year": 2023,
            "quarter": 1,
            "eps": 0.5,
            "eps_growth_year": 38.89,
            "eps_4q": 1.26,
            "eps_4q_growth_year": -84.84,
            "roe": 2.19,
            "roe_4q": 5.62,
            "gross_profit": 217451,
            "gross_margin": 15.99,
            "gross_margin_4q_avg": 12.62,
            "net_income": 158763,
            "net_income_4q": null,
            "revenue": 1359783,
            "revenue_4q": null,
            "common_shares": 3160801,
            "book_valuer_per_share": 23.38,
            "book_valuer_per_share_4q_avg": 22.42,
            "equity": 7392389,
            "current_ratio": 725.4,
            "debt_ratio": 10.89,
            "inventory_turnover_ratio": 0.62,
            "account_receivable_turnover_ratio": 1.52,
            "reinvestment_rate": -3.05,
            "research_to_sale_ratio": null,
            "price_fair": 118.5,
            "eps_avg_yearly": 3.39,
            "eps_latest_yearly": 2,
            "eps_growth_yearly": 558.02
        },
        "20232": {
            "year_quarter": 20232,
            "year": 2023,
            "quarter": 2,
            "eps": 0.55,
            "eps_growth_year": 511.11,
            "eps_4q": 1.72,
            "eps_4q_growth_year": -78.07,
            "roe": 2.37,
            "roe_4q": 7.62,
            "gross_profit": 213543,
            "gross_margin": 14.7,
            "gross_margin_4q_avg": 13.06,
            "net_income": 171980,
            "net_income_4q": null,
            "revenue": 1452247,
            "revenue_4q": null,
            "common_shares": 3160801,
            "book_valuer_per_share": 22.5,
            "book_valuer_per_share_4q_avg": 22.57,
            "equity": 7114896,
            "current_ratio": 506.33,
            "debt_ratio": 14.57,
            "inventory_turnover_ratio": 0.67,
            "account_receivable_turnover_ratio": 1.62,
            "reinvestment_rate": -5.03,
            "research_to_sale_ratio": null,
            "price_fair": 121.8,
            "eps_avg_yearly": 3.48,
            "eps_latest_yearly": 2.2,
            "eps_growth_yearly": 564.31
        },
        "20233": {
            "year_quarter": 20233,
            "year": 2023,
            "quarter": 3,
            "eps": 0.38,
            "eps_growth_year": 52,
            "eps_4q": 1.85,
            "eps_4q_growth_year": -76.1,
            "roe": 1.7,
            "roe_4q": 8.15,
            "gross_profit": 186846,
            "gross_margin": 11.42,
            "gross_margin_4q_avg": 13.22,
            "net_income": 122044,
            "net_income_4q": null,
            "revenue": 1636528,
            "revenue_4q": null,
            "common_shares": 3160801,
            "book_valuer_per_share": 22.95,
            "book_valuer_per_share_4q_avg": 22.83,
            "equity": 7256443,
            "current_ratio": 809.72,
            "debt_ratio": 9.72,
            "inventory_turnover_ratio": 0.78,
            "account_receivable_turnover_ratio": 1.81,
            "reinvestment_rate": -6.77,
            "research_to_sale_ratio": null,
            "price_fair": 125,
            "eps_avg_yearly": 3.57,
            "eps_latest_yearly": 1.52,
            "eps_growth_yearly": 576.26
        }
    },
    "months": {
        "2001-06": {
            "month": "2001-06",
            "price": "7.67",
            "revenue": 197177
        },
        "2001-07": {
            "month": "2001-07",
            "price": "7.05",
            "revenue": 163632
        },
        "2001-08": {
            "month": "2001-08",
            "price": "6.63",
            "revenue": 196801
        },
        "2001-09": {
            "month": "2001-09",
            "price": "5.09",
            "revenue": 196327
        },
        "2001-10": {
            "month": "2001-10",
            "price": "4.25",
            "revenue": 211755
        },
        "2001-11": {
            "month": "2001-11",
            "price": "4.37",
            "revenue": 217510
        },
        "2001-12": {
            "month": "2001-12",
            "price": "5.48",
            "revenue": 222023
        },
        "2002-01": {
            "month": "2002-01",
            "price": "5.66",
            "revenue": 131591
        },
        "2002-02": {
            "month": "2002-02",
            "price": "5.58",
            "revenue": 110106
        },
        "2002-03": {
            "month": "2002-03",
            "price": "6.25",
            "revenue": 226932
        },
        "2002-04": {
            "month": "2002-04",
            "price": "7.63",
            "revenue": 239067
        },
        "2002-05": {
            "month": "2002-05",
            "price": "7.18",
            "revenue": 259558
        },
        "2002-06": {
            "month": "2002-06",
            "price": "7.59",
            "revenue": 246240
        },
        "2002-07": {
            "month": "2002-07",
            "price": "7.67",
            "revenue": 262248
        },
        "2002-08": {
            "month": "2002-08",
            "price": "7.12",
            "revenue": 369498
        },
        "2002-09": {
            "month": "2002-09",
            "price": "7.23",
            "revenue": 367960
        },
        "2002-10": {
            "month": "2002-10",
            "price": "7.05",
            "revenue": 296279
        },
        "2002-11": {
            "month": "2002-11",
            "price": "7.89",
            "revenue": 324616
        },
        "2002-12": {
            "month": "2002-12",
            "price": "8.63",
            "revenue": 418554
        },
        "2003-01": {
            "month": "2003-01",
            "price": "10.23",
            "revenue": 403277
        },
        "2003-02": {
            "month": "2003-02",
            "price": "10.93",
            "revenue": 242711
        },
        "2003-03": {
            "month": "2003-03",
            "price": "9.59",
            "revenue": 311712
        },
        "2003-04": {
            "month": "2003-04",
            "price": "9.32",
            "revenue": 303653
        },
        "2003-05": {
            "month": "2003-05",
            "price": "9.37",
            "revenue": 246533
        },
        "2003-06": {
            "month": "2003-06",
            "price": "9.24",
            "revenue": 330892
        },
        "2003-07": {
            "month": "2003-07",
            "price": "9.03",
            "revenue": 304659
        },
        "2003-08": {
            "month": "2003-08",
            "price": "8.90",
            "revenue": 301546
        },
        "2003-09": {
            "month": "2003-09",
            "price": "8.28",
            "revenue": 294389
        },
        "2003-10": {
            "month": "2003-10",
            "price": "8.48",
            "revenue": 448119
        },
        "2003-11": {
            "month": "2003-11",
            "price": "9.02",
            "revenue": 329859
        },
        "2003-12": {
            "month": "2003-12",
            "price": "9.38",
            "revenue": 286806
        },
        "2004-01": {
            "month": "2004-01",
            "price": "9.91",
            "revenue": 327892
        },
        "2004-02": {
            "month": "2004-02",
            "price": "10.88",
            "revenue": 325767
        },
        "2004-03": {
            "month": "2004-03",
            "price": "11.17",
            "revenue": 378485
        },
        "2004-04": {
            "month": "2004-04",
            "price": "11.15",
            "revenue": 351706
        },
        "2004-05": {
            "month": "2004-05",
            "price": "9.90",
            "revenue": 451183
        },
        "2004-06": {
            "month": "2004-06",
            "price": "10.21",
            "revenue": 342261
        },
        "2004-07": {
            "month": "2004-07",
            "price": "9.72",
            "revenue": 348305
        },
        "2004-08": {
            "month": "2004-08",
            "price": "9.19",
            "revenue": 347057
        },
        "2004-09": {
            "month": "2004-09",
            "price": "9.50",
            "revenue": 534963
        },
        "2004-10": {
            "month": "2004-10",
            "price": "10.02",
            "revenue": 442975
        },
        "2004-11": {
            "month": "2004-11",
            "price": "9.60",
            "revenue": 539819
        },
        "2004-12": {
            "month": "2004-12",
            "price": "9.65",
            "revenue": 422947
        },
        "2005-01": {
            "month": "2005-01",
            "price": "9.71",
            "revenue": 381936
        },
        "2005-02": {
            "month": "2005-02",
            "price": "9.47",
            "revenue": 329037
        },
        "2005-03": {
            "month": "2005-03",
            "price": "9.32",
            "revenue": 524668
        },
        "2005-04": {
            "month": "2005-04",
            "price": "8.81",
            "revenue": 386796
        },
        "2005-05": {
            "month": "2005-05",
            "price": "8.70",
            "revenue": 548884
        },
        "2005-06": {
            "month": "2005-06",
            "price": "9.39",
            "revenue": 546003
        },
        "2005-07": {
            "month": "2005-07",
            "price": "9.59",
            "revenue": 516604
        },
        "2005-08": {
            "month": "2005-08",
            "price": "10.21",
            "revenue": 506901
        },
        "2005-09": {
            "month": "2005-09",
            "price": "10.19",
            "revenue": 523745
        },
        "2005-10": {
            "month": "2005-10",
            "price": "9.96",
            "revenue": 505815
        },
        "2005-11": {
            "month": "2005-11",
            "price": "10.10",
            "revenue": 578086
        },
        "2005-12": {
            "month": "2005-12",
            "price": "10.55",
            "revenue": 472830
        },
        "2006-01": {
            "month": "2006-01",
            "price": "11.37",
            "revenue": 520871
        },
        "2006-02": {
            "month": "2006-02",
            "price": "11.29",
            "revenue": 493091
        },
        "2006-03": {
            "month": "2006-03",
            "price": "11.19",
            "revenue": 543875
        },
        "2006-04": {
            "month": "2006-04",
            "price": "11.91",
            "revenue": 532321
        },
        "2006-05": {
            "month": "2006-05",
            "price": "15.08",
            "revenue": 591888
        },
        "2006-06": {
            "month": "2006-06",
            "price": "13.65",
            "revenue": 610577
        },
        "2006-07": {
            "month": "2006-07",
            "price": "13.33",
            "revenue": 651318
        },
        "2006-08": {
            "month": "2006-08",
            "price": "13.37",
            "revenue": 627068
        },
        "2006-09": {
            "month": "2006-09",
            "price": "11.78",
            "revenue": 671327
        },
        "2006-10": {
            "month": "2006-10",
            "price": "12.84",
            "revenue": 624653
        },
        "2006-11": {
            "month": "2006-11",
            "price": "13.74",
            "revenue": 635077
        },
        "2006-12": {
            "month": "2006-12",
            "price": "15.44",
            "revenue": 507928
        },
        "2007-01": {
            "month": "2007-01",
            "price": "17.22",
            "revenue": 670700
        },
        "2007-02": {
            "month": "2007-02",
            "price": "17.92",
            "revenue": 522560
        },
        "2007-03": {
            "month": "2007-03",
            "price": "21.79",
            "revenue": 852687
        },
        "2007-04": {
            "month": "2007-04",
            "price": "27.49",
            "revenue": 648541
        },
        "2007-05": {
            "month": "2007-05",
            "price": "24.81",
            "revenue": 643176
        },
        "2007-06": {
            "month": "2007-06",
            "price": "24.68",
            "revenue": 595221
        },
        "2007-07": {
            "month": "2007-07",
            "price": "26.25",
            "revenue": 696252
        },
        "2007-08": {
            "month": "2007-08",
            "price": "32.26",
            "revenue": 553474
        },
        "2007-09": {
            "month": "2007-09",
            "price": "35.34",
            "revenue": 552182
        },
        "2007-10": {
            "month": "2007-10",
            "price": "33.82",
            "revenue": 572004
        },
        "2007-11": {
            "month": "2007-11",
            "price": "28.19",
            "revenue": 533248
        },
        "2007-12": {
            "month": "2007-12",
            "price": "22.44",
            "revenue": 440121
        },
        "2008-01": {
            "month": "2008-01",
            "price": "20.76",
            "revenue": 727765
        },
        "2008-02": {
            "month": "2008-02",
            "price": "21.62",
            "revenue": 508850
        },
        "2008-03": {
            "month": "2008-03",
            "price": "24.39",
            "revenue": 789215
        },
        "2008-04": {
            "month": "2008-04",
            "price": "25.04",
            "revenue": 676510
        },
        "2008-05": {
            "month": "2008-05",
            "price": "25.13",
            "revenue": 530895
        },
        "2008-06": {
            "month": "2008-06",
            "price": "22.15",
            "revenue": 563658
        },
        "2008-07": {
            "month": "2008-07",
            "price": "20.02",
            "revenue": 597578
        },
        "2008-08": {
            "month": "2008-08",
            "price": "17.37",
            "revenue": 517001
        },
        "2008-09": {
            "month": "2008-09",
            "price": "11.87",
            "revenue": 473503
        },
        "2008-10": {
            "month": "2008-10",
            "price": "10.53",
            "revenue": 516609
        },
        "2008-11": {
            "month": "2008-11",
            "price": "9.65",
            "revenue": 361880
        },
        "2008-12": {
            "month": "2008-12",
            "price": "9.36",
            "revenue": 237880
        },
        "2009-01": {
            "month": "2009-01",
            "price": "8.25",
            "revenue": 411419
        },
        "2009-02": {
            "month": "2009-02",
            "price": "8.10",
            "revenue": 319990
        },
        "2009-03": {
            "month": "2009-03",
            "price": "9.48",
            "revenue": 430451
        },
        "2009-04": {
            "month": "2009-04",
            "price": "10.78",
            "revenue": 398178
        },
        "2009-05": {
            "month": "2009-05",
            "price": "11.41",
            "revenue": 345473
        },
        "2009-06": {
            "month": "2009-06",
            "price": "11.09",
            "revenue": 321147
        },
        "2009-07": {
            "month": "2009-07",
            "price": "10.81",
            "revenue": 505355
        },
        "2009-08": {
            "month": "2009-08",
            "price": "11.56",
            "revenue": 580254
        },
        "2009-09": {
            "month": "2009-09",
            "price": "11.60",
            "revenue": 505768
        },
        "2009-10": {
            "month": "2009-10",
            "price": "12.85",
            "revenue": 541492
        },
        "2009-11": {
            "month": "2009-11",
            "price": "13.21",
            "revenue": 651491
        },
        "2009-12": {
            "month": "2009-12",
            "price": "13.59",
            "revenue": 529289
        },
        "2010-01": {
            "month": "2010-01",
            "price": "14.05",
            "revenue": 491127
        },
        "2010-02": {
            "month": "2010-02",
            "price": "12.37",
            "revenue": 350801
        },
        "2010-03": {
            "month": "2010-03",
            "price": "13.64",
            "revenue": 553229
        },
        "2010-04": {
            "month": "2010-04",
            "price": "13.86",
            "revenue": 412234
        },
        "2010-05": {
            "month": "2010-05",
            "price": "13.05",
            "revenue": 603824
        },
        "2010-06": {
            "month": "2010-06",
            "price": "13.01",
            "revenue": 376457
        },
        "2010-07": {
            "month": "2010-07",
            "price": "13.40",
            "revenue": 484971
        },
        "2010-08": {
            "month": "2010-08",
            "price": "14.85",
            "revenue": 453713
        },
        "2010-09": {
            "month": "2010-09",
            "price": "16.35",
            "revenue": 498513
        },
        "2010-10": {
            "month": "2010-10",
            "price": "16.08",
            "revenue": 422376
        },
        "2010-11": {
            "month": "2010-11",
            "price": "14.87",
            "revenue": 574481
        },
        "2010-12": {
            "month": "2010-12",
            "price": "14.85",
            "revenue": 402161
        },
        "2011-01": {
            "month": "2011-01",
            "price": "14.72",
            "revenue": 512897
        },
        "2011-02": {
            "month": "2011-02",
            "price": "14.07",
            "revenue": 319985
        },
        "2011-03": {
            "month": "2011-03",
            "price": "13.95",
            "revenue": 625258
        },
        "2011-04": {
            "month": "2011-04",
            "price": "14.41",
            "revenue": 484205
        },
        "2011-05": {
            "month": "2011-05",
            "price": "13.58",
            "revenue": 632663
        },
        "2011-06": {
            "month": "2011-06",
            "price": "13.23",
            "revenue": 436908
        },
        "2011-07": {
            "month": "2011-07",
            "price": "13.04",
            "revenue": 508667
        },
        "2011-08": {
            "month": "2011-08",
            "price": "10.90",
            "revenue": 546626
        },
        "2011-09": {
            "month": "2011-09",
            "price": "9.76",
            "revenue": 523891
        },
        "2011-10": {
            "month": "2011-10",
            "price": "9.34",
            "revenue": 335902
        },
        "2011-11": {
            "month": "2011-11",
            "price": "9.24",
            "revenue": 341415
        },
        "2011-12": {
            "month": "2011-12",
            "price": "8.55",
            "revenue": 399093
        },
        "2012-01": {
            "month": "2012-01",
            "price": "8.88",
            "revenue": 312086
        },
        "2012-02": {
            "month": "2012-02",
            "price": "10.78",
            "revenue": 511738
        },
        "2012-03": {
            "month": "2012-03",
            "price": "10.57",
            "revenue": 645150
        },
        "2012-04": {
            "month": "2012-04",
            "price": "9.64",
            "revenue": 467684
        },
        "2012-05": {
            "month": "2012-05",
            "price": "9.93",
            "revenue": 333503
        },
        "2012-06": {
            "month": "2012-06",
            "price": "9.39",
            "revenue": 573562
        },
        "2012-07": {
            "month": "2012-07",
            "price": "9.44",
            "revenue": 406174
        },
        "2012-08": {
            "month": "2012-08",
            "price": "9.73",
            "revenue": 403508
        },
        "2012-09": {
            "month": "2012-09",
            "price": "10.15",
            "revenue": 380942
        },
        "2012-10": {
            "month": "2012-10",
            "price": "9.86",
            "revenue": 330760
        },
        "2012-11": {
            "month": "2012-11",
            "price": "9.75",
            "revenue": 419081
        },
        "2012-12": {
            "month": "2012-12",
            "price": "10.11",
            "revenue": 366362
        },
        "2013-01": {
            "month": "2013-01",
            "price": "10.23",
            "revenue": 358714
        },
        "2013-02": {
            "month": "2013-02",
            "price": "10.70",
            "revenue": 342024
        },
        "2013-03": {
            "month": "2013-03",
            "price": "10.42",
            "revenue": 325414
        },
        "2013-04": {
            "month": "2013-04",
            "price": "9.59",
            "revenue": 338601
        },
        "2013-05": {
            "month": "2013-05",
            "price": "9.83",
            "revenue": 296983
        },
        "2013-06": {
            "month": "2013-06",
            "price": "9.64",
            "revenue": 366024
        },
        "2013-07": {
            "month": "2013-07",
            "price": "9.63",
            "revenue": 302299
        },
        "2013-08": {
            "month": "2013-08",
            "price": "9.33",
            "revenue": 417145
        },
        "2013-09": {
            "month": "2013-09",
            "price": "9.43",
            "revenue": 373352
        },
        "2013-10": {
            "month": "2013-10",
            "price": "9.68",
            "revenue": 342386
        },
        "2013-11": {
            "month": "2013-11",
            "price": "9.76",
            "revenue": 335394
        },
        "2013-12": {
            "month": "2013-12",
            "price": "9.71",
            "revenue": 485500
        },
        "2014-01": {
            "month": "2014-01",
            "price": "9.98",
            "revenue": 344984
        },
        "2014-02": {
            "month": "2014-02",
            "price": "9.77",
            "revenue": 370176
        },
        "2014-03": {
            "month": "2014-03",
            "price": "9.71",
            "revenue": 442258
        },
        "2014-04": {
            "month": "2014-04",
            "price": "10.39",
            "revenue": 295126
        },
        "2014-05": {
            "month": "2014-05",
            "price": "10.86",
            "revenue": 313279
        },
        "2014-06": {
            "month": "2014-06",
            "price": "11.21",
            "revenue": 300729
        },
        "2014-07": {
            "month": "2014-07",
            "price": "11.54",
            "revenue": 307336
        },
        "2014-08": {
            "month": "2014-08",
            "price": "10.58",
            "revenue": 281176
        },
        "2014-09": {
            "month": "2014-09",
            "price": "10.65",
            "revenue": 359158
        },
        "2014-10": {
            "month": "2014-10",
            "price": "10.06",
            "revenue": 264367
        },
        "2014-11": {
            "month": "2014-11",
            "price": "9.98",
            "revenue": 251070
        },
        "2014-12": {
            "month": "2014-12",
            "price": "10.17",
            "revenue": 276529
        },
        "2015-01": {
            "month": "2015-01",
            "price": "10.36",
            "revenue": 290206
        },
        "2015-02": {
            "month": "2015-02",
            "price": "10.41",
            "revenue": 203389
        },
        "2015-03": {
            "month": "2015-03",
            "price": "10.40",
            "revenue": 318029
        },
        "2015-04": {
            "month": "2015-04",
            "price": "10.57",
            "revenue": 280790
        },
        "2015-05": {
            "month": "2015-05",
            "price": "10.43",
            "revenue": 240105
        },
        "2015-06": {
            "month": "2015-06",
            "price": "9.84",
            "revenue": 248566
        },
        "2015-07": {
            "month": "2015-07",
            "price": "9.17",
            "revenue": 276184
        },
        "2015-08": {
            "month": "2015-08",
            "price": "8.24",
            "revenue": 252580
        },
        "2015-09": {
            "month": "2015-09",
            "price": "7.80",
            "revenue": 279232
        },
        "2015-10": {
            "month": "2015-10",
            "price": "8.00",
            "revenue": 281096
        },
        "2015-11": {
            "month": "2015-11",
            "price": "8.43",
            "revenue": 237066
        },
        "2015-12": {
            "month": "2015-12",
            "price": "8.50",
            "revenue": 250571
        },
        "2016-01": {
            "month": "2016-01",
            "price": "8.09",
            "revenue": 228693
        },
        "2016-02": {
            "month": "2016-02",
            "price": "8.24",
            "revenue": 219079
        },
        "2016-03": {
            "month": "2016-03",
            "price": "8.60",
            "revenue": 282299
        },
        "2016-04": {
            "month": "2016-04",
            "price": "8.47",
            "revenue": 277818
        },
        "2016-05": {
            "month": "2016-05",
            "price": "8.19",
            "revenue": 256240
        },
        "2016-06": {
            "month": "2016-06",
            "price": "8.18",
            "revenue": 276073
        },
        "2016-07": {
            "month": "2016-07",
            "price": "8.28",
            "revenue": 257982
        },
        "2016-08": {
            "month": "2016-08",
            "price": "8.41",
            "revenue": 278509
        },
        "2016-09": {
            "month": "2016-09",
            "price": "8.53",
            "revenue": 306446
        },
        "2016-10": {
            "month": "2016-10",
            "price": "8.71",
            "revenue": 264061
        },
        "2016-11": {
            "month": "2016-11",
            "price": "8.94",
            "revenue": 271947
        },
        "2016-12": {
            "month": "2016-12",
            "price": "8.99",
            "revenue": 289656
        },
        "2017-01": {
            "month": "2017-01",
            "price": "8.97",
            "revenue": 189235
        },
        "2017-02": {
            "month": "2017-02",
            "price": "10.30",
            "revenue": 291016
        },
        "2017-03": {
            "month": "2017-03",
            "price": "10.46",
            "revenue": 417305
        },
        "2017-04": {
            "month": "2017-04",
            "price": "9.62",
            "revenue": 307002
        },
        "2017-05": {
            "month": "2017-05",
            "price": "9.47",
            "revenue": 286909
        },
        "2017-06": {
            "month": "2017-06",
            "price": "9.69",
            "revenue": 313457
        },
        "2017-07": {
            "month": "2017-07",
            "price": "9.54",
            "revenue": 302432
        },
        "2017-08": {
            "month": "2017-08",
            "price": "10.37",
            "revenue": 292289
        },
        "2017-09": {
            "month": "2017-09",
            "price": "10.63",
            "revenue": 288584
        },
        "2017-10": {
            "month": "2017-10",
            "price": "10.55",
            "revenue": 291042
        },
        "2017-11": {
            "month": "2017-11",
            "price": "10.64",
            "revenue": 265435
        },
        "2017-12": {
            "month": "2017-12",
            "price": "10.63",
            "revenue": 327785
        },
        "2018-01": {
            "month": "2018-01",
            "price": "11.88",
            "revenue": 311863
        },
        "2018-02": {
            "month": "2018-02",
            "price": "11.15",
            "revenue": 294427
        },
        "2018-03": {
            "month": "2018-03",
            "price": "11.54",
            "revenue": 349029
        },
        "2018-04": {
            "month": "2018-04",
            "price": "11.96",
            "revenue": 284799
        },
        "2018-05": {
            "month": "2018-05",
            "price": "11.24",
            "revenue": 344202
        },
        "2018-06": {
            "month": "2018-06",
            "price": "11.35",
            "revenue": 371484
        },
        "2018-07": {
            "month": "2018-07",
            "price": "10.63",
            "revenue": 337593
        },
        "2018-08": {
            "month": "2018-08",
            "price": "10.37",
            "revenue": 368645
        },
        "2018-09": {
            "month": "2018-09",
            "price": "10.25",
            "revenue": 335134
        },
        "2018-10": {
            "month": "2018-10",
            "price": "9.53",
            "revenue": 346475
        },
        "2018-11": {
            "month": "2018-11",
            "price": "9.36",
            "revenue": 273293
        },
        "2018-12": {
            "month": "2018-12",
            "price": "9.57",
            "revenue": 255887
        },
        "2019-01": {
            "month": "2019-01",
            "price": "9.54",
            "revenue": 297535
        },
        "2019-02": {
            "month": "2019-02",
            "price": "9.83",
            "revenue": 231959
        },
        "2019-03": {
            "month": "2019-03",
            "price": "9.94",
            "revenue": 381913
        },
        "2019-04": {
            "month": "2019-04",
            "price": "9.79",
            "revenue": 291449
        },
        "2019-05": {
            "month": "2019-05",
            "price": "10.00",
            "revenue": 307813
        },
        "2019-06": {
            "month": "2019-06",
            "price": "10.08",
            "revenue": 259683
        },
        "2019-07": {
            "month": "2019-07",
            "price": "9.91",
            "revenue": 284677
        },
        "2019-08": {
            "month": "2019-08",
            "price": "9.92",
            "revenue": 296331
        },
        "2019-09": {
            "month": "2019-09",
            "price": "11.07",
            "revenue": 272446
        },
        "2019-10": {
            "month": "2019-10",
            "price": "10.56",
            "revenue": 330359
        },
        "2019-11": {
            "month": "2019-11",
            "price": "10.57",
            "revenue": 239324
        },
        "2019-12": {
            "month": "2019-12",
            "price": "10.85",
            "revenue": 310824
        },
        "2020-01": {
            "month": "2020-01",
            "price": "10.89",
            "revenue": 287849
        },
        "2020-02": {
            "month": "2020-02",
            "price": "10.34",
            "revenue": 432718
        },
        "2020-03": {
            "month": "2020-03",
            "price": "9.31",
            "revenue": 444449
        },
        "2020-04": {
            "month": "2020-04",
            "price": "9.97",
            "revenue": 327067
        },
        "2020-05": {
            "month": "2020-05",
            "price": "10.27",
            "revenue": 435517
        },
        "2020-06": {
            "month": "2020-06",
            "price": "10.47",
            "revenue": 429605
        },
        "2020-07": {
            "month": "2020-07",
            "price": "11.17",
            "revenue": 318163
        },
        "2020-08": {
            "month": "2020-08",
            "price": "12.04",
            "revenue": 427866
        },
        "2020-09": {
            "month": "2020-09",
            "price": "14.39",
            "revenue": 336784
        },
        "2020-10": {
            "month": "2020-10",
            "price": "14.81",
            "revenue": 344641
        },
        "2020-11": {
            "month": "2020-11",
            "price": "15.77",
            "revenue": 409699
        },
        "2020-12": {
            "month": "2020-12",
            "price": "18.16",
            "revenue": 372804
        },
        "2021-01": {
            "month": "2021-01",
            "price": "16.50",
            "revenue": 430393
        },
        "2021-02": {
            "month": "2021-02",
            "price": "18.41",
            "revenue": 415232
        },
        "2021-03": {
            "month": "2021-03",
            "price": "21.76",
            "revenue": 613523
        },
        "2021-04": {
            "month": "2021-04",
            "price": "27.30",
            "revenue": 496329
        },
        "2021-05": {
            "month": "2021-05",
            "price": "25.36",
            "revenue": 541426
        },
        "2021-06": {
            "month": "2021-06",
            "price": "26.39",
            "revenue": 578338
        },
        "2021-07": {
            "month": "2021-07",
            "price": "24.42",
            "revenue": 520618
        },
        "2021-08": {
            "month": "2021-08",
            "price": "23.12",
            "revenue": 631737
        },
        "2021-09": {
            "month": "2021-09",
            "price": "23.97",
            "revenue": 575841
        },
        "2021-10": {
            "month": "2021-10",
            "price": "24.60",
            "revenue": 460996
        },
        "2021-11": {
            "month": "2021-11",
            "price": "25.98",
            "revenue": 626070
        },
        "2021-12": {
            "month": "2021-12",
            "price": "26.35",
            "revenue": 416764
        },
        "2022-01": {
            "month": "2022-01",
            "price": "25.15",
            "revenue": 602810
        },
        "2022-02": {
            "month": "2022-02",
            "price": "26.58",
            "revenue": 474197
        },
        "2022-03": {
            "month": "2022-03",
            "price": "28.76",
            "revenue": 579505
        },
        "2022-04": {
            "month": "2022-04",
            "price": "30.19",
            "revenue": 479578
        },
        "2022-05": {
            "month": "2022-05",
            "price": "25.06",
            "revenue": 466583
        },
        "2022-06": {
            "month": "2022-06",
            "price": "23.34",
            "revenue": 468654
        },
        "2022-07": {
            "month": "2022-07",
            "price": "17.75",
            "revenue": 503497
        },
        "2022-08": {
            "month": "2022-08",
            "price": "17.08",
            "revenue": 470080
        },
        "2022-09": {
            "month": "2022-09",
            "price": "15.60",
            "revenue": 532534
        },
        "2022-10": {
            "month": "2022-10",
            "price": "14.36",
            "revenue": 532834
        },
        "2022-11": {
            "month": "2022-11",
            "price": "15.92",
            "revenue": 611559
        },
        "2022-12": {
            "month": "2022-12",
            "price": "16.49",
            "revenue": 664113
        },
        "2023-01": {
            "month": "2023-01",
            "price": "18.00",
            "revenue": 434387
        },
        "2023-02": {
            "month": "2023-02",
            "price": "19.22",
            "revenue": 415693
        },
        "2023-03": {
            "month": "2023-03",
            "price": "18.93",
            "revenue": 509703
        },
        "2023-04": {
            "month": "2023-04",
            "price": "20.63",
            "revenue": 430975
        },
        "2023-05": {
            "month": "2023-05",
            "price": "22.05",
            "revenue": 458523
        },
        "2023-06": {
            "month": "2023-06",
            "price": "26.02",
            "revenue": 562749
        },
        "2023-07": {
            "month": "2023-07",
            "price": "26.67",
            "revenue": 499259
        },
        "2023-08": {
            "month": "2023-08",
            "price": "24.76",
            "revenue": 677991
        },
        "2023-09": {
            "month": "2023-09",
            "price": "26.01",
            "revenue": 459278
        },
        "2023-10": {
            "month": "2023-10",
            "price": "25.42",
            "revenue": 473115
        },
        "2023-11": {
            "month": "2023-11",
            "price": "24.74",
            "revenue": 518582
        },
        "2023-12": {
            "month": "2023-12",
            "price": "27.75",
            "revenue": 754770
        }
    }
}
