{
    "summary": {
        "stock_name": "台一",
        "stock_id": "1613",
        "category": "電器電纜",
        "main_business": "電線電纜及漆包線之產銷",
        "website_url": "",
        "ceo": "許守信",
        "pe_ratio": -2,
        "report_year_from": 2001,
        "report_year_to": 2018,
        "age": 23,
        "eps_negative_percentage": 69,
        "eps_growth_avg": {
            "last_all": -58.77,
            "last_2y": null,
            "last_4y": -100,
            "last_8y": -33.33,
            "last_12y": -58.77,
            "last_16y": null,
            "last_20y": null,
            "at_2006_last_3y": -96.93,
            "at_2007_last_3y": -96.93,
            "at_2008_last_3y": -97.95,
            "at_2009_last_3y": -100,
            "at_2010_last_3y": -100,
            "at_2011_last_3y": 0,
            "at_2012_last_3y": 0,
            "at_2013_last_3y": 0,
            "at_2014_last_3y": 0,
            "at_2015_last_3y": -100,
            "at_2016_last_3y": null,
            "at_2017_last_3y": null,
            "at_2018_last_3y": null,
            "at_2019_last_3y": null,
            "at_2020_last_3y": null,
            "at_2021_last_3y": null,
            "at_2022_last_3y": null,
            "at_2023_last_3y": null,
            "at_2024_last_3y": null,
            "at_2006_last_all": -96.93,
            "at_2007_last_all": -96.93,
            "at_2008_last_all": -97.95,
            "at_2009_last_all": -97.95,
            "at_2010_last_all": -97.95,
            "at_2011_last_all": -48.46,
            "at_2012_last_all": -58.77,
            "at_2013_last_all": -58.77,
            "at_2014_last_all": -58.77,
            "at_2015_last_all": -58.77,
            "at_2016_last_all": -58.77,
            "at_2017_last_all": -58.77,
            "at_2018_last_all": -58.77,
            "at_2019_last_all": -58.77,
            "at_2020_last_all": -58.77,
            "at_2021_last_all": -58.77,
            "at_2022_last_all": -58.77,
            "at_2023_last_all": -58.77,
            "at_2024_last_all": -58.77
        },
        "latest_eps": -1.88,
        "latest_price": 2.82,
        "latest_roe": -27.24,
        "latest_gross_margin": 3.27,
        "latest_equity": 1302255,
        "latest_revenue": 5868336,
        "latest_gross_profit": 191768,
        "latest_net_income": -25116,
        "latest_debt_ratio": 90.97,
        "latest_current_ratio": 105.03,
        "latest_account_receivable_turnover_ratio": 1.74,
        "latest_inventory_turnover_ratio": 7.07,
        "latest_reinvestment_rate": null,
        "latest_research_to_sale_ratio": 0.04
    },
    "eps_dividends": {
        "1994": {
            "cash": 1,
            "stock": 0,
            "eps": 0
        },
        "1995": {
            "cash": 1,
            "stock": 0,
            "eps": 0
        },
        "1996": {
            "cash": 0,
            "stock": 1.5,
            "eps": 0
        },
        "1997": {
            "cash": 0,
            "stock": 1.5,
            "eps": 0
        },
        "1998": {
            "cash": 0,
            "stock": 1.5,
            "eps": 0
        },
        "1999": {
            "cash": 0.3,
            "stock": 1,
            "eps": 0
        },
        "2000": {
            "cash": 0,
            "stock": 1.1,
            "eps": 0
        },
        "2001": {
            "cash": 0,
            "stock": 0,
            "eps": -9.24
        },
        "2002": {
            "cash": 0,
            "stock": 0,
            "eps": -3.51
        },
        "2003": {
            "cash": 0,
            "stock": 0,
            "eps": -3.22
        },
        "2004": {
            "cash": 0,
            "stock": 0,
            "eps": 2.44
        },
        "2005": {
            "cash": 0,
            "stock": 0,
            "eps": 0.15
        },
        "2006": {
            "cash": 0,
            "stock": 0,
            "eps": -0.51
        },
        "2007": {
            "cash": 0,
            "stock": 0,
            "eps": 1.24
        },
        "2008": {
            "cash": 0,
            "stock": 0,
            "eps": -1.97
        },
        "2009": {
            "cash": 0,
            "stock": 0,
            "eps": -0.41
        },
        "2010": {
            "cash": 0,
            "stock": 0,
            "eps": 0.06
        },
        "2011": {
            "cash": 0,
            "stock": 0,
            "eps": 0.64
        },
        "2012": {
            "cash": 0,
            "stock": 0,
            "eps": -0.2
        },
        "2013": {
            "cash": 0,
            "stock": 0,
            "eps": -0.83
        },
        "2014": {
            "cash": 0,
            "stock": 0,
            "eps": -1.03
        },
        "2015": {
            "cash": 0,
            "stock": 0,
            "eps": -3.48
        },
        "2016": {
            "cash": 0,
            "stock": 0,
            "eps": -0.19
        }
    },
    "dividends": {
        "1994-05-24": {
            "cash": 1,
            "stock": 0
        },
        "1995-05-25": {
            "cash": 1,
            "stock": 0
        },
        "1996-04-23": {
            "cash": 0,
            "stock": 1.5
        },
        "1997-06-23": {
            "cash": 0,
            "stock": 1.5
        },
        "1998-05-02": {
            "cash": 0,
            "stock": 1.5
        },
        "1999-06-28": {
            "cash": 0.3,
            "stock": 1
        },
        "2000-06-19": {
            "cash": 0,
            "stock": 1.1
        }
    },
    "prices": {
        "200101": "4.61",
        "200102": "5.51",
        "200103": "5.68",
        "200104": "4.91",
        "200105": "3.70",
        "200106": "3.46",
        "200107": "2.57",
        "200108": "2.55",
        "200109": "2.27",
        "200110": "1.94",
        "200111": "1.54",
        "200112": "1.88",
        "200201": "1.04",
        "200202": "0.80",
        "200203": "1.13",
        "200204": "2.08",
        "200205": "1.83",
        "200206": "2.12",
        "200207": "1.81",
        "200208": "1.42",
        "200209": "0.86",
        "200210": "0.76",
        "200211": "0.68",
        "200212": "0.80",
        "200301": "1.77",
        "200302": "1.97",
        "200303": "1.69",
        "200304": "1.30",
        "200305": "0.96",
        "200306": "1.15",
        "200307": "1.22",
        "200308": "1.20",
        "200309": "1.16",
        "200310": "1.10",
        "200311": "1.18",
        "200312": "1.18",
        "200401": "1.47",
        "200402": "2.45",
        "200403": "2.57",
        "200404": "2.31",
        "200405": "2.11",
        "200406": "2.05",
        "200407": "1.90",
        "200408": "1.77",
        "200409": "1.89",
        "200410": "1.62",
        "200411": "1.59",
        "200412": "1.70",
        "200501": "1.62",
        "200502": "1.65",
        "200503": "1.60",
        "200504": "1.56",
        "200505": "2.25",
        "200506": "2.21",
        "200507": "2.12",
        "200508": "2.10",
        "200509": "2.03",
        "200510": "2.01",
        "200511": "1.98",
        "200512": "1.97",
        "200601": "2.63",
        "200602": "2.72",
        "200603": "2.73",
        "200604": "3.23",
        "200605": "4.53",
        "200606": "4.02",
        "200607": "3.93",
        "200608": "3.50",
        "200609": "3.16",
        "200610": "3.95",
        "200611": "4.92",
        "200612": "6.79",
        "200701": "6.93",
        "200702": "5.70",
        "200703": "5.61",
        "200704": "6.62",
        "200705": "5.71",
        "200706": "6.11",
        "200707": "7.18",
        "200708": "6.35",
        "200709": "10.96",
        "200710": "8.84",
        "200711": "7.62",
        "200712": "6.90",
        "200801": "6.64",
        "200802": "6.95",
        "200803": "7.57",
        "200804": "7.70",
        "200805": "8.13",
        "200806": "7.13",
        "200807": "5.51",
        "200808": "5.09",
        "200809": "3.83",
        "200810": "3.09",
        "200811": "2.83",
        "200812": "2.83",
        "200901": "2.58",
        "200902": "2.36",
        "200903": "3.31",
        "200904": "4.34",
        "200905": "3.86",
        "200906": "3.64",
        "200907": "3.46",
        "200908": "3.90",
        "200909": "3.80",
        "200910": "3.97",
        "200911": "4.44",
        "200912": "4.78",
        "201001": "5.10",
        "201002": "4.46",
        "201003": "4.93",
        "201004": "5.22",
        "201005": "5.22",
        "201006": "5.12",
        "201007": "5.18",
        "201008": "6.04",
        "201009": "5.85",
        "201010": "5.97",
        "201011": "5.47",
        "201012": "5.52",
        "201101": "5.80",
        "201102": "6.94",
        "201103": "6.85",
        "201104": "7.07",
        "201105": "8.83",
        "201106": "8.17",
        "201107": "8.34",
        "201108": "7.62",
        "201109": "7.23",
        "201110": "6.61",
        "201111": "5.73",
        "201112": "4.56",
        "201201": "4.29",
        "201202": "5.49",
        "201203": "5.62",
        "201204": "5.58",
        "201205": "5.50",
        "201206": "5.06",
        "201207": "4.95",
        "201208": "5.00",
        "201209": "5.10",
        "201210": "4.87",
        "201211": "4.18",
        "201212": "4.30",
        "201301": "4.87",
        "201302": "4.90",
        "201303": "4.74",
        "201304": "4.64",
        "201305": "5.11",
        "201306": "5.25",
        "201307": "5.06",
        "201308": "5.03",
        "201309": "4.95",
        "201310": "5.25",
        "201311": "5.07",
        "201312": "5.19",
        "201401": "5.31",
        "201402": "5.32",
        "201403": "6.16",
        "201404": "7.14",
        "201405": "6.68",
        "201406": "6.60",
        "201407": "6.42",
        "201408": "5.92",
        "201409": "5.60",
        "201410": "5.10",
        "201411": "5.05",
        "201412": "5.17",
        "201501": "5.48",
        "201502": "5.36",
        "201503": "5.30",
        "201504": "4.99",
        "201505": "4.73",
        "201506": "4.56",
        "201507": "3.92",
        "201508": "3.23",
        "201509": "3.40",
        "201510": "3.40",
        "201511": "3.29",
        "201512": "3.05",
        "201601": "2.93",
        "201602": "3.08",
        "201603": "3.20",
        "201604": "2.97",
        "201605": "2.78",
        "201606": "2.76",
        "201607": "2.79",
        "201608": "3.09",
        "201609": "3.47",
        "201610": "3.23",
        "201611": "2.78",
        "201612": "2.50",
        "201701": "2.52",
        "201702": "3.28",
        "201703": "3.28",
        "201704": "2.98",
        "201705": "無",
        "201706": "無",
        "201707": "無",
        "201708": "無",
        "201709": "無",
        "201710": "無",
        "201711": "無",
        "201712": "無",
        "201801": "無",
        "201802": "無",
        "201803": "無",
        "201804": "無",
        "201805": "無",
        "201806": "無",
        "201807": "無",
        "201808": "無",
        "201809": "無",
        "201810": "無",
        "201811": "無",
        "201812": "無",
        "201901": "無",
        "201902": "無",
        "201903": "無",
        "201904": "無",
        "201905": "無",
        "201906": "無",
        "201907": "無",
        "201908": "無",
        "201909": "無",
        "201910": "無",
        "201911": "無",
        "201912": "無",
        "202001": "無",
        "202002": "無",
        "202003": "無",
        "202004": "無",
        "202005": "無",
        "202006": "無",
        "202007": "無",
        "202008": "無",
        "202009": "無",
        "202010": "無",
        "202011": "無",
        "202012": "無",
        "202101": "無",
        "202102": "無",
        "202103": "無",
        "202104": "無",
        "202105": "無",
        "202106": "無",
        "202107": "無",
        "202108": "無",
        "202109": "無",
        "202110": "無",
        "202111": "無",
        "202112": "無",
        "202201": "無",
        "202202": "無",
        "202203": "無",
        "202204": "無",
        "202205": "無",
        "202206": "無",
        "202207": "無",
        "202208": "無",
        "202209": "無",
        "202210": "無",
        "202211": "無",
        "202212": "無",
        "202301": "無",
        "202302": "無",
        "202303": "無",
        "202304": "無",
        "202305": "無",
        "202306": "無",
        "202307": "無",
        "202308": "無",
        "202309": "無",
        "202310": "無",
        "202311": "無",
        "202312": "無",
        "202401": "無",
        "202402": "無",
        "202403": "無",
        "202404": "無"
    },
    "quarters": {
        "20011": {
            "year_quarter": 20011,
            "year": 2001,
            "quarter": 1,
            "eps": 0.1,
            "eps_growth_year": -68.75,
            "eps_4q": 0.06,
            "eps_4q_growth_year": -80.79,
            "roe": 0.64,
            "roe_4q": 0.64,
            "gross_profit": 179736,
            "gross_margin": 11.17,
            "gross_margin_4q_avg": 11.17,
            "net_income": 41306,
            "net_income_4q": null,
            "revenue": 1609349,
            "revenue_4q": null,
            "common_shares": 4321974,
            "book_valuer_per_share": 14.82,
            "book_valuer_per_share_4q_avg": 14.82,
            "equity": 6405806,
            "current_ratio": 68.19,
            "debt_ratio": 58.06,
            "inventory_turnover_ratio": 0.78,
            "account_receivable_turnover_ratio": null,
            "reinvestment_rate": null,
            "research_to_sale_ratio": null,
            "price_fair": 0,
            "eps_avg_yearly": 0,
            "eps_latest_yearly": 0,
            "eps_growth_yearly": 0
        },
        "20012": {
            "year_quarter": 20012,
            "year": 2001,
            "quarter": 2,
            "eps": -0.11,
            "eps_growth_year": null,
            "eps_4q": -0.02,
            "eps_4q_growth_year": -106.74,
            "roe": -0.73,
            "roe_4q": -0.08999999999999997,
            "gross_profit": 187116,
            "gross_margin": 12.91,
            "gross_margin_4q_avg": 12.04,
            "net_income": -46344,
            "net_income_4q": null,
            "revenue": 1449022,
            "revenue_4q": null,
            "common_shares": 4321974,
            "book_valuer_per_share": 14.68,
            "book_valuer_per_share_4q_avg": 14.75,
            "equity": 6346261,
            "current_ratio": 67.17,
            "debt_ratio": 57.6,
            "inventory_turnover_ratio": 0.65,
            "account_receivable_turnover_ratio": null,
            "reinvestment_rate": null,
            "research_to_sale_ratio": null,
            "price_fair": 0,
            "eps_avg_yearly": 0,
            "eps_latest_yearly": 0,
            "eps_growth_yearly": 0
        },
        "20013": {
            "year_quarter": 20013,
            "year": 2001,
            "quarter": 3,
            "eps": -0.53,
            "eps_growth_year": null,
            "eps_4q": -0.49,
            "eps_4q_growth_year": -321.31,
            "roe": -3.68,
            "roe_4q": -3.77,
            "gross_profit": -18866,
            "gross_margin": -2.41,
            "gross_margin_4q_avg": 7.22,
            "net_income": -228839,
            "net_income_4q": null,
            "revenue": 783779,
            "revenue_4q": null,
            "common_shares": 4321974,
            "book_valuer_per_share": 14.12,
            "book_valuer_per_share_4q_avg": 14.54,
            "equity": 6102044,
            "current_ratio": 67.36,
            "debt_ratio": 57.51,
            "inventory_turnover_ratio": 0.39,
            "account_receivable_turnover_ratio": null,
            "reinvestment_rate": null,
            "research_to_sale_ratio": null,
            "price_fair": 0,
            "eps_avg_yearly": 0,
            "eps_latest_yearly": 0,
            "eps_growth_yearly": 0
        },
        "20014": {
            "year_quarter": 20014,
            "year": 2001,
            "quarter": 4,
            "eps": -8.7,
            "eps_growth_year": -17500,
            "eps_4q": -9.07,
            "eps_4q_growth_year": -3819.05,
            "roe": -84.65,
            "roe_4q": -88.42000000000002,
            "gross_profit": -405656,
            "gross_margin": -73.36,
            "gross_margin_4q_avg": -12.92,
            "net_income": -3761865,
            "net_income_4q": null,
            "revenue": 552976,
            "revenue_4q": null,
            "common_shares": 4321974,
            "book_valuer_per_share": 5.92,
            "book_valuer_per_share_4q_avg": 12.39,
            "equity": 2786048,
            "current_ratio": 31.23,
            "debt_ratio": 77.38,
            "inventory_turnover_ratio": 0.64,
            "account_receivable_turnover_ratio": null,
            "reinvestment_rate": null,
            "research_to_sale_ratio": null,
            "price_fair": 0,
            "eps_avg_yearly": 0,
            "eps_latest_yearly": 0,
            "eps_growth_yearly": 0
        },
        "20021": {
            "year_quarter": 20021,
            "year": 2002,
            "quarter": 1,
            "eps": -0.77,
            "eps_growth_year": -870,
            "eps_4q": -10.12,
            "eps_4q_growth_year": -15725.81,
            "roe": -13.31,
            "roe_4q": -102.37000000000002,
            "gross_profit": -102230,
            "gross_margin": -30.44,
            "gross_margin_4q_avg": -23.33,
            "net_income": -332483,
            "net_income_4q": null,
            "revenue": 335868,
            "revenue_4q": null,
            "common_shares": 4321974,
            "book_valuer_per_share": 5.12,
            "book_valuer_per_share_4q_avg": 9.96,
            "equity": 2211307,
            "current_ratio": 19.38,
            "debt_ratio": 77.87,
            "inventory_turnover_ratio": 0.48,
            "account_receivable_turnover_ratio": null,
            "reinvestment_rate": null,
            "research_to_sale_ratio": null,
            "price_fair": 0,
            "eps_avg_yearly": 0,
            "eps_latest_yearly": 0,
            "eps_growth_yearly": 0
        },
        "20022": {
            "year_quarter": 20022,
            "year": 2002,
            "quarter": 2,
            "eps": -0.63,
            "eps_growth_year": null,
            "eps_4q": -10.64,
            "eps_4q_growth_year": null,
            "roe": -13.19,
            "roe_4q": -114.83000000000001,
            "gross_profit": -198730,
            "gross_margin": -38,
            "gross_margin_4q_avg": -36.05,
            "net_income": -274099,
            "net_income_4q": null,
            "revenue": 522958,
            "revenue_4q": null,
            "common_shares": 4321974,
            "book_valuer_per_share": 4.5,
            "book_valuer_per_share_4q_avg": 7.42,
            "equity": 1945001,
            "current_ratio": 15.98,
            "debt_ratio": 79.39,
            "inventory_turnover_ratio": 1.08,
            "account_receivable_turnover_ratio": null,
            "reinvestment_rate": null,
            "research_to_sale_ratio": null,
            "price_fair": 0,
            "eps_avg_yearly": 0,
            "eps_latest_yearly": 0,
            "eps_growth_yearly": 0
        },
        "20023": {
            "year_quarter": 20023,
            "year": 2002,
            "quarter": 3,
            "eps": -0.33,
            "eps_growth_year": null,
            "eps_4q": -10.43,
            "eps_4q_growth_year": null,
            "roe": -7.53,
            "roe_4q": -118.68,
            "gross_profit": -18069,
            "gross_margin": -3.91,
            "gross_margin_4q_avg": -36.43,
            "net_income": -141099,
            "net_income_4q": null,
            "revenue": 462229,
            "revenue_4q": null,
            "common_shares": 4321974,
            "book_valuer_per_share": 4.17,
            "book_valuer_per_share_4q_avg": 4.93,
            "equity": 1801919,
            "current_ratio": 14.49,
            "debt_ratio": 80.67,
            "inventory_turnover_ratio": 0.89,
            "account_receivable_turnover_ratio": null,
            "reinvestment_rate": null,
            "research_to_sale_ratio": null,
            "price_fair": 0,
            "eps_avg_yearly": 0,
            "eps_latest_yearly": 0,
            "eps_growth_yearly": 0
        },
        "20024": {
            "year_quarter": 20024,
            "year": 2002,
            "quarter": 4,
            "eps": -1.78,
            "eps_growth_year": null,
            "eps_4q": -4.24,
            "eps_4q_growth_year": null,
            "roe": -27.47,
            "roe_4q": -61.5,
            "gross_profit": -97071,
            "gross_margin": -24.55,
            "gross_margin_4q_avg": -24.23,
            "net_income": -441355,
            "net_income_4q": null,
            "revenue": 395466,
            "revenue_4q": null,
            "common_shares": 2474399,
            "book_valuer_per_share": 5.56,
            "book_valuer_per_share_4q_avg": 4.84,
            "equity": 1411895,
            "current_ratio": 27.54,
            "debt_ratio": 87.55,
            "inventory_turnover_ratio": 0.78,
            "account_receivable_turnover_ratio": null,
            "reinvestment_rate": null,
            "research_to_sale_ratio": null,
            "price_fair": 0,
            "eps_avg_yearly": 0,
            "eps_latest_yearly": 0,
            "eps_growth_yearly": 0
        },
        "20031": {
            "year_quarter": 20031,
            "year": 2003,
            "quarter": 1,
            "eps": -0.9,
            "eps_growth_year": null,
            "eps_4q": -4.37,
            "eps_4q_growth_year": null,
            "roe": -17.33,
            "roe_4q": -65.52,
            "gross_profit": -84283,
            "gross_margin": -18.95,
            "gross_margin_4q_avg": -21.35,
            "net_income": -222227,
            "net_income_4q": null,
            "revenue": 444813,
            "revenue_4q": null,
            "common_shares": 2474399,
            "book_valuer_per_share": 4.66,
            "book_valuer_per_share_4q_avg": 4.72,
            "equity": 1152911,
            "current_ratio": 14.22,
            "debt_ratio": 86.78,
            "inventory_turnover_ratio": 0.84,
            "account_receivable_turnover_ratio": null,
            "reinvestment_rate": null,
            "research_to_sale_ratio": null,
            "price_fair": 0,
            "eps_avg_yearly": 0,
            "eps_latest_yearly": 0,
            "eps_growth_yearly": 0
        },
        "20032": {
            "year_quarter": 20032,
            "year": 2003,
            "quarter": 2,
            "eps": -1,
            "eps_growth_year": null,
            "eps_4q": -4.25,
            "eps_4q_growth_year": null,
            "roe": -23.97,
            "roe_4q": -76.3,
            "gross_profit": -75896,
            "gross_margin": -16.83,
            "gross_margin_4q_avg": -16.06,
            "net_income": -246700,
            "net_income_4q": null,
            "revenue": 450863,
            "revenue_4q": null,
            "common_shares": 2474399,
            "book_valuer_per_share": 3.66,
            "book_valuer_per_share_4q_avg": 4.51,
            "equity": 905649,
            "current_ratio": 14.53,
            "debt_ratio": 89.35,
            "inventory_turnover_ratio": 1.03,
            "account_receivable_turnover_ratio": null,
            "reinvestment_rate": null,
            "research_to_sale_ratio": null,
            "price_fair": 0,
            "eps_avg_yearly": 0,
            "eps_latest_yearly": 0,
            "eps_growth_yearly": 0
        },
        "20033": {
            "year_quarter": 20033,
            "year": 2003,
            "quarter": 3,
            "eps": -0.64,
            "eps_growth_year": null,
            "eps_4q": -4.32,
            "eps_4q_growth_year": null,
            "roe": -19.35,
            "roe_4q": -88.12,
            "gross_profit": -99795,
            "gross_margin": -20.33,
            "gross_margin_4q_avg": -20.17,
            "net_income": -159324,
            "net_income_4q": null,
            "revenue": 490910,
            "revenue_4q": null,
            "common_shares": 2474399,
            "book_valuer_per_share": 3,
            "book_valuer_per_share_4q_avg": 4.22,
            "equity": 741167,
            "current_ratio": 14.89,
            "debt_ratio": 91.02,
            "inventory_turnover_ratio": 1.25,
            "account_receivable_turnover_ratio": null,
            "reinvestment_rate": null,
            "research_to_sale_ratio": null,
            "price_fair": 0,
            "eps_avg_yearly": 0,
            "eps_latest_yearly": 0,
            "eps_growth_yearly": 0
        },
        "20034": {
            "year_quarter": 20034,
            "year": 2003,
            "quarter": 4,
            "eps": -0.68,
            "eps_growth_year": null,
            "eps_4q": -3.14,
            "eps_4q_growth_year": null,
            "roe": -25.28,
            "roe_4q": -85.92999999999999,
            "gross_profit": -103621,
            "gross_margin": -18.36,
            "gross_margin_4q_avg": -18.62,
            "net_income": -168368,
            "net_income_4q": null,
            "revenue": 564326,
            "revenue_4q": null,
            "common_shares": 2474399,
            "book_valuer_per_share": 2.32,
            "book_valuer_per_share_4q_avg": 3.41,
            "equity": 590850,
            "current_ratio": 35.35,
            "debt_ratio": 95.06,
            "inventory_turnover_ratio": 1.12,
            "account_receivable_turnover_ratio": null,
            "reinvestment_rate": null,
            "research_to_sale_ratio": null,
            "price_fair": 0,
            "eps_avg_yearly": 0,
            "eps_latest_yearly": 0,
            "eps_growth_yearly": 0
        },
        "20041": {
            "year_quarter": 20041,
            "year": 2004,
            "quarter": 1,
            "eps": 0.88,
            "eps_growth_year": null,
            "eps_4q": -1.45,
            "eps_4q_growth_year": null,
            "roe": 31.55,
            "roe_4q": -37.05,
            "gross_profit": -85420,
            "gross_margin": -13.09,
            "gross_margin_4q_avg": -17.15,
            "net_income": 217368,
            "net_income_4q": null,
            "revenue": 652676,
            "revenue_4q": null,
            "common_shares": 2474399,
            "book_valuer_per_share": 3.18,
            "book_valuer_per_share_4q_avg": 3.04,
            "equity": 786992,
            "current_ratio": 16.95,
            "debt_ratio": 90.19,
            "inventory_turnover_ratio": 1.16,
            "account_receivable_turnover_ratio": null,
            "reinvestment_rate": null,
            "research_to_sale_ratio": null,
            "price_fair": 0,
            "eps_avg_yearly": 0,
            "eps_latest_yearly": 0,
            "eps_growth_yearly": 0
        },
        "20042": {
            "year_quarter": 20042,
            "year": 2004,
            "quarter": 2,
            "eps": -0.26,
            "eps_growth_year": null,
            "eps_4q": -0.71,
            "eps_4q_growth_year": null,
            "roe": -8.55,
            "roe_4q": -21.630000000000003,
            "gross_profit": -52614,
            "gross_margin": -5.61,
            "gross_margin_4q_avg": -14.35,
            "net_income": -64653,
            "net_income_4q": null,
            "revenue": 937337,
            "revenue_4q": null,
            "common_shares": 2474399,
            "book_valuer_per_share": 2.93,
            "book_valuer_per_share_4q_avg": 2.86,
            "equity": 724840,
            "current_ratio": 17.8,
            "debt_ratio": 90.91,
            "inventory_turnover_ratio": 1.87,
            "account_receivable_turnover_ratio": null,
            "reinvestment_rate": null,
            "research_to_sale_ratio": null,
            "price_fair": 0,
            "eps_avg_yearly": 0,
            "eps_latest_yearly": 0,
            "eps_growth_yearly": 0
        },
        "20043": {
            "year_quarter": 20043,
            "year": 2004,
            "quarter": 3,
            "eps": -0.16,
            "eps_growth_year": null,
            "eps_4q": -0.22,
            "eps_4q_growth_year": null,
            "roe": -5.54,
            "roe_4q": -7.82,
            "gross_profit": -21727,
            "gross_margin": -3.16,
            "gross_margin_4q_avg": -10.06,
            "net_income": -39075,
            "net_income_4q": null,
            "revenue": 687953,
            "revenue_4q": null,
            "common_shares": 2474399,
            "book_valuer_per_share": 2.77,
            "book_valuer_per_share_4q_avg": 2.8,
            "equity": 686617,
            "current_ratio": 17.86,
            "debt_ratio": 90.99,
            "inventory_turnover_ratio": 1.35,
            "account_receivable_turnover_ratio": null,
            "reinvestment_rate": null,
            "research_to_sale_ratio": null,
            "price_fair": 0,
            "eps_avg_yearly": 0,
            "eps_latest_yearly": 0,
            "eps_growth_yearly": 0
        },
        "20044": {
            "year_quarter": 20044,
            "year": 2004,
            "quarter": 4,
            "eps": 1.98,
            "eps_growth_year": null,
            "eps_4q": 2.44,
            "eps_4q_growth_year": null,
            "roe": 40.17,
            "roe_4q": 57.63,
            "gross_profit": 29581,
            "gross_margin": 3.43,
            "gross_margin_4q_avg": -4.61,
            "net_income": 490416,
            "net_income_4q": null,
            "revenue": 863326,
            "revenue_4q": null,
            "common_shares": 2474399,
            "book_valuer_per_share": 5.16,
            "book_valuer_per_share_4q_avg": 3.51,
            "equity": 1755042,
            "current_ratio": 54.16,
            "debt_ratio": 87.15,
            "inventory_turnover_ratio": 1.14,
            "account_receivable_turnover_ratio": null,
            "reinvestment_rate": null,
            "research_to_sale_ratio": null,
            "price_fair": 0,
            "eps_avg_yearly": 0,
            "eps_latest_yearly": 0,
            "eps_growth_yearly": 0
        },
        "20051": {
            "year_quarter": 20051,
            "year": 2005,
            "quarter": 1,
            "eps": -0.14,
            "eps_growth_year": -115.91,
            "eps_4q": 1.43,
            "eps_4q_growth_year": null,
            "roe": -2.3,
            "roe_4q": 23.780000000000005,
            "gross_profit": 1691,
            "gross_margin": 0.2,
            "gross_margin_4q_avg": -1.29,
            "net_income": -34378,
            "net_income_4q": null,
            "revenue": 827008,
            "revenue_4q": null,
            "common_shares": 2474399,
            "book_valuer_per_share": 5.01,
            "book_valuer_per_share_4q_avg": 3.97,
            "equity": 1239181,
            "current_ratio": 22.9,
            "debt_ratio": 83.32,
            "inventory_turnover_ratio": 1.2,
            "account_receivable_turnover_ratio": null,
            "reinvestment_rate": null,
            "research_to_sale_ratio": null,
            "price_fair": 0,
            "eps_avg_yearly": 0,
            "eps_latest_yearly": 0,
            "eps_growth_yearly": 0
        },
        "20052": {
            "year_quarter": 20052,
            "year": 2005,
            "quarter": 2,
            "eps": 0.1,
            "eps_growth_year": null,
            "eps_4q": 1.76,
            "eps_4q_growth_year": null,
            "roe": 2,
            "roe_4q": 34.330000000000005,
            "gross_profit": 20517,
            "gross_margin": 2.07,
            "gross_margin_4q_avg": 0.64,
            "net_income": 25099,
            "net_income_4q": null,
            "revenue": 992397,
            "revenue_4q": null,
            "common_shares": 2474399,
            "book_valuer_per_share": 5.14,
            "book_valuer_per_share_4q_avg": 4.52,
            "equity": 1272893,
            "current_ratio": 25.2,
            "debt_ratio": 82.82,
            "inventory_turnover_ratio": 2.27,
            "account_receivable_turnover_ratio": null,
            "reinvestment_rate": null,
            "research_to_sale_ratio": null,
            "price_fair": 0,
            "eps_avg_yearly": 0,
            "eps_latest_yearly": 0,
            "eps_growth_yearly": 0
        },
        "20053": {
            "year_quarter": 20053,
            "year": 2005,
            "quarter": 3,
            "eps": -0.15,
            "eps_growth_year": null,
            "eps_4q": 1.79,
            "eps_4q_growth_year": null,
            "roe": -2.98,
            "roe_4q": 36.89,
            "gross_profit": 21704,
            "gross_margin": 2.24,
            "gross_margin_4q_avg": 1.99,
            "net_income": -37781,
            "net_income_4q": null,
            "revenue": 967525,
            "revenue_4q": null,
            "common_shares": 2474399,
            "book_valuer_per_share": 5.11,
            "book_valuer_per_share_4q_avg": 5.11,
            "equity": 1265379,
            "current_ratio": 25.63,
            "debt_ratio": 82.98,
            "inventory_turnover_ratio": 2.38,
            "account_receivable_turnover_ratio": null,
            "reinvestment_rate": null,
            "research_to_sale_ratio": null,
            "price_fair": 0,
            "eps_avg_yearly": 0,
            "eps_latest_yearly": 0,
            "eps_growth_yearly": 0
        },
        "20054": {
            "year_quarter": 20054,
            "year": 2005,
            "quarter": 4,
            "eps": 0.34,
            "eps_growth_year": -82.83,
            "eps_4q": 0.1,
            "eps_4q_growth_year": -95.7,
            "roe": 3.88,
            "roe_4q": 0.6000000000000001,
            "gross_profit": 20219,
            "gross_margin": 2.12,
            "gross_margin_4q_avg": 1.66,
            "net_income": 68055,
            "net_income_4q": null,
            "revenue": 953674,
            "revenue_4q": null,
            "common_shares": 2000000,
            "book_valuer_per_share": 6.66,
            "book_valuer_per_share_4q_avg": 5.48,
            "equity": 2239819,
            "current_ratio": 63.38,
            "debt_ratio": 86.43,
            "inventory_turnover_ratio": 1.51,
            "account_receivable_turnover_ratio": null,
            "reinvestment_rate": null,
            "research_to_sale_ratio": null,
            "price_fair": 0,
            "eps_avg_yearly": 0,
            "eps_latest_yearly": 0,
            "eps_growth_yearly": 0
        },
        "20061": {
            "year_quarter": 20061,
            "year": 2006,
            "quarter": 1,
            "eps": -0.02,
            "eps_growth_year": null,
            "eps_4q": 0.24,
            "eps_4q_growth_year": -83.12,
            "roe": -0.24,
            "roe_4q": 2.6599999999999997,
            "gross_profit": 3071,
            "gross_margin": 0.28,
            "gross_margin_4q_avg": 1.68,
            "net_income": -4225,
            "net_income_4q": null,
            "revenue": 1083812,
            "revenue_4q": null,
            "common_shares": 2000000,
            "book_valuer_per_share": 6.63,
            "book_valuer_per_share_4q_avg": 5.89,
            "equity": 1326845,
            "current_ratio": 26.87,
            "debt_ratio": 81.43,
            "inventory_turnover_ratio": 1.71,
            "account_receivable_turnover_ratio": null,
            "reinvestment_rate": null,
            "research_to_sale_ratio": null,
            "price_fair": 0,
            "eps_avg_yearly": 0,
            "eps_latest_yearly": 0,
            "eps_growth_yearly": 0
        },
        "20062": {
            "year_quarter": 20062,
            "year": 2006,
            "quarter": 2,
            "eps": -0.16,
            "eps_growth_year": -260,
            "eps_4q": -0.03,
            "eps_4q_growth_year": -101.53,
            "roe": -2.21,
            "roe_4q": -1.5500000000000003,
            "gross_profit": -56043,
            "gross_margin": -4.31,
            "gross_margin_4q_avg": 0.08,
            "net_income": -31437,
            "net_income_4q": null,
            "revenue": 1299541,
            "revenue_4q": null,
            "common_shares": 2000000,
            "book_valuer_per_share": 7.57,
            "book_valuer_per_share_4q_avg": 6.49,
            "equity": 1514767,
            "current_ratio": 27.09,
            "debt_ratio": 79.29,
            "inventory_turnover_ratio": 3.15,
            "account_receivable_turnover_ratio": null,
            "reinvestment_rate": null,
            "research_to_sale_ratio": null,
            "price_fair": 0,
            "eps_avg_yearly": 0,
            "eps_latest_yearly": 0,
            "eps_growth_yearly": 0
        },
        "20063": {
            "year_quarter": 20063,
            "year": 2006,
            "quarter": 3,
            "eps": 0.38,
            "eps_growth_year": null,
            "eps_4q": 0.54,
            "eps_4q_growth_year": -69.81,
            "roe": 5.19,
            "roe_4q": 6.62,
            "gross_profit": 40979,
            "gross_margin": 3.09,
            "gross_margin_4q_avg": 0.3,
            "net_income": 76483,
            "net_income_4q": null,
            "revenue": 1327067,
            "revenue_4q": null,
            "common_shares": 2000000,
            "book_valuer_per_share": 7.15,
            "book_valuer_per_share_4q_avg": 7,
            "equity": 1430439,
            "current_ratio": 31.14,
            "debt_ratio": 80.71,
            "inventory_turnover_ratio": 2.68,
            "account_receivable_turnover_ratio": null,
            "reinvestment_rate": null,
            "research_to_sale_ratio": null,
            "price_fair": 0,
            "eps_avg_yearly": 0,
            "eps_latest_yearly": 0,
            "eps_growth_yearly": 0
        },
        "20064": {
            "year_quarter": 20064,
            "year": 2006,
            "quarter": 4,
            "eps": -0.71,
            "eps_growth_year": -308.82,
            "eps_4q": -0.3,
            "eps_4q_growth_year": -384.65,
            "roe": -7.3,
            "roe_4q": -4.56,
            "gross_profit": -12816,
            "gross_margin": -1.2,
            "gross_margin_4q_avg": -0.54,
            "net_income": -141523,
            "net_income_4q": null,
            "revenue": 1068824,
            "revenue_4q": null,
            "common_shares": 2000000,
            "book_valuer_per_share": 6.25,
            "book_valuer_per_share_4q_avg": 6.9,
            "equity": 2444726,
            "current_ratio": 80.14,
            "debt_ratio": 88.69,
            "inventory_turnover_ratio": 0.89,
            "account_receivable_turnover_ratio": null,
            "reinvestment_rate": null,
            "research_to_sale_ratio": null,
            "price_fair": 0,
            "eps_avg_yearly": 0,
            "eps_latest_yearly": 0,
            "eps_growth_yearly": 0
        },
        "20071": {
            "year_quarter": 20071,
            "year": 2007,
            "quarter": 1,
            "eps": 0.05,
            "eps_growth_year": null,
            "eps_4q": -0.48,
            "eps_4q_growth_year": -297.81,
            "roe": 0.48,
            "roe_4q": -3.84,
            "gross_profit": 56854,
            "gross_margin": 4.16,
            "gross_margin_4q_avg": 0.44,
            "net_income": 9120,
            "net_income_4q": null,
            "revenue": 1365282,
            "revenue_4q": null,
            "common_shares": 2000000,
            "book_valuer_per_share": 6.73,
            "book_valuer_per_share_4q_avg": 6.93,
            "equity": 1346623,
            "current_ratio": 30.59,
            "debt_ratio": 81.22,
            "inventory_turnover_ratio": 1.1,
            "account_receivable_turnover_ratio": null,
            "reinvestment_rate": null,
            "research_to_sale_ratio": null,
            "price_fair": 0,
            "eps_avg_yearly": 0,
            "eps_latest_yearly": 0,
            "eps_growth_yearly": 0
        },
        "20072": {
            "year_quarter": 20072,
            "year": 2007,
            "quarter": 2,
            "eps": 1.22,
            "eps_growth_year": null,
            "eps_4q": 0.94,
            "eps_4q_growth_year": null,
            "roe": 16.47,
            "roe_4q": 14.84,
            "gross_profit": 118640,
            "gross_margin": 7.73,
            "gross_margin_4q_avg": 3.45,
            "net_income": 244016,
            "net_income_4q": null,
            "revenue": 1535205,
            "revenue_4q": null,
            "common_shares": 2000000,
            "book_valuer_per_share": 8.08,
            "book_valuer_per_share_4q_avg": 7.05,
            "equity": 1616174,
            "current_ratio": 33.43,
            "debt_ratio": 78.01,
            "inventory_turnover_ratio": 2.71,
            "account_receivable_turnover_ratio": null,
            "reinvestment_rate": -478.6,
            "research_to_sale_ratio": null,
            "price_fair": 170.8,
            "eps_avg_yearly": 4.88,
            "eps_latest_yearly": 4.88,
            "eps_growth_yearly": 9360
        },
        "20073": {
            "year_quarter": 20073,
            "year": 2007,
            "quarter": 3,
            "eps": -0.05,
            "eps_growth_year": -113.16,
            "eps_4q": 0.51,
            "eps_4q_growth_year": -6.45,
            "roe": -0.64,
            "roe_4q": 9.009999999999998,
            "gross_profit": 23031,
            "gross_margin": 1.72,
            "gross_margin_4q_avg": 3.1,
            "net_income": -10401,
            "net_income_4q": null,
            "revenue": 1335951,
            "revenue_4q": null,
            "common_shares": 2000000,
            "book_valuer_per_share": 8.04,
            "book_valuer_per_share_4q_avg": 7.28,
            "equity": 1608912,
            "current_ratio": 52.65,
            "debt_ratio": 77.68,
            "inventory_turnover_ratio": 2.43,
            "account_receivable_turnover_ratio": null,
            "reinvestment_rate": -351.53,
            "research_to_sale_ratio": null,
            "price_fair": 170.8,
            "eps_avg_yearly": 4.88,
            "eps_latest_yearly": 4.88,
            "eps_growth_yearly": 9360
        },
        "20074": {
            "year_quarter": 20074,
            "year": 2007,
            "quarter": 4,
            "eps": 0.02,
            "eps_growth_year": null,
            "eps_4q": 1.41,
            "eps_4q_growth_year": null,
            "roe": 0.12,
            "roe_4q": 16.43,
            "gross_profit": 61377,
            "gross_margin": 4.32,
            "gross_margin_4q_avg": 4.48,
            "net_income": 3503,
            "net_income_4q": null,
            "revenue": 1419894,
            "revenue_4q": null,
            "common_shares": 2000000,
            "book_valuer_per_share": 8.39,
            "book_valuer_per_share_4q_avg": 7.81,
            "equity": 4275726,
            "current_ratio": 116.43,
            "debt_ratio": 81.43,
            "inventory_turnover_ratio": 1.04,
            "account_receivable_turnover_ratio": null,
            "reinvestment_rate": -167.37,
            "research_to_sale_ratio": null,
            "price_fair": 170.8,
            "eps_avg_yearly": 4.88,
            "eps_latest_yearly": 4.88,
            "eps_growth_yearly": 9360
        },
        "20081": {
            "year_quarter": 20081,
            "year": 2008,
            "quarter": 1,
            "eps": 0.09,
            "eps_growth_year": 80,
            "eps_4q": 0.16,
            "eps_4q_growth_year": null,
            "roe": 3.4,
            "roe_4q": 19.349999999999998,
            "gross_profit": 137684,
            "gross_margin": 1.44,
            "gross_margin_4q_avg": 3.8,
            "net_income": 144939,
            "net_income_4q": null,
            "revenue": 9550542,
            "revenue_4q": null,
            "common_shares": 2000000,
            "book_valuer_per_share": 8.25,
            "book_valuer_per_share_4q_avg": 8.19,
            "equity": 4238885,
            "current_ratio": 119.34,
            "debt_ratio": 80.35,
            "inventory_turnover_ratio": 5.37,
            "account_receivable_turnover_ratio": null,
            "reinvestment_rate": 38.79,
            "research_to_sale_ratio": null,
            "price_fair": 91.7,
            "eps_avg_yearly": 2.62,
            "eps_latest_yearly": 0.36,
            "eps_growth_yearly": 5380
        },
        "20082": {
            "year_quarter": 20082,
            "year": 2008,
            "quarter": 2,
            "eps": -0.27,
            "eps_growth_year": -122.13,
            "eps_4q": -0.21,
            "eps_4q_growth_year": -122.51,
            "roe": -1.74,
            "roe_4q": 1.1399999999999997,
            "gross_profit": 279345,
            "gross_margin": 2.9,
            "gross_margin_4q_avg": 2.6,
            "net_income": -76205,
            "net_income_4q": null,
            "revenue": 9648083,
            "revenue_4q": null,
            "common_shares": 2000000,
            "book_valuer_per_share": 8.26,
            "book_valuer_per_share_4q_avg": 8.24,
            "equity": 4536712,
            "current_ratio": 120.94,
            "debt_ratio": 80.58,
            "inventory_turnover_ratio": 5.21,
            "account_receivable_turnover_ratio": null,
            "reinvestment_rate": 8.29,
            "research_to_sale_ratio": null,
            "price_fair": 91.7,
            "eps_avg_yearly": 2.62,
            "eps_latest_yearly": 0.36,
            "eps_growth_yearly": 5380
        },
        "20083": {
            "year_quarter": 20083,
            "year": 2008,
            "quarter": 3,
            "eps": 0.39,
            "eps_growth_year": null,
            "eps_4q": 0.2,
            "eps_4q_growth_year": -59.79,
            "roe": 1.89,
            "roe_4q": 3.67,
            "gross_profit": 136039,
            "gross_margin": 1.27,
            "gross_margin_4q_avg": 2.48,
            "net_income": 88288,
            "net_income_4q": null,
            "revenue": 10710109,
            "revenue_4q": null,
            "common_shares": 2000000,
            "book_valuer_per_share": 8.68,
            "book_valuer_per_share_4q_avg": 8.4,
            "equity": 4794576,
            "current_ratio": 122.51,
            "debt_ratio": 79.67,
            "inventory_turnover_ratio": 5.29,
            "account_receivable_turnover_ratio": null,
            "reinvestment_rate": 73.22,
            "research_to_sale_ratio": null,
            "price_fair": 91.7,
            "eps_avg_yearly": 2.62,
            "eps_latest_yearly": 0.36,
            "eps_growth_yearly": 5380
        },
        "20084": {
            "year_quarter": 20084,
            "year": 2008,
            "quarter": 4,
            "eps": -2.18,
            "eps_growth_year": -11000,
            "eps_4q": -0.75,
            "eps_4q_growth_year": -153.56,
            "roe": -28.93,
            "roe_4q": -25.38,
            "gross_profit": -356637,
            "gross_margin": -6,
            "gross_margin_4q_avg": -0.1,
            "net_income": -1178688,
            "net_income_4q": null,
            "revenue": 5944383,
            "revenue_4q": null,
            "common_shares": 2000000,
            "book_valuer_per_share": 6.32,
            "book_valuer_per_share_4q_avg": 7.88,
            "equity": 3352964,
            "current_ratio": 113.19,
            "debt_ratio": 84.12,
            "inventory_turnover_ratio": 3.63,
            "account_receivable_turnover_ratio": 4.33,
            "reinvestment_rate": null,
            "research_to_sale_ratio": null,
            "price_fair": 91.7,
            "eps_avg_yearly": 2.62,
            "eps_latest_yearly": 0.36,
            "eps_growth_yearly": 5380
        },
        "20091": {
            "year_quarter": 20091,
            "year": 2009,
            "quarter": 1,
            "eps": -0.7,
            "eps_growth_year": -877.78,
            "eps_4q": -2.75,
            "eps_4q_growth_year": -1837.04,
            "roe": -7.66,
            "roe_4q": -36.440000000000005,
            "gross_profit": -114436,
            "gross_margin": -2.66,
            "gross_margin_4q_avg": -1.12,
            "net_income": -257085,
            "net_income_4q": null,
            "revenue": 4294900,
            "revenue_4q": null,
            "common_shares": 2000000,
            "book_valuer_per_share": 6.1,
            "book_valuer_per_share_4q_avg": 7.34,
            "equity": 3362125,
            "current_ratio": 116.85,
            "debt_ratio": 81.46,
            "inventory_turnover_ratio": 3.11,
            "account_receivable_turnover_ratio": 1.63,
            "reinvestment_rate": null,
            "research_to_sale_ratio": null,
            "price_fair": 91.7,
            "eps_avg_yearly": 2.62,
            "eps_latest_yearly": 0.36,
            "eps_growth_yearly": 5380
        },
        "20092": {
            "year_quarter": 20092,
            "year": 2009,
            "quarter": 2,
            "eps": -0.2,
            "eps_growth_year": null,
            "eps_4q": -2.69,
            "eps_4q_growth_year": null,
            "roe": -0.35,
            "roe_4q": -35.05,
            "gross_profit": 230621,
            "gross_margin": 3.95,
            "gross_margin_4q_avg": -0.86,
            "net_income": -11447,
            "net_income_4q": null,
            "revenue": 5836469,
            "revenue_4q": null,
            "common_shares": 2000000,
            "book_valuer_per_share": 5.7,
            "book_valuer_per_share_4q_avg": 6.7,
            "equity": 3254937,
            "current_ratio": 118.53,
            "debt_ratio": 81.23,
            "inventory_turnover_ratio": 4.55,
            "account_receivable_turnover_ratio": 2.22,
            "reinvestment_rate": null,
            "research_to_sale_ratio": null,
            "price_fair": 91.7,
            "eps_avg_yearly": 2.62,
            "eps_latest_yearly": 0.36,
            "eps_growth_yearly": 5380
        },
        "20093": {
            "year_quarter": 20093,
            "year": 2009,
            "quarter": 3,
            "eps": 0.18,
            "eps_growth_year": -53.85,
            "eps_4q": -0.77,
            "eps_4q_growth_year": -476.08,
            "roe": 4.12,
            "roe_4q": -32.82,
            "gross_profit": 309945,
            "gross_margin": 4.54,
            "gross_margin_4q_avg": -0.04,
            "net_income": 136172,
            "net_income_4q": null,
            "revenue": 6824518,
            "revenue_4q": null,
            "common_shares": 2000000,
            "book_valuer_per_share": 5.8,
            "book_valuer_per_share_4q_avg": 5.98,
            "equity": 3348812,
            "current_ratio": 119.24,
            "debt_ratio": 81.7,
            "inventory_turnover_ratio": 4.68,
            "account_receivable_turnover_ratio": 2.3,
            "reinvestment_rate": null,
            "research_to_sale_ratio": null,
            "price_fair": 91.7,
            "eps_avg_yearly": 2.62,
            "eps_latest_yearly": 0.36,
            "eps_growth_yearly": 5380
        },
        "20094": {
            "year_quarter": 20094,
            "year": 2009,
            "quarter": 4,
            "eps": 0.31,
            "eps_growth_year": null,
            "eps_4q": -0.41,
            "eps_4q_growth_year": null,
            "roe": 5.26,
            "roe_4q": 1.3699999999999992,
            "gross_profit": 292164,
            "gross_margin": 3.73,
            "gross_margin_4q_avg": 2.39,
            "net_income": 179612,
            "net_income_4q": null,
            "revenue": 7823180,
            "revenue_4q": null,
            "common_shares": 2000000,
            "book_valuer_per_share": 6.03,
            "book_valuer_per_share_4q_avg": 5.91,
            "equity": 3484712,
            "current_ratio": 123.73,
            "debt_ratio": 80.73,
            "inventory_turnover_ratio": 5.08,
            "account_receivable_turnover_ratio": 4.16,
            "reinvestment_rate": null,
            "research_to_sale_ratio": null,
            "price_fair": 75.6,
            "eps_avg_yearly": 2.16,
            "eps_latest_yearly": 1.24,
            "eps_growth_yearly": 3682.96
        },
        "20101": {
            "year_quarter": 20101,
            "year": 2010,
            "quarter": 1,
            "eps": 0.11,
            "eps_growth_year": null,
            "eps_4q": 0.4,
            "eps_4q_growth_year": null,
            "roe": 2.57,
            "roe_4q": 11.6,
            "gross_profit": 337964,
            "gross_margin": 3.97,
            "gross_margin_4q_avg": 4.05,
            "net_income": 90713,
            "net_income_4q": null,
            "revenue": 8512125,
            "revenue_4q": null,
            "common_shares": 2000000,
            "book_valuer_per_share": 6.13,
            "book_valuer_per_share_4q_avg": 5.92,
            "equity": 3564742,
            "current_ratio": 120.19,
            "debt_ratio": 81.86,
            "inventory_turnover_ratio": 6.15,
            "account_receivable_turnover_ratio": 2.16,
            "reinvestment_rate": null,
            "research_to_sale_ratio": null,
            "price_fair": 60.55,
            "eps_avg_yearly": 1.73,
            "eps_latest_yearly": 0.44,
            "eps_growth_yearly": 2697.71
        },
        "20102": {
            "year_quarter": 20102,
            "year": 2010,
            "quarter": 2,
            "eps": 0.07,
            "eps_growth_year": null,
            "eps_4q": 0.67,
            "eps_4q_growth_year": null,
            "roe": 2.61,
            "roe_4q": 14.559999999999999,
            "gross_profit": 287473,
            "gross_margin": 2.72,
            "gross_margin_4q_avg": 3.74,
            "net_income": 95274,
            "net_income_4q": null,
            "revenue": 10579919,
            "revenue_4q": null,
            "common_shares": 2000000,
            "book_valuer_per_share": 6.34,
            "book_valuer_per_share_4q_avg": 6.08,
            "equity": 3746883,
            "current_ratio": 120.09,
            "debt_ratio": 82.01,
            "inventory_turnover_ratio": 6.82,
            "account_receivable_turnover_ratio": 2.25,
            "reinvestment_rate": null,
            "research_to_sale_ratio": null,
            "price_fair": 50.4,
            "eps_avg_yearly": 1.44,
            "eps_latest_yearly": 0.28,
            "eps_growth_yearly": 2129.07
        },
        "20103": {
            "year_quarter": 20103,
            "year": 2010,
            "quarter": 3,
            "eps": -0.13,
            "eps_growth_year": -169.92,
            "eps_4q": 0.33,
            "eps_4q_growth_year": null,
            "roe": -0.53,
            "roe_4q": 9.91,
            "gross_profit": 167578,
            "gross_margin": 1.7,
            "gross_margin_4q_avg": 3.03,
            "net_income": -19822,
            "net_income_4q": null,
            "revenue": 9836260,
            "revenue_4q": null,
            "common_shares": 2131880,
            "book_valuer_per_share": 6.02,
            "book_valuer_per_share_4q_avg": 6.13,
            "equity": 3717726,
            "current_ratio": 122.92,
            "debt_ratio": 82.05,
            "inventory_turnover_ratio": 5.55,
            "account_receivable_turnover_ratio": 1.9,
            "reinvestment_rate": null,
            "research_to_sale_ratio": null,
            "price_fair": 50.4,
            "eps_avg_yearly": 1.44,
            "eps_latest_yearly": 0.28,
            "eps_growth_yearly": 2129.07
        },
        "20104": {
            "year_quarter": 20104,
            "year": 2010,
            "quarter": 4,
            "eps": 0.01,
            "eps_growth_year": -98.21,
            "eps_4q": 0.05,
            "eps_4q_growth_year": null,
            "roe": 2.06,
            "roe_4q": 6.709999999999999,
            "gross_profit": 380676,
            "gross_margin": 3.82,
            "gross_margin_4q_avg": 3.05,
            "net_income": 75076,
            "net_income_4q": null,
            "revenue": 9958284,
            "revenue_4q": null,
            "common_shares": 2131880,
            "book_valuer_per_share": 5.69,
            "book_valuer_per_share_4q_avg": 6.05,
            "equity": 3589111,
            "current_ratio": 124.23,
            "debt_ratio": 83.23,
            "inventory_turnover_ratio": 5.81,
            "account_receivable_turnover_ratio": 1.8,
            "reinvestment_rate": null,
            "research_to_sale_ratio": null,
            "price_fair": 50.4,
            "eps_avg_yearly": 1.44,
            "eps_latest_yearly": 0.28,
            "eps_growth_yearly": 2129.07
        },
        "20111": {
            "year_quarter": 20111,
            "year": 2011,
            "quarter": 1,
            "eps": 1.81,
            "eps_growth_year": 1545.45,
            "eps_4q": 1.75,
            "eps_4q_growth_year": 334.42,
            "roe": 13.03,
            "roe_4q": 17.17,
            "gross_profit": 284512,
            "gross_margin": 2.61,
            "gross_margin_4q_avg": 2.71,
            "net_income": 400861,
            "net_income_4q": null,
            "revenue": 10885619,
            "revenue_4q": null,
            "common_shares": 2131880,
            "book_valuer_per_share": 7.63,
            "book_valuer_per_share_4q_avg": 6.42,
            "equity": 2565324,
            "current_ratio": 115.63,
            "debt_ratio": 89.29,
            "inventory_turnover_ratio": 5.84,
            "account_receivable_turnover_ratio": 1.68,
            "reinvestment_rate": null,
            "research_to_sale_ratio": null,
            "price_fair": 84.23,
            "eps_avg_yearly": 2.41,
            "eps_latest_yearly": 7.24,
            "eps_growth_yearly": 13774.23
        },
        "20112": {
            "year_quarter": 20112,
            "year": 2011,
            "quarter": 2,
            "eps": 0.02,
            "eps_growth_year": -69.7,
            "eps_4q": 1.71,
            "eps_4q_growth_year": 154.85,
            "roe": 0.11,
            "roe_4q": 14.67,
            "gross_profit": 211868,
            "gross_margin": 1.76,
            "gross_margin_4q_avg": 2.47,
            "net_income": 2861,
            "net_income_4q": null,
            "revenue": 12020606,
            "revenue_4q": null,
            "common_shares": 2131880,
            "book_valuer_per_share": 7.58,
            "book_valuer_per_share_4q_avg": 6.73,
            "equity": 2543334,
            "current_ratio": 113.85,
            "debt_ratio": 90.31,
            "inventory_turnover_ratio": 6.35,
            "account_receivable_turnover_ratio": 1.69,
            "reinvestment_rate": null,
            "research_to_sale_ratio": null,
            "price_fair": 56.23,
            "eps_avg_yearly": 1.61,
            "eps_latest_yearly": 0.08,
            "eps_growth_yearly": 12148.3
        },
        "20113": {
            "year_quarter": 20113,
            "year": 2011,
            "quarter": 3,
            "eps": -0.04,
            "eps_growth_year": null,
            "eps_4q": 1.8,
            "eps_4q_growth_year": 440.39,
            "roe": 0.12,
            "roe_4q": 15.32,
            "gross_profit": 394748,
            "gross_margin": 2.94,
            "gross_margin_4q_avg": 2.78,
            "net_income": 3044,
            "net_income_4q": null,
            "revenue": 13442033,
            "revenue_4q": null,
            "common_shares": 2131880,
            "book_valuer_per_share": 7.53,
            "book_valuer_per_share_4q_avg": 7.11,
            "equity": 2578005,
            "current_ratio": 118.08,
            "debt_ratio": 91.05,
            "inventory_turnover_ratio": 6.8,
            "account_receivable_turnover_ratio": 1.86,
            "reinvestment_rate": null,
            "research_to_sale_ratio": null,
            "price_fair": 56.23,
            "eps_avg_yearly": 1.61,
            "eps_latest_yearly": 0.08,
            "eps_growth_yearly": 12148.3
        },
        "20114": {
            "year_quarter": 20114,
            "year": 2011,
            "quarter": 4,
            "eps": -1.15,
            "eps_growth_year": -20692.09,
            "eps_4q": 0.65,
            "eps_4q_growth_year": 1258.35,
            "roe": -11.25,
            "roe_4q": 2.009999999999998,
            "gross_profit": -153929,
            "gross_margin": -1.39,
            "gross_margin_4q_avg": 1.48,
            "net_income": -282343,
            "net_income_4q": null,
            "revenue": 11058778,
            "revenue_4q": null,
            "common_shares": 2131880,
            "book_valuer_per_share": 6.95,
            "book_valuer_per_share_4q_avg": 7.42,
            "equity": 2439534,
            "current_ratio": 119.59,
            "debt_ratio": 89.24,
            "inventory_turnover_ratio": 5.43,
            "account_receivable_turnover_ratio": 1.66,
            "reinvestment_rate": null,
            "research_to_sale_ratio": null,
            "price_fair": 56.23,
            "eps_avg_yearly": 1.61,
            "eps_latest_yearly": 0.08,
            "eps_growth_yearly": 12148.3
        },
        "20121": {
            "year_quarter": 20121,
            "year": 2012,
            "quarter": 1,
            "eps": 0.62,
            "eps_growth_year": -65.75,
            "eps_4q": -0.52,
            "eps_4q_growth_year": -129.38,
            "roe": 6.3,
            "roe_4q": -4.72,
            "gross_profit": 358429,
            "gross_margin": 3.18,
            "gross_margin_4q_avg": 1.62,
            "net_income": 148828,
            "net_income_4q": null,
            "revenue": 11266304,
            "revenue_4q": null,
            "common_shares": 2275280,
            "book_valuer_per_share": 7.58,
            "book_valuer_per_share_4q_avg": 7.41,
            "equity": 2286951,
            "current_ratio": 118.48,
            "debt_ratio": 90.76,
            "inventory_turnover_ratio": 5.72,
            "account_receivable_turnover_ratio": 1.82,
            "reinvestment_rate": null,
            "research_to_sale_ratio": null,
            "price_fair": 64.96,
            "eps_avg_yearly": 1.86,
            "eps_latest_yearly": 0.08,
            "eps_growth_yearly": 14297.96
        },
        "20122": {
            "year_quarter": 20122,
            "year": 2012,
            "quarter": 2,
            "eps": -0.3,
            "eps_growth_year": -1630.29,
            "eps_4q": -0.84,
            "eps_4q_growth_year": -148.98,
            "roe": -3.14,
            "roe_4q": -7.97,
            "gross_profit": 294176,
            "gross_margin": 2.34,
            "gross_margin_4q_avg": 1.77,
            "net_income": -70498,
            "net_income_4q": null,
            "revenue": 12576727,
            "revenue_4q": null,
            "common_shares": 2275280,
            "book_valuer_per_share": 7.23,
            "book_valuer_per_share_4q_avg": 7.32,
            "equity": 2209019,
            "current_ratio": 114.4,
            "debt_ratio": 90.59,
            "inventory_turnover_ratio": 7.04,
            "account_receivable_turnover_ratio": 2,
            "reinvestment_rate": null,
            "research_to_sale_ratio": null,
            "price_fair": 64.96,
            "eps_avg_yearly": 1.86,
            "eps_latest_yearly": 0.08,
            "eps_growth_yearly": 14297.96
        },
        "20123": {
            "year_quarter": 20123,
            "year": 2012,
            "quarter": 3,
            "eps": -0.28,
            "eps_growth_year": null,
            "eps_4q": -1.08,
            "eps_4q_growth_year": -160.3,
            "roe": -2.99,
            "roe_4q": -11.080000000000002,
            "gross_profit": 174075,
            "gross_margin": 1.53,
            "gross_margin_4q_avg": 1.42,
            "net_income": -64376,
            "net_income_4q": null,
            "revenue": 11413603,
            "revenue_4q": null,
            "common_shares": 2275280,
            "book_valuer_per_share": 6.79,
            "book_valuer_per_share_4q_avg": 7.14,
            "equity": 2092425,
            "current_ratio": 116.06,
            "debt_ratio": 89.9,
            "inventory_turnover_ratio": 5.87,
            "account_receivable_turnover_ratio": 1.99,
            "reinvestment_rate": null,
            "research_to_sale_ratio": null,
            "price_fair": 64.96,
            "eps_avg_yearly": 1.86,
            "eps_latest_yearly": 0.08,
            "eps_growth_yearly": 14297.96
        },
        "20124": {
            "year_quarter": 20124,
            "year": 2012,
            "quarter": 4,
            "eps": -0.24,
            "eps_growth_year": null,
            "eps_4q": -0.25,
            "eps_4q_growth_year": -138.65,
            "roe": -2.6,
            "roe_4q": -2.4300000000000006,
            "gross_profit": 109714,
            "gross_margin": 1,
            "gross_margin_4q_avg": 2.01,
            "net_income": -51820,
            "net_income_4q": null,
            "revenue": 10981299,
            "revenue_4q": null,
            "common_shares": 2275280,
            "book_valuer_per_share": 6.58,
            "book_valuer_per_share_4q_avg": 7.05,
            "equity": 1888539,
            "current_ratio": 122.18,
            "debt_ratio": 90.43,
            "inventory_turnover_ratio": 5.02,
            "account_receivable_turnover_ratio": 2.1,
            "reinvestment_rate": -1652.69,
            "research_to_sale_ratio": null,
            "price_fair": 64.96,
            "eps_avg_yearly": 1.86,
            "eps_latest_yearly": 0.08,
            "eps_growth_yearly": 14297.96
        },
        "20131": {
            "year_quarter": 20131,
            "year": 2013,
            "quarter": 1,
            "eps": -0.52,
            "eps_growth_year": -183.87,
            "eps_4q": -1.34,
            "eps_4q_growth_year": null,
            "roe": -5.02,
            "roe_4q": -13.75,
            "gross_profit": 170726,
            "gross_margin": 1.66,
            "gross_margin_4q_avg": 1.63,
            "net_income": -118375,
            "net_income_4q": null,
            "revenue": 10271586,
            "revenue_4q": null,
            "common_shares": 2275280,
            "book_valuer_per_share": 10.65,
            "book_valuer_per_share_4q_avg": 7.81,
            "equity": 2823335,
            "current_ratio": 118.29,
            "debt_ratio": 87.65,
            "inventory_turnover_ratio": 4.83,
            "account_receivable_turnover_ratio": 1.92,
            "reinvestment_rate": -521.28,
            "research_to_sale_ratio": null,
            "price_fair": 64.96,
            "eps_avg_yearly": 1.86,
            "eps_latest_yearly": 0.08,
            "eps_growth_yearly": 14297.96
        },
        "20132": {
            "year_quarter": 20132,
            "year": 2013,
            "quarter": 2,
            "eps": -0.25,
            "eps_growth_year": null,
            "eps_4q": -1.29,
            "eps_4q_growth_year": null,
            "roe": -2.15,
            "roe_4q": -12.76,
            "gross_profit": 191292,
            "gross_margin": 1.66,
            "gross_margin_4q_avg": 1.46,
            "net_income": -59971,
            "net_income_4q": null,
            "revenue": 11540121,
            "revenue_4q": null,
            "common_shares": 2275280,
            "book_valuer_per_share": 10.33,
            "book_valuer_per_share_4q_avg": 8.59,
            "equity": 2751435,
            "current_ratio": 115.78,
            "debt_ratio": 88.94,
            "inventory_turnover_ratio": 5.71,
            "account_receivable_turnover_ratio": 1.89,
            "reinvestment_rate": -470.41,
            "research_to_sale_ratio": null,
            "price_fair": 64.96,
            "eps_avg_yearly": 1.86,
            "eps_latest_yearly": 0.08,
            "eps_growth_yearly": 14297.96
        },
        "20133": {
            "year_quarter": 20133,
            "year": 2013,
            "quarter": 3,
            "eps": -0.11,
            "eps_growth_year": null,
            "eps_4q": -1.12,
            "eps_4q_growth_year": null,
            "roe": 0.4,
            "roe_4q": -9.37,
            "gross_profit": 145117,
            "gross_margin": 1.3,
            "gross_margin_4q_avg": 1.41,
            "net_income": 10599,
            "net_income_4q": null,
            "revenue": 11191844,
            "revenue_4q": null,
            "common_shares": 2275280,
            "book_valuer_per_share": 10.55,
            "book_valuer_per_share_4q_avg": 9.53,
            "equity": 2563126,
            "current_ratio": 116.38,
            "debt_ratio": 88.86,
            "inventory_turnover_ratio": 5.56,
            "account_receivable_turnover_ratio": 1.75,
            "reinvestment_rate": -748.73,
            "research_to_sale_ratio": null,
            "price_fair": 64.96,
            "eps_avg_yearly": 1.86,
            "eps_latest_yearly": 0.08,
            "eps_growth_yearly": 14297.96
        },
        "20134": {
            "year_quarter": 20134,
            "year": 2013,
            "quarter": 4,
            "eps": 0.05,
            "eps_growth_year": null,
            "eps_4q": -0.83,
            "eps_4q_growth_year": null,
            "roe": 0.54,
            "roe_4q": -6.2299999999999995,
            "gross_profit": 169363,
            "gross_margin": 1.53,
            "gross_margin_4q_avg": 1.54,
            "net_income": 14107,
            "net_income_4q": null,
            "revenue": 11082000,
            "revenue_4q": null,
            "common_shares": 2275280,
            "book_valuer_per_share": 10.94,
            "book_valuer_per_share_4q_avg": 10.62,
            "equity": 2658355,
            "current_ratio": 115.37,
            "debt_ratio": 88.56,
            "inventory_turnover_ratio": 5.94,
            "account_receivable_turnover_ratio": 1.79,
            "reinvestment_rate": null,
            "research_to_sale_ratio": null,
            "price_fair": 70.35,
            "eps_avg_yearly": 2.01,
            "eps_latest_yearly": 0.08,
            "eps_growth_yearly": 17800.23
        },
        "20141": {
            "year_quarter": 20141,
            "year": 2014,
            "quarter": 1,
            "eps": -0.43,
            "eps_growth_year": null,
            "eps_4q": -0.75,
            "eps_4q_growth_year": null,
            "roe": -3.75,
            "roe_4q": -4.96,
            "gross_profit": 199266,
            "gross_margin": 1.93,
            "gross_margin_4q_avg": 1.61,
            "net_income": -97375,
            "net_income_4q": null,
            "revenue": 10311508,
            "revenue_4q": null,
            "common_shares": 2275280,
            "book_valuer_per_share": 10.39,
            "book_valuer_per_share_4q_avg": 10.55,
            "equity": 2534667,
            "current_ratio": 115.68,
            "debt_ratio": 88.27,
            "inventory_turnover_ratio": 5.49,
            "account_receivable_turnover_ratio": 1.56,
            "reinvestment_rate": null,
            "research_to_sale_ratio": 0.05,
            "price_fair": 88.67,
            "eps_avg_yearly": 2.53,
            "eps_latest_yearly": 0.08,
            "eps_growth_yearly": 23819.66
        },
        "20142": {
            "year_quarter": 20142,
            "year": 2014,
            "quarter": 2,
            "eps": -0.17,
            "eps_growth_year": null,
            "eps_4q": -0.66,
            "eps_4q_growth_year": null,
            "roe": -1.48,
            "roe_4q": -4.29,
            "gross_profit": 196955,
            "gross_margin": 1.6,
            "gross_margin_4q_avg": 1.59,
            "net_income": -37574,
            "net_income_4q": null,
            "revenue": 12313614,
            "revenue_4q": null,
            "common_shares": 2275280,
            "book_valuer_per_share": 10.43,
            "book_valuer_per_share_4q_avg": 10.58,
            "equity": 2539065,
            "current_ratio": 114.9,
            "debt_ratio": 88.49,
            "inventory_turnover_ratio": 6.08,
            "account_receivable_turnover_ratio": 1.7,
            "reinvestment_rate": null,
            "research_to_sale_ratio": 0.16,
            "price_fair": 128.1,
            "eps_avg_yearly": 3.66,
            "eps_latest_yearly": 0.08,
            "eps_growth_yearly": 35802.21
        },
        "20143": {
            "year_quarter": 20143,
            "year": 2014,
            "quarter": 3,
            "eps": -0.28,
            "eps_growth_year": null,
            "eps_4q": -0.82,
            "eps_4q_growth_year": null,
            "roe": -2.48,
            "roe_4q": -7.17,
            "gross_profit": 233447,
            "gross_margin": 2.04,
            "gross_margin_4q_avg": 1.78,
            "net_income": -62510,
            "net_income_4q": null,
            "revenue": 11417385,
            "revenue_4q": null,
            "common_shares": 2275280,
            "book_valuer_per_share": 10.03,
            "book_valuer_per_share_4q_avg": 10.45,
            "equity": 2500193,
            "current_ratio": 114.67,
            "debt_ratio": 88,
            "inventory_turnover_ratio": 5.83,
            "account_receivable_turnover_ratio": 1.59,
            "reinvestment_rate": null,
            "research_to_sale_ratio": 0.24,
            "price_fair": 128.1,
            "eps_avg_yearly": 3.66,
            "eps_latest_yearly": 0.08,
            "eps_growth_yearly": 35802.21
        },
        "20144": {
            "year_quarter": 20144,
            "year": 2014,
            "quarter": 4,
            "eps": -0.15,
            "eps_growth_year": -420.62,
            "eps_4q": -1.03,
            "eps_4q_growth_year": null,
            "roe": -1.43,
            "roe_4q": -9.14,
            "gross_profit": 75930,
            "gross_margin": 0.64,
            "gross_margin_4q_avg": 1.55,
            "net_income": -35682,
            "net_income_4q": null,
            "revenue": 11837838,
            "revenue_4q": null,
            "common_shares": 2275280,
            "book_valuer_per_share": 10,
            "book_valuer_per_share_4q_avg": 10.21,
            "equity": 2499752,
            "current_ratio": 112.92,
            "debt_ratio": 87.4,
            "inventory_turnover_ratio": 6.89,
            "account_receivable_turnover_ratio": 1.77,
            "reinvestment_rate": null,
            "research_to_sale_ratio": 0.18,
            "price_fair": 128.1,
            "eps_avg_yearly": 3.66,
            "eps_latest_yearly": 0.08,
            "eps_growth_yearly": 35802.21
        },
        "20151": {
            "year_quarter": 20151,
            "year": 2015,
            "quarter": 1,
            "eps": -0.92,
            "eps_growth_year": null,
            "eps_4q": -1.52,
            "eps_4q_growth_year": null,
            "roe": -8.95,
            "roe_4q": -14.34,
            "gross_profit": 77222,
            "gross_margin": 0.98,
            "gross_margin_4q_avg": 1.32,
            "net_income": -214815,
            "net_income_4q": null,
            "revenue": 7890405,
            "revenue_4q": null,
            "common_shares": 2275280,
            "book_valuer_per_share": 9.14,
            "book_valuer_per_share_4q_avg": 9.9,
            "equity": 2298192,
            "current_ratio": 112.19,
            "debt_ratio": 87.45,
            "inventory_turnover_ratio": 5.13,
            "account_receivable_turnover_ratio": 1.32,
            "reinvestment_rate": null,
            "research_to_sale_ratio": 0.04,
            "price_fair": 0.24,
            "eps_avg_yearly": 0.08,
            "eps_latest_yearly": 0.08,
            "eps_growth_yearly": -395.58
        },
        "20152": {
            "year_quarter": 20152,
            "year": 2015,
            "quarter": 2,
            "eps": -0.15,
            "eps_growth_year": null,
            "eps_4q": -1.5,
            "eps_4q_growth_year": null,
            "roe": -1.56,
            "roe_4q": -14.42,
            "gross_profit": 237644,
            "gross_margin": 2.45,
            "gross_margin_4q_avg": 1.53,
            "net_income": -35270,
            "net_income_4q": null,
            "revenue": 9712072,
            "revenue_4q": null,
            "common_shares": 2275280,
            "book_valuer_per_share": 8.85,
            "book_valuer_per_share_4q_avg": 9.51,
            "equity": 2226339,
            "current_ratio": 109.99,
            "debt_ratio": 87.36,
            "inventory_turnover_ratio": 6.54,
            "account_receivable_turnover_ratio": 1.81,
            "reinvestment_rate": null,
            "research_to_sale_ratio": 0.05,
            "price_fair": 0,
            "eps_avg_yearly": 0,
            "eps_latest_yearly": 0,
            "eps_growth_yearly": 0
        },
        "20153": {
            "year_quarter": 20153,
            "year": 2015,
            "quarter": 3,
            "eps": -0.73,
            "eps_growth_year": null,
            "eps_4q": -1.96,
            "eps_4q_growth_year": null,
            "roe": -8.04,
            "roe_4q": -19.979999999999997,
            "gross_profit": 202410,
            "gross_margin": 2.21,
            "gross_margin_4q_avg": 1.57,
            "net_income": -168682,
            "net_income_4q": null,
            "revenue": 9161623,
            "revenue_4q": null,
            "common_shares": 2275280,
            "book_valuer_per_share": 7.7,
            "book_valuer_per_share_4q_avg": 8.92,
            "equity": 1968055,
            "current_ratio": 106.61,
            "debt_ratio": 88.78,
            "inventory_turnover_ratio": 6.63,
            "account_receivable_turnover_ratio": 1.74,
            "reinvestment_rate": null,
            "research_to_sale_ratio": 0.05,
            "price_fair": 0,
            "eps_avg_yearly": 0,
            "eps_latest_yearly": 0,
            "eps_growth_yearly": 0
        },
        "20154": {
            "year_quarter": 20154,
            "year": 2015,
            "quarter": 4,
            "eps": -1.68,
            "eps_growth_year": null,
            "eps_4q": -3.48,
            "eps_4q_growth_year": null,
            "roe": -22.88,
            "roe_4q": -41.42999999999999,
            "gross_profit": 5201,
            "gross_margin": 0.07,
            "gross_margin_4q_avg": 1.43,
            "net_income": -396082,
            "net_income_4q": null,
            "revenue": 7262221,
            "revenue_4q": null,
            "common_shares": 2275280,
            "book_valuer_per_share": 5.68,
            "book_valuer_per_share_4q_avg": 7.84,
            "equity": 1494197,
            "current_ratio": 102.64,
            "debt_ratio": 90.6,
            "inventory_turnover_ratio": 6.08,
            "account_receivable_turnover_ratio": 1.5,
            "reinvestment_rate": null,
            "research_to_sale_ratio": 0.02,
            "price_fair": 0,
            "eps_avg_yearly": 0,
            "eps_latest_yearly": 0,
            "eps_growth_yearly": 0
        },
        "20161": {
            "year_quarter": 20161,
            "year": 2016,
            "quarter": 1,
            "eps": -0.16,
            "eps_growth_year": null,
            "eps_4q": -2.72,
            "eps_4q_growth_year": null,
            "roe": -2.54,
            "roe_4q": -35.019999999999996,
            "gross_profit": 200990,
            "gross_margin": 3.39,
            "gross_margin_4q_avg": 2.03,
            "net_income": -37982,
            "net_income_4q": null,
            "revenue": 5934786,
            "revenue_4q": null,
            "common_shares": 2275280,
            "book_valuer_per_share": 5.69,
            "book_valuer_per_share_4q_avg": 6.98,
            "equity": 1493261,
            "current_ratio": 105.46,
            "debt_ratio": 90.35,
            "inventory_turnover_ratio": 5.1,
            "account_receivable_turnover_ratio": 1.46,
            "reinvestment_rate": null,
            "research_to_sale_ratio": 0.05,
            "price_fair": 0,
            "eps_avg_yearly": 0,
            "eps_latest_yearly": 0,
            "eps_growth_yearly": 0
        },
        "20162": {
            "year_quarter": 20162,
            "year": 2016,
            "quarter": 2,
            "eps": 0.07,
            "eps_growth_year": null,
            "eps_4q": -2.51,
            "eps_4q_growth_year": null,
            "roe": 0.95,
            "roe_4q": -32.51,
            "gross_profit": 272934,
            "gross_margin": 3.93,
            "gross_margin_4q_avg": 2.4,
            "net_income": 13753,
            "net_income_4q": null,
            "revenue": 6948676,
            "revenue_4q": null,
            "common_shares": 2275280,
            "book_valuer_per_share": 5.29,
            "book_valuer_per_share_4q_avg": 6.09,
            "equity": 1395305,
            "current_ratio": 105.34,
            "debt_ratio": 90.54,
            "inventory_turnover_ratio": 6.67,
            "account_receivable_turnover_ratio": 1.91,
            "reinvestment_rate": null,
            "research_to_sale_ratio": 0.04,
            "price_fair": 0,
            "eps_avg_yearly": 0,
            "eps_latest_yearly": 0,
            "eps_growth_yearly": 0
        },
        "20163": {
            "year_quarter": 20163,
            "year": 2016,
            "quarter": 3,
            "eps": -0.1,
            "eps_growth_year": null,
            "eps_4q": -1.88,
            "eps_4q_growth_year": null,
            "roe": -1.86,
            "roe_4q": -26.33,
            "gross_profit": 191768,
            "gross_margin": 3.27,
            "gross_margin_4q_avg": 2.67,
            "net_income": -25116,
            "net_income_4q": null,
            "revenue": 5868336,
            "revenue_4q": null,
            "common_shares": 2275280,
            "book_valuer_per_share": 4.91,
            "book_valuer_per_share_4q_avg": 5.39,
            "equity": 1302255,
            "current_ratio": 105.03,
            "debt_ratio": 90.97,
            "inventory_turnover_ratio": 7.07,
            "account_receivable_turnover_ratio": 1.74,
            "reinvestment_rate": null,
            "research_to_sale_ratio": 0.04,
            "price_fair": 0,
            "eps_avg_yearly": 0,
            "eps_latest_yearly": 0,
            "eps_growth_yearly": 0
        }
    },
    "months": {
        "2001-06": {
            "month": "2001-06",
            "price": "3.46",
            "revenue": 457175
        },
        "2001-07": {
            "month": "2001-07",
            "price": "2.57",
            "revenue": 302397
        },
        "2001-08": {
            "month": "2001-08",
            "price": "2.55",
            "revenue": 250032
        },
        "2001-09": {
            "month": "2001-09",
            "price": "2.27",
            "revenue": 231349
        },
        "2001-10": {
            "month": "2001-10",
            "price": "1.94",
            "revenue": 173319
        },
        "2001-11": {
            "month": "2001-11",
            "price": "1.54",
            "revenue": 210150
        },
        "2001-12": {
            "month": "2001-12",
            "price": "1.88",
            "revenue": 169311
        },
        "2002-01": {
            "month": "2002-01",
            "price": "1.04",
            "revenue": 124381
        },
        "2002-02": {
            "month": "2002-02",
            "price": "0.80",
            "revenue": 55239
        },
        "2002-03": {
            "month": "2002-03",
            "price": "1.13",
            "revenue": 156248
        },
        "2002-04": {
            "month": "2002-04",
            "price": "2.08",
            "revenue": 169447
        },
        "2002-05": {
            "month": "2002-05",
            "price": "1.83",
            "revenue": 172368
        },
        "2002-06": {
            "month": "2002-06",
            "price": "2.12",
            "revenue": 202172
        },
        "2002-07": {
            "month": "2002-07",
            "price": "1.81",
            "revenue": 185697
        },
        "2002-08": {
            "month": "2002-08",
            "price": "1.42",
            "revenue": 128163
        },
        "2002-09": {
            "month": "2002-09",
            "price": "0.86",
            "revenue": 106309
        },
        "2002-10": {
            "month": "2002-10",
            "price": "0.76",
            "revenue": 138697
        },
        "2002-11": {
            "month": "2002-11",
            "price": "0.68",
            "revenue": 98918
        },
        "2002-12": {
            "month": "2002-12",
            "price": "0.80",
            "revenue": 178881
        },
        "2003-01": {
            "month": "2003-01",
            "price": "1.77",
            "revenue": 165245
        },
        "2003-02": {
            "month": "2003-02",
            "price": "1.97",
            "revenue": 121164
        },
        "2003-03": {
            "month": "2003-03",
            "price": "1.69",
            "revenue": 158404
        },
        "2003-04": {
            "month": "2003-04",
            "price": "1.30",
            "revenue": 106997
        },
        "2003-05": {
            "month": "2003-05",
            "price": "0.96",
            "revenue": 111722
        },
        "2003-06": {
            "month": "2003-06",
            "price": "1.15",
            "revenue": 238584
        },
        "2003-07": {
            "month": "2003-07",
            "price": "1.22",
            "revenue": 123938
        },
        "2003-08": {
            "month": "2003-08",
            "price": "1.20",
            "revenue": 197672
        },
        "2003-09": {
            "month": "2003-09",
            "price": "1.16",
            "revenue": 162860
        },
        "2003-10": {
            "month": "2003-10",
            "price": "1.10",
            "revenue": 182120
        },
        "2003-11": {
            "month": "2003-11",
            "price": "1.18",
            "revenue": 161362
        },
        "2003-12": {
            "month": "2003-12",
            "price": "1.18",
            "revenue": 220843
        },
        "2004-01": {
            "month": "2004-01",
            "price": "1.47",
            "revenue": 194017
        },
        "2004-02": {
            "month": "2004-02",
            "price": "2.45",
            "revenue": 222232
        },
        "2004-03": {
            "month": "2004-03",
            "price": "2.57",
            "revenue": 236427
        },
        "2004-04": {
            "month": "2004-04",
            "price": "2.31",
            "revenue": 309880
        },
        "2004-05": {
            "month": "2004-05",
            "price": "2.11",
            "revenue": 293451
        },
        "2004-06": {
            "month": "2004-06",
            "price": "2.05",
            "revenue": 334006
        },
        "2004-07": {
            "month": "2004-07",
            "price": "1.90",
            "revenue": 202904
        },
        "2004-08": {
            "month": "2004-08",
            "price": "1.77",
            "revenue": 172259
        },
        "2004-09": {
            "month": "2004-09",
            "price": "1.89",
            "revenue": 312790
        },
        "2004-10": {
            "month": "2004-10",
            "price": "1.62",
            "revenue": 234070
        },
        "2004-11": {
            "month": "2004-11",
            "price": "1.59",
            "revenue": 316407
        },
        "2004-12": {
            "month": "2004-12",
            "price": "1.70",
            "revenue": 312849
        },
        "2005-01": {
            "month": "2005-01",
            "price": "1.62",
            "revenue": 313306
        },
        "2005-02": {
            "month": "2005-02",
            "price": "1.65",
            "revenue": 195213
        },
        "2005-03": {
            "month": "2005-03",
            "price": "1.60",
            "revenue": 318489
        },
        "2005-04": {
            "month": "2005-04",
            "price": "1.56",
            "revenue": 307320
        },
        "2005-05": {
            "month": "2005-05",
            "price": "2.25",
            "revenue": 302862
        },
        "2005-06": {
            "month": "2005-06",
            "price": "2.21",
            "revenue": 374818
        },
        "2005-07": {
            "month": "2005-07",
            "price": "2.12",
            "revenue": 314338
        },
        "2005-08": {
            "month": "2005-08",
            "price": "2.10",
            "revenue": 334632
        },
        "2005-09": {
            "month": "2005-09",
            "price": "2.03",
            "revenue": 325952
        },
        "2005-10": {
            "month": "2005-10",
            "price": "2.01",
            "revenue": 318494
        },
        "2005-11": {
            "month": "2005-11",
            "price": "1.98",
            "revenue": 304469
        },
        "2005-12": {
            "month": "2005-12",
            "price": "1.97",
            "revenue": 330711
        },
        "2006-01": {
            "month": "2006-01",
            "price": "2.63",
            "revenue": 343167
        },
        "2006-02": {
            "month": "2006-02",
            "price": "2.72",
            "revenue": 304034
        },
        "2006-03": {
            "month": "2006-03",
            "price": "2.73",
            "revenue": 436611
        },
        "2006-04": {
            "month": "2006-04",
            "price": "3.23",
            "revenue": 428033
        },
        "2006-05": {
            "month": "2006-05",
            "price": "4.53",
            "revenue": 396050
        },
        "2006-06": {
            "month": "2006-06",
            "price": "4.02",
            "revenue": 475458
        },
        "2006-07": {
            "month": "2006-07",
            "price": "3.93",
            "revenue": 348268
        },
        "2006-08": {
            "month": "2006-08",
            "price": "3.50",
            "revenue": 517568
        },
        "2006-09": {
            "month": "2006-09",
            "price": "3.16",
            "revenue": 496343
        },
        "2006-10": {
            "month": "2006-10",
            "price": "3.95",
            "revenue": 358399
        },
        "2006-11": {
            "month": "2006-11",
            "price": "4.92",
            "revenue": 387125
        },
        "2006-12": {
            "month": "2006-12",
            "price": "6.79",
            "revenue": 288188
        },
        "2007-01": {
            "month": "2007-01",
            "price": "6.93",
            "revenue": 417234
        },
        "2007-02": {
            "month": "2007-02",
            "price": "5.70",
            "revenue": 336822
        },
        "2007-03": {
            "month": "2007-03",
            "price": "5.61",
            "revenue": 611226
        },
        "2007-04": {
            "month": "2007-04",
            "price": "6.62",
            "revenue": 474581
        },
        "2007-05": {
            "month": "2007-05",
            "price": "5.71",
            "revenue": 468770
        },
        "2007-06": {
            "month": "2007-06",
            "price": "6.11",
            "revenue": 657853
        },
        "2007-07": {
            "month": "2007-07",
            "price": "7.18",
            "revenue": 538674
        },
        "2007-08": {
            "month": "2007-08",
            "price": "6.35",
            "revenue": 357273
        },
        "2007-09": {
            "month": "2007-09",
            "price": "10.96",
            "revenue": 440005
        },
        "2007-10": {
            "month": "2007-10",
            "price": "8.84",
            "revenue": 453371
        },
        "2007-11": {
            "month": "2007-11",
            "price": "7.62",
            "revenue": 523403
        },
        "2007-12": {
            "month": "2007-12",
            "price": "6.90",
            "revenue": 443120
        },
        "2008-01": {
            "month": "2008-01",
            "price": "6.64",
            "revenue": 561971
        },
        "2008-02": {
            "month": "2008-02",
            "price": "6.95",
            "revenue": 280708
        },
        "2008-03": {
            "month": "2008-03",
            "price": "7.57",
            "revenue": 763234
        },
        "2008-04": {
            "month": "2008-04",
            "price": "7.70",
            "revenue": 526016
        },
        "2008-05": {
            "month": "2008-05",
            "price": "8.13",
            "revenue": 398890
        },
        "2008-06": {
            "month": "2008-06",
            "price": "7.13",
            "revenue": 569312
        },
        "2008-07": {
            "month": "2008-07",
            "price": "5.51",
            "revenue": 480766
        },
        "2008-08": {
            "month": "2008-08",
            "price": "5.09",
            "revenue": 653284
        },
        "2008-09": {
            "month": "2008-09",
            "price": "3.83",
            "revenue": 545292
        },
        "2008-10": {
            "month": "2008-10",
            "price": "3.09",
            "revenue": 443258
        },
        "2008-11": {
            "month": "2008-11",
            "price": "2.83",
            "revenue": 401497
        },
        "2008-12": {
            "month": "2008-12",
            "price": "2.83",
            "revenue": 303478
        },
        "2009-01": {
            "month": "2009-01",
            "price": "2.58",
            "revenue": 215061
        },
        "2009-02": {
            "month": "2009-02",
            "price": "2.36",
            "revenue": 261794
        },
        "2009-03": {
            "month": "2009-03",
            "price": "3.31",
            "revenue": 378889
        },
        "2009-04": {
            "month": "2009-04",
            "price": "4.34",
            "revenue": 297468
        },
        "2009-05": {
            "month": "2009-05",
            "price": "3.86",
            "revenue": 292812
        },
        "2009-06": {
            "month": "2009-06",
            "price": "3.64",
            "revenue": 357949
        },
        "2009-07": {
            "month": "2009-07",
            "price": "3.46",
            "revenue": 289697
        },
        "2009-08": {
            "month": "2009-08",
            "price": "3.90",
            "revenue": 379767
        },
        "2009-09": {
            "month": "2009-09",
            "price": "3.80",
            "revenue": 389985
        },
        "2009-10": {
            "month": "2009-10",
            "price": "3.97",
            "revenue": 381726
        },
        "2009-11": {
            "month": "2009-11",
            "price": "4.44",
            "revenue": 403539
        },
        "2009-12": {
            "month": "2009-12",
            "price": "4.78",
            "revenue": 421596
        },
        "2010-01": {
            "month": "2010-01",
            "price": "5.10",
            "revenue": 445720
        },
        "2010-02": {
            "month": "2010-02",
            "price": "4.46",
            "revenue": 190040
        },
        "2010-03": {
            "month": "2010-03",
            "price": "4.93",
            "revenue": 545270
        },
        "2010-04": {
            "month": "2010-04",
            "price": "5.22",
            "revenue": 468026
        },
        "2010-05": {
            "month": "2010-05",
            "price": "5.22",
            "revenue": 457086
        },
        "2010-06": {
            "month": "2010-06",
            "price": "5.12",
            "revenue": 544476
        },
        "2010-07": {
            "month": "2010-07",
            "price": "5.18",
            "revenue": 521239
        },
        "2010-08": {
            "month": "2010-08",
            "price": "6.04",
            "revenue": 518631
        },
        "2010-09": {
            "month": "2010-09",
            "price": "5.85",
            "revenue": 521041
        },
        "2010-10": {
            "month": "2010-10",
            "price": "5.97",
            "revenue": 453895
        },
        "2010-11": {
            "month": "2010-11",
            "price": "5.47",
            "revenue": 505403
        },
        "2010-12": {
            "month": "2010-12",
            "price": "5.52",
            "revenue": 565459
        },
        "2011-01": {
            "month": "2011-01",
            "price": "5.80",
            "revenue": 485848
        },
        "2011-02": {
            "month": "2011-02",
            "price": "6.94",
            "revenue": 369619
        },
        "2011-03": {
            "month": "2011-03",
            "price": "6.85",
            "revenue": 619211
        },
        "2011-04": {
            "month": "2011-04",
            "price": "7.07",
            "revenue": 578899
        },
        "2011-05": {
            "month": "2011-05",
            "price": "8.83",
            "revenue": 513195
        },
        "2011-06": {
            "month": "2011-06",
            "price": "8.17",
            "revenue": 614568
        },
        "2011-07": {
            "month": "2011-07",
            "price": "8.34",
            "revenue": 541761
        },
        "2011-08": {
            "month": "2011-08",
            "price": "7.62",
            "revenue": 567464
        },
        "2011-09": {
            "month": "2011-09",
            "price": "7.23",
            "revenue": 572204
        },
        "2011-10": {
            "month": "2011-10",
            "price": "6.61",
            "revenue": 481189
        },
        "2011-11": {
            "month": "2011-11",
            "price": "5.73",
            "revenue": 423698
        },
        "2011-12": {
            "month": "2011-12",
            "price": "4.56",
            "revenue": 441754
        },
        "2012-01": {
            "month": "2012-01",
            "price": "4.29",
            "revenue": 375249
        },
        "2012-02": {
            "month": "2012-02",
            "price": "5.49",
            "revenue": 477056
        },
        "2012-03": {
            "month": "2012-03",
            "price": "5.62",
            "revenue": 609730
        },
        "2012-04": {
            "month": "2012-04",
            "price": "5.58",
            "revenue": 494352
        },
        "2012-05": {
            "month": "2012-05",
            "price": "5.50",
            "revenue": 483265
        },
        "2012-06": {
            "month": "2012-06",
            "price": "5.06",
            "revenue": 493654
        },
        "2012-07": {
            "month": "2012-07",
            "price": "4.95",
            "revenue": 523769
        },
        "2012-08": {
            "month": "2012-08",
            "price": "5.00",
            "revenue": 448650
        },
        "2012-09": {
            "month": "2012-09",
            "price": "5.10",
            "revenue": 442930
        },
        "2012-10": {
            "month": "2012-10",
            "price": "4.87",
            "revenue": 392072
        },
        "2012-11": {
            "month": "2012-11",
            "price": "4.18",
            "revenue": 336133
        },
        "2012-12": {
            "month": "2012-12",
            "price": "4.30",
            "revenue": 418656
        },
        "2013-01": {
            "month": "2013-01",
            "price": "4.87",
            "revenue": 4161252
        },
        "2013-02": {
            "month": "2013-02",
            "price": "4.90",
            "revenue": 2179976
        },
        "2013-03": {
            "month": "2013-03",
            "price": "4.74",
            "revenue": 3941023
        },
        "2013-04": {
            "month": "2013-04",
            "price": "4.64",
            "revenue": 4099219
        },
        "2013-05": {
            "month": "2013-05",
            "price": "5.11",
            "revenue": 3897143
        },
        "2013-06": {
            "month": "2013-06",
            "price": "5.25",
            "revenue": 3655071
        },
        "2013-07": {
            "month": "2013-07",
            "price": "5.06",
            "revenue": 3858327
        },
        "2013-08": {
            "month": "2013-08",
            "price": "5.03",
            "revenue": 3981499
        },
        "2013-09": {
            "month": "2013-09",
            "price": "4.95",
            "revenue": 3687654
        },
        "2013-10": {
            "month": "2013-10",
            "price": "5.25",
            "revenue": 3473841
        },
        "2013-11": {
            "month": "2013-11",
            "price": "5.07",
            "revenue": 3526303
        },
        "2013-12": {
            "month": "2013-12",
            "price": "5.19",
            "revenue": 3849778
        },
        "2014-01": {
            "month": "2014-01",
            "price": "5.31",
            "revenue": 3490995
        },
        "2014-02": {
            "month": "2014-02",
            "price": "5.32",
            "revenue": 2734781
        },
        "2014-03": {
            "month": "2014-03",
            "price": "6.16",
            "revenue": 4073036
        },
        "2014-04": {
            "month": "2014-04",
            "price": "7.14",
            "revenue": 4370054
        },
        "2014-05": {
            "month": "2014-05",
            "price": "6.68",
            "revenue": 4053996
        },
        "2014-06": {
            "month": "2014-06",
            "price": "6.60",
            "revenue": 4046310
        },
        "2014-07": {
            "month": "2014-07",
            "price": "6.42",
            "revenue": 3779320
        },
        "2014-08": {
            "month": "2014-08",
            "price": "5.92",
            "revenue": 3562960
        },
        "2014-09": {
            "month": "2014-09",
            "price": "5.60",
            "revenue": 3902844
        },
        "2014-10": {
            "month": "2014-10",
            "price": "5.10",
            "revenue": 3170246
        },
        "2014-11": {
            "month": "2014-11",
            "price": "5.05",
            "revenue": 3557240
        },
        "2014-12": {
            "month": "2014-12",
            "price": "5.17",
            "revenue": 4233901
        },
        "2015-01": {
            "month": "2015-01",
            "price": "5.48",
            "revenue": 3252953
        },
        "2015-02": {
            "month": "2015-02",
            "price": "5.36",
            "revenue": 1650521
        },
        "2015-03": {
            "month": "2015-03",
            "price": "5.30",
            "revenue": 3006236
        },
        "2015-04": {
            "month": "2015-04",
            "price": "4.99",
            "revenue": 3448737
        },
        "2015-05": {
            "month": "2015-05",
            "price": "4.73",
            "revenue": 3076867
        },
        "2015-06": {
            "month": "2015-06",
            "price": "4.56",
            "revenue": 3203687
        },
        "2015-07": {
            "month": "2015-07",
            "price": "3.92",
            "revenue": 2837125
        },
        "2015-08": {
            "month": "2015-08",
            "price": "3.23",
            "revenue": 3020120
        },
        "2015-09": {
            "month": "2015-09",
            "price": "3.40",
            "revenue": 2843224
        },
        "2015-10": {
            "month": "2015-10",
            "price": "3.40",
            "revenue": 2549770
        },
        "2015-11": {
            "month": "2015-11",
            "price": "3.29",
            "revenue": 2642891
        },
        "2015-12": {
            "month": "2015-12",
            "price": "3.05",
            "revenue": 2713274
        },
        "2016-01": {
            "month": "2016-01",
            "price": "2.93",
            "revenue": 2153968
        },
        "2016-02": {
            "month": "2016-02",
            "price": "3.08",
            "revenue": 1292260
        },
        "2016-03": {
            "month": "2016-03",
            "price": "3.20",
            "revenue": 2537340
        },
        "2016-04": {
            "month": "2016-04",
            "price": "2.97",
            "revenue": 2397475
        },
        "2016-05": {
            "month": "2016-05",
            "price": "2.78",
            "revenue": 2344849
        },
        "2016-06": {
            "month": "2016-06",
            "price": "2.76",
            "revenue": 2205389
        },
        "2016-07": {
            "month": "2016-07",
            "price": "2.79",
            "revenue": 2123046
        },
        "2016-08": {
            "month": "2016-08",
            "price": "3.09",
            "revenue": 1976758
        },
        "2016-09": {
            "month": "2016-09",
            "price": "3.47",
            "revenue": 2024039
        },
        "2016-10": {
            "month": "2016-10",
            "price": "3.23",
            "revenue": 1842067
        },
        "2016-11": {
            "month": "2016-11",
            "price": "2.78",
            "revenue": 2614314
        },
        "2016-12": {
            "month": "2016-12",
            "price": "2.50",
            "revenue": 2852512
        },
        "2017-01": {
            "month": "2017-01",
            "price": "2.52",
            "revenue": 2182531
        },
        "2017-02": {
            "month": "2017-02",
            "price": "3.28",
            "revenue": 2040995
        },
        "2017-03": {
            "month": "2017-03",
            "price": "3.28",
            "revenue": 3118861
        },
        "2017-04": {
            "month": "2017-04",
            "price": "2.98",
            "revenue": 2483509
        }
    }
}
