{
    "summary": {
        "stock_name": "三洋電",
        "stock_id": "1614",
        "category": "電器電纜",
        "main_business": "電冰箱、冷氣機、洗衣機、電視機等家電製品製造販賣。<br>壓縮機、鑄造零件、通信器材之製造販賣。<br>一般進出口貿易業務。",
        "website_url": "http://www.sanyo.com.tw",
        "ceo": "李文琳",
        "pe_ratio": 34,
        "report_year_from": 2001,
        "report_year_to": 2023,
        "age": 22,
        "eps_negative_percentage": 0,
        "eps_growth_avg": {
            "last_all": 5.32,
            "last_2y": 8.91,
            "last_4y": 8.5,
            "last_8y": 5.55,
            "last_12y": 5.8,
            "last_16y": -0.02,
            "last_20y": 5.32,
            "at_2006_last_3y": 7.45,
            "at_2007_last_3y": -4.03,
            "at_2008_last_3y": -13.27,
            "at_2009_last_3y": -18.93,
            "at_2010_last_3y": -3.73,
            "at_2011_last_3y": 4.74,
            "at_2012_last_3y": 5.4,
            "at_2013_last_3y": 6.38,
            "at_2014_last_3y": -2.77,
            "at_2015_last_3y": -6.56,
            "at_2016_last_3y": 6.31,
            "at_2017_last_3y": 1.85,
            "at_2018_last_3y": -0.24,
            "at_2019_last_3y": 1.76,
            "at_2020_last_3y": 7,
            "at_2021_last_3y": 15.91,
            "at_2022_last_3y": 12.13,
            "at_2023_last_3y": 12.13,
            "at_2006_last_all": 18.01,
            "at_2007_last_all": 14.2,
            "at_2008_last_all": 7.76,
            "at_2009_last_all": 4.53,
            "at_2010_last_all": 8.35,
            "at_2011_last_all": 10.41,
            "at_2012_last_all": 6.9,
            "at_2013_last_all": 5.15,
            "at_2014_last_all": 4.93,
            "at_2015_last_all": 5.56,
            "at_2016_last_all": 6.74,
            "at_2017_last_all": 4.32,
            "at_2018_last_all": 3.71,
            "at_2019_last_all": 4.72,
            "at_2020_last_all": 6.8,
            "at_2021_last_all": 6.64,
            "at_2022_last_all": 5.32,
            "at_2023_last_all": 5.32
        },
        "latest_eps": 1.11,
        "latest_price": 37.35,
        "latest_roe": 5.42,
        "latest_gross_margin": 18.53,
        "latest_equity": 5352439,
        "latest_revenue": 1393510,
        "latest_gross_profit": 258165,
        "latest_net_income": 50911,
        "latest_debt_ratio": 23.93,
        "latest_current_ratio": 211.01,
        "latest_account_receivable_turnover_ratio": 4.26,
        "latest_inventory_turnover_ratio": 0.74,
        "latest_reinvestment_rate": -71.53,
        "latest_research_to_sale_ratio": 1.29
    },
    "eps_dividends": {
        "1993": {
            "cash": 1,
            "stock": 0,
            "eps": 0
        },
        "1994": {
            "cash": 1,
            "stock": 1,
            "eps": 0
        },
        "1995": {
            "cash": 2,
            "stock": 1,
            "eps": 0
        },
        "1996": {
            "cash": 2,
            "stock": 0,
            "eps": 0
        },
        "1997": {
            "cash": 2,
            "stock": 0,
            "eps": 0
        },
        "1998": {
            "cash": 0,
            "stock": 1,
            "eps": 0
        },
        "1999": {
            "cash": 1,
            "stock": 0,
            "eps": 0
        },
        "2000": {
            "cash": 0,
            "stock": 0,
            "eps": 0
        },
        "2001": {
            "cash": 1,
            "stock": 0,
            "eps": 0.73
        },
        "2002": {
            "cash": 1,
            "stock": 0,
            "eps": 1.17
        },
        "2003": {
            "cash": 1,
            "stock": 0,
            "eps": 1.65
        },
        "2004": {
            "cash": 1,
            "stock": 0,
            "eps": 1.75
        },
        "2005": {
            "cash": 1,
            "stock": 0,
            "eps": 1.83
        },
        "2006": {
            "cash": 2,
            "stock": 0,
            "eps": 1.43
        },
        "2007": {
            "cash": 1,
            "stock": 0,
            "eps": 1.36
        },
        "2008": {
            "cash": 1,
            "stock": 0,
            "eps": 0.94
        },
        "2009": {
            "cash": 0,
            "stock": 0,
            "eps": 0.77
        },
        "2010": {
            "cash": 1,
            "stock": 0,
            "eps": 1.07
        },
        "2011": {
            "cash": 2,
            "stock": 0,
            "eps": 1.38
        },
        "2012": {
            "cash": 0,
            "stock": 0,
            "eps": 0.99
        },
        "2013": {
            "cash": 1,
            "stock": 0,
            "eps": 0.85
        },
        "2014": {
            "cash": 1,
            "stock": 0,
            "eps": 0.87
        },
        "2015": {
            "cash": 1,
            "stock": 0,
            "eps": 0.99
        },
        "2016": {
            "cash": 1,
            "stock": 0,
            "eps": 1.22
        },
        "2017": {
            "cash": 1,
            "stock": 0,
            "eps": 0.83
        },
        "2018": {
            "cash": 1,
            "stock": 0,
            "eps": 0.78
        },
        "2019": {
            "cash": 1,
            "stock": 0,
            "eps": 0.95
        },
        "2020": {
            "cash": 1,
            "stock": 0,
            "eps": 1.37
        },
        "2021": {
            "cash": 1,
            "stock": 0,
            "eps": 1.42
        },
        "2022": {
            "cash": 1,
            "stock": 0,
            "eps": 1.12
        },
        "2023": {
            "cash": 1,
            "stock": 0,
            "eps": 0.19
        }
    },
    "dividends": {
        "1993-04-30": {
            "cash": 0.8,
            "stock": 0
        },
        "1994-04-08": {
            "cash": 1,
            "stock": 0.5
        },
        "1995-04-17": {
            "cash": 1.5,
            "stock": 0.5
        },
        "1996-05-16": {
            "cash": 1.5,
            "stock": 0
        },
        "1997-02-24": {
            "cash": 1.5,
            "stock": 0
        },
        "1998-05-27": {
            "cash": 0,
            "stock": 1
        },
        "1999-05-12": {
            "cash": 0.8,
            "stock": 0
        },
        "2000-05-19": {
            "cash": 0.4,
            "stock": 0.4
        },
        "2001-05-22": {
            "cash": 0.5,
            "stock": 0.2
        },
        "2002-06-14": {
            "cash": 0.6,
            "stock": 0
        },
        "2003-03-05": {
            "cash": 0.9,
            "stock": 0
        },
        "2004-02-24": {
            "cash": 1.31,
            "stock": 0
        },
        "2005-03-23": {
            "cash": 1.43,
            "stock": 0
        },
        "2006-03-17": {
            "cash": 1.5,
            "stock": 0
        },
        "2007-03-21": {
            "cash": 1.18,
            "stock": 0
        },
        "2008-03-26": {
            "cash": 1.12,
            "stock": 0
        },
        "2009-03-18": {
            "cash": 0.32,
            "stock": 0
        },
        "2010-03-24": {
            "cash": 1.16,
            "stock": 0
        },
        "2011-01-01": {
            "cash": 1.19,
            "stock": 0
        },
        "2011-03-23": {
            "cash": 0.92,
            "stock": 0
        },
        "2013-03-21": {
            "cash": 0.86,
            "stock": 0
        },
        "2014-08-06": {
            "cash": 0.9,
            "stock": 0
        },
        "2015-08-14": {
            "cash": 0.76,
            "stock": 0
        },
        "2016-08-12": {
            "cash": 0.81,
            "stock": 0
        },
        "2017-08-11": {
            "cash": 1.05,
            "stock": 0
        },
        "2018-08-10": {
            "cash": 0.7,
            "stock": 0
        },
        "2019-08-12": {
            "cash": 0.91,
            "stock": 0
        },
        "2020-08-07": {
            "cash": 0.83,
            "stock": 0
        },
        "2021-08-06": {
            "cash": 0.95,
            "stock": 0
        },
        "2022-08-05": {
            "cash": 1.23,
            "stock": 0
        },
        "2023-03-10": {
            "cash": 0.99,
            "stock": 0
        }
    },
    "prices": {
        "200101": "10.66",
        "200102": "11.17",
        "200103": "11.07",
        "200104": "10.63",
        "200105": "10.44",
        "200106": "10.17",
        "200107": "9.48",
        "200108": "9.11",
        "200109": "8.66",
        "200110": "8.54",
        "200111": "8.65",
        "200112": "9.11",
        "200201": "9.27",
        "200202": "10.23",
        "200203": "11.29",
        "200204": "12.54",
        "200205": "12.71",
        "200206": "12.81",
        "200207": "12.04",
        "200208": "13.02",
        "200209": "11.89",
        "200210": "11.02",
        "200211": "12.76",
        "200212": "12.79",
        "200301": "13.42",
        "200302": "13.05",
        "200303": "13.11",
        "200304": "12.92",
        "200305": "12.49",
        "200306": "13.03",
        "200307": "13.32",
        "200308": "16.29",
        "200309": "16.69",
        "200310": "16.56",
        "200311": "17.08",
        "200312": "17.03",
        "200401": "17.49",
        "200402": "20.00",
        "200403": "21.70",
        "200404": "21.60",
        "200405": "20.07",
        "200406": "19.02",
        "200407": "17.17",
        "200408": "17.37",
        "200409": "17.63",
        "200410": "16.94",
        "200411": "17.04",
        "200412": "17.04",
        "200501": "17.05",
        "200502": "16.96",
        "200503": "17.44",
        "200504": "17.18",
        "200505": "16.97",
        "200506": "17.27",
        "200507": "16.12",
        "200508": "16.42",
        "200509": "16.60",
        "200510": "16.01",
        "200511": "16.21",
        "200512": "16.52",
        "200601": "16.81",
        "200602": "16.91",
        "200603": "17.27",
        "200604": "22.21",
        "200605": "26.76",
        "200606": "23.90",
        "200607": "24.12",
        "200608": "22.15",
        "200609": "21.65",
        "200610": "22.72",
        "200611": "24.82",
        "200612": "25.85",
        "200701": "24.17",
        "200702": "22.68",
        "200703": "21.85",
        "200704": "22.92",
        "200705": "22.45",
        "200706": "24.75",
        "200707": "37.38",
        "200708": "31.40",
        "200709": "30.28",
        "200710": "30.74",
        "200711": "35.02",
        "200712": "30.71",
        "200801": "32.57",
        "200802": "36.51",
        "200803": "41.37",
        "200804": "41.29",
        "200805": "37.13",
        "200806": "34.26",
        "200807": "27.27",
        "200808": "26.15",
        "200809": "24.61",
        "200810": "20.51",
        "200811": "17.67",
        "200812": "17.12",
        "200901": "17.34",
        "200902": "16.08",
        "200903": "17.69",
        "200904": "24.71",
        "200905": "28.62",
        "200906": "30.09",
        "200907": "31.31",
        "200908": "30.60",
        "200909": "31.58",
        "200910": "34.23",
        "200911": "33.64",
        "200912": "32.95",
        "201001": "33.74",
        "201002": "29.56",
        "201003": "30.72",
        "201004": "31.97",
        "201005": "29.87",
        "201006": "31.14",
        "201007": "30.68",
        "201008": "32.21",
        "201009": "30.95",
        "201010": "31.88",
        "201011": "36.12",
        "201012": "37.90",
        "201101": "36.72",
        "201102": "35.78",
        "201103": "32.94",
        "201104": "32.82",
        "201105": "32.94",
        "201106": "32.35",
        "201107": "33.04",
        "201108": "31.05",
        "201109": "29.64",
        "201110": "26.40",
        "201111": "27.66",
        "201112": "27.00",
        "201201": "27.06",
        "201202": "31.24",
        "201203": "32.05",
        "201204": "29.51",
        "201205": "27.93",
        "201206": "27.08",
        "201207": "26.71",
        "201208": "27.56",
        "201209": "30.95",
        "201210": "30.24",
        "201211": "29.44",
        "201212": "29.92",
        "201301": "30.97",
        "201302": "30.92",
        "201303": "31.32",
        "201304": "33.56",
        "201305": "34.75",
        "201306": "36.80",
        "201307": "34.62",
        "201308": "33.64",
        "201309": "32.73",
        "201310": "37.37",
        "201311": "37.10",
        "201312": "38.68",
        "201401": "41.59",
        "201402": "40.56",
        "201403": "39.03",
        "201404": "37.24",
        "201405": "34.47",
        "201406": "34.90",
        "201407": "34.12",
        "201408": "35.76",
        "201409": "35.08",
        "201410": "32.52",
        "201411": "30.98",
        "201412": "30.69",
        "201501": "30.33",
        "201502": "30.05",
        "201503": "29.71",
        "201504": "29.60",
        "201505": "29.61",
        "201506": "27.67",
        "201507": "26.97",
        "201508": "25.60",
        "201509": "24.05",
        "201510": "26.15",
        "201511": "26.68",
        "201512": "25.13",
        "201601": "23.75",
        "201602": "23.65",
        "201603": "24.63",
        "201604": "23.95",
        "201605": "23.75",
        "201606": "24.36",
        "201607": "24.56",
        "201608": "24.49",
        "201609": "24.29",
        "201610": "24.27",
        "201611": "24.17",
        "201612": "24.43",
        "201701": "24.24",
        "201702": "26.40",
        "201703": "25.98",
        "201704": "25.17",
        "201705": "25.01",
        "201706": "25.03",
        "201707": "24.61",
        "201708": "23.91",
        "201709": "23.87",
        "201710": "23.51",
        "201711": "23.15",
        "201712": "22.80",
        "201801": "23.73",
        "201802": "23.71",
        "201803": "23.49",
        "201804": "23.20",
        "201805": "22.79",
        "201806": "23.84",
        "201807": "23.77",
        "201808": "23.43",
        "201809": "23.39",
        "201810": "22.52",
        "201811": "22.40",
        "201812": "22.53",
        "201901": "22.59",
        "201902": "23.16",
        "201903": "24.60",
        "201904": "25.75",
        "201905": "30.46",
        "201906": "28.76",
        "201907": "28.03",
        "201908": "27.65",
        "201909": "28.36",
        "201910": "29.95",
        "201911": "30.17",
        "201912": "30.61",
        "202001": "31.07",
        "202002": "30.21",
        "202003": "27.30",
        "202004": "27.96",
        "202005": "30.91",
        "202006": "32.44",
        "202007": "35.85",
        "202008": "35.66",
        "202009": "38.38",
        "202010": "35.65",
        "202011": "35.98",
        "202012": "36.78",
        "202101": "35.38",
        "202102": "34.68",
        "202103": "35.78",
        "202104": "36.68",
        "202105": "33.84",
        "202106": "34.03",
        "202107": "34.05",
        "202108": "33.82",
        "202109": "34.02",
        "202110": "34.35",
        "202111": "35.39",
        "202112": "35.95",
        "202201": "35.59",
        "202202": "37.39",
        "202203": "37.63",
        "202204": "37.50",
        "202205": "36.55",
        "202206": "37.08",
        "202207": "35.84",
        "202208": "35.87",
        "202209": "35.48",
        "202210": "34.78",
        "202211": "35.98",
        "202212": "35.71",
        "202301": "35.67",
        "202302": "36.36",
        "202303": "36.62",
        "202304": "37.01",
        "202305": "36.98"
    },
    "quarters": {
        "20011": {
            "year_quarter": 20011,
            "year": 2001,
            "quarter": 1,
            "eps": 0.25,
            "eps_growth_year": -3.85,
            "eps_4q": 0.87,
            "eps_4q_growth_year": 0.74,
            "roe": 1.57,
            "roe_4q": 1.57,
            "gross_profit": 286932,
            "gross_margin": 19.25,
            "gross_margin_4q_avg": 19.25,
            "net_income": 76081,
            "revenue": 1490913,
            "common_shares": 3103961,
            "book_valuer_per_share": 15.74,
            "book_valuer_per_share_4q_avg": 15.74,
            "equity": 4887013,
            "current_ratio": 253.35,
            "debt_ratio": 33.12,
            "inventory_turnover_ratio": 1.3,
            "account_receivable_turnover_ratio": null,
            "reinvestment_rate": null,
            "research_to_sale_ratio": null,
            "price_fair": 0,
            "eps_avg_yearly": 0,
            "eps_latest_yearly": 0,
            "eps_growth_yearly": 0
        },
        "20012": {
            "year_quarter": 20012,
            "year": 2001,
            "quarter": 2,
            "eps": 0.29,
            "eps_growth_year": -56.06,
            "eps_4q": 0.51,
            "eps_4q_growth_year": -53.05,
            "roe": 1.89,
            "roe_4q": 3.46,
            "gross_profit": 301613,
            "gross_margin": 16.12,
            "gross_margin_4q_avg": 17.69,
            "net_income": 91423,
            "revenue": 1870637,
            "common_shares": 3103961,
            "book_valuer_per_share": 15.5,
            "book_valuer_per_share_4q_avg": 15.62,
            "equity": 4810260,
            "current_ratio": 235.12,
            "debt_ratio": 38.77,
            "inventory_turnover_ratio": 2.5,
            "account_receivable_turnover_ratio": null,
            "reinvestment_rate": null,
            "research_to_sale_ratio": null,
            "price_fair": 0,
            "eps_avg_yearly": 0,
            "eps_latest_yearly": 0,
            "eps_growth_yearly": 0
        },
        "20013": {
            "year_quarter": 20013,
            "year": 2001,
            "quarter": 3,
            "eps": 0.06,
            "eps_growth_year": -75,
            "eps_4q": 0.35,
            "eps_4q_growth_year": -73.16,
            "roe": 0.38,
            "roe_4q": 3.84,
            "gross_profit": 250409,
            "gross_margin": 17.42,
            "gross_margin_4q_avg": 17.6,
            "net_income": 18270,
            "revenue": 1437224,
            "common_shares": 3166040,
            "book_valuer_per_share": 15.22,
            "book_valuer_per_share_4q_avg": 15.49,
            "equity": 4819999,
            "current_ratio": 271.16,
            "debt_ratio": 32.25,
            "inventory_turnover_ratio": 2.71,
            "account_receivable_turnover_ratio": null,
            "reinvestment_rate": null,
            "research_to_sale_ratio": null,
            "price_fair": 0,
            "eps_avg_yearly": 0,
            "eps_latest_yearly": 0,
            "eps_growth_yearly": 0
        },
        "20014": {
            "year_quarter": 20014,
            "year": 2001,
            "quarter": 4,
            "eps": 0.13,
            "eps_growth_year": null,
            "eps_4q": 0.71,
            "eps_4q_growth_year": -17.42,
            "roe": 0.86,
            "roe_4q": 4.7,
            "gross_profit": 202787,
            "gross_margin": 15.19,
            "gross_margin_4q_avg": 17,
            "net_income": 41628,
            "revenue": 1335375,
            "common_shares": 3166040,
            "book_valuer_per_share": 15.37,
            "book_valuer_per_share_4q_avg": 15.46,
            "equity": 4865262,
            "current_ratio": 263.19,
            "debt_ratio": 33.09,
            "inventory_turnover_ratio": 1.8,
            "account_receivable_turnover_ratio": null,
            "reinvestment_rate": null,
            "research_to_sale_ratio": null,
            "price_fair": 0,
            "eps_avg_yearly": 0,
            "eps_latest_yearly": 0,
            "eps_growth_yearly": 0
        },
        "20021": {
            "year_quarter": 20021,
            "year": 2002,
            "quarter": 1,
            "eps": 0.3,
            "eps_growth_year": 20,
            "eps_4q": 0.81,
            "eps_4q_growth_year": -6.95,
            "roe": 1.83,
            "roe_4q": 4.96,
            "gross_profit": 299443,
            "gross_margin": 17.2,
            "gross_margin_4q_avg": 16.48,
            "net_income": 88389,
            "revenue": 1741415,
            "common_shares": 3166040,
            "book_valuer_per_share": 15.18,
            "book_valuer_per_share_4q_avg": 15.32,
            "equity": 4806024,
            "current_ratio": 192.11,
            "debt_ratio": 44.9,
            "inventory_turnover_ratio": 2.19,
            "account_receivable_turnover_ratio": null,
            "reinvestment_rate": null,
            "research_to_sale_ratio": null,
            "price_fair": 42,
            "eps_avg_yearly": 1.2,
            "eps_latest_yearly": 1.2,
            "eps_growth_yearly": 523.08
        },
        "20022": {
            "year_quarter": 20022,
            "year": 2002,
            "quarter": 2,
            "eps": 0.53,
            "eps_growth_year": 82.76,
            "eps_4q": 1.02,
            "eps_4q_growth_year": 99.81,
            "roe": 3.32,
            "roe_4q": 6.390000000000001,
            "gross_profit": 410845,
            "gross_margin": 18.4,
            "gross_margin_4q_avg": 17.05,
            "net_income": 158880,
            "revenue": 2232644,
            "common_shares": 3166040,
            "book_valuer_per_share": 15.01,
            "book_valuer_per_share_4q_avg": 15.2,
            "equity": 4753541,
            "current_ratio": 203.11,
            "debt_ratio": 43.86,
            "inventory_turnover_ratio": 4.26,
            "account_receivable_turnover_ratio": null,
            "reinvestment_rate": null,
            "research_to_sale_ratio": null,
            "price_fair": 58.1,
            "eps_avg_yearly": 1.66,
            "eps_latest_yearly": 2.12,
            "eps_growth_yearly": 414.87
        },
        "20023": {
            "year_quarter": 20023,
            "year": 2002,
            "quarter": 3,
            "eps": 0.33,
            "eps_growth_year": 450,
            "eps_4q": 1.26,
            "eps_4q_growth_year": 260.89,
            "roe": 2.15,
            "roe_4q": 8.16,
            "gross_profit": 390742,
            "gross_margin": 20.6,
            "gross_margin_4q_avg": 17.85,
            "net_income": 102810,
            "revenue": 1896391,
            "common_shares": 3166040,
            "book_valuer_per_share": 15.19,
            "book_valuer_per_share_4q_avg": 15.19,
            "equity": 4810079,
            "current_ratio": 325.21,
            "debt_ratio": 29,
            "inventory_turnover_ratio": 3.46,
            "account_receivable_turnover_ratio": null,
            "reinvestment_rate": null,
            "research_to_sale_ratio": null,
            "price_fair": 54.13,
            "eps_avg_yearly": 1.55,
            "eps_latest_yearly": 1.32,
            "eps_growth_yearly": 226.27
        },
        "20024": {
            "year_quarter": 20024,
            "year": 2002,
            "quarter": 4,
            "eps": 0.01,
            "eps_growth_year": -92.31,
            "eps_4q": 1.18,
            "eps_4q_growth_year": 65.81,
            "roe": 0.04,
            "roe_4q": 7.34,
            "gross_profit": 277929,
            "gross_margin": 16.99,
            "gross_margin_4q_avg": 18.3,
            "net_income": 1739,
            "revenue": 1636036,
            "common_shares": 3166040,
            "book_valuer_per_share": 15.17,
            "book_valuer_per_share_4q_avg": 15.14,
            "equity": 4804397,
            "current_ratio": 319.1,
            "debt_ratio": 30.08,
            "inventory_turnover_ratio": 1.85,
            "account_receivable_turnover_ratio": null,
            "reinvestment_rate": -70.38,
            "research_to_sale_ratio": null,
            "price_fair": 40.95,
            "eps_avg_yearly": 1.17,
            "eps_latest_yearly": 0.04,
            "eps_growth_yearly": 72.73
        },
        "20031": {
            "year_quarter": 20031,
            "year": 2003,
            "quarter": 1,
            "eps": 0.36,
            "eps_growth_year": 20,
            "eps_4q": 1.26,
            "eps_4q_growth_year": 54.95,
            "roe": 2.17,
            "roe_4q": 7.68,
            "gross_profit": 383219,
            "gross_margin": 19.79,
            "gross_margin_4q_avg": 18.95,
            "net_income": 105289,
            "revenue": 1936243,
            "common_shares": 3166040,
            "book_valuer_per_share": 15.46,
            "book_valuer_per_share_4q_avg": 15.21,
            "equity": 4896194,
            "current_ratio": 284.57,
            "debt_ratio": 32.28,
            "inventory_turnover_ratio": 2.14,
            "account_receivable_turnover_ratio": null,
            "reinvestment_rate": -61.66,
            "research_to_sale_ratio": null,
            "price_fair": 42.84,
            "eps_avg_yearly": 1.22,
            "eps_latest_yearly": 1.44,
            "eps_growth_yearly": 2858.18
        },
        "20032": {
            "year_quarter": 20032,
            "year": 2003,
            "quarter": 2,
            "eps": 0.55,
            "eps_growth_year": 3.77,
            "eps_4q": 1.26,
            "eps_4q_growth_year": 22.68,
            "roe": 3.38,
            "roe_4q": 7.74,
            "gross_profit": 380927,
            "gross_margin": 22.31,
            "gross_margin_4q_avg": 19.92,
            "net_income": 163230,
            "revenue": 1707452,
            "common_shares": 3166040,
            "book_valuer_per_share": 15.06,
            "book_valuer_per_share_4q_avg": 15.22,
            "equity": 4768904,
            "current_ratio": 306.99,
            "debt_ratio": 32.11,
            "inventory_turnover_ratio": 3.17,
            "account_receivable_turnover_ratio": null,
            "reinvestment_rate": -49.58,
            "research_to_sale_ratio": null,
            "price_fair": 48.53,
            "eps_avg_yearly": 1.39,
            "eps_latest_yearly": 2.2,
            "eps_growth_yearly": 2417.01
        },
        "20033": {
            "year_quarter": 20033,
            "year": 2003,
            "quarter": 3,
            "eps": 0.56,
            "eps_growth_year": 69.7,
            "eps_4q": 1.47,
            "eps_4q_growth_year": 17.04,
            "roe": 3.37,
            "roe_4q": 8.959999999999999,
            "gross_profit": 496209,
            "gross_margin": 24.06,
            "gross_margin_4q_avg": 20.79,
            "net_income": 166028,
            "revenue": 2062100,
            "common_shares": 3166040,
            "book_valuer_per_share": 16.04,
            "book_valuer_per_share_4q_avg": 15.43,
            "equity": 5077746,
            "current_ratio": 416.77,
            "debt_ratio": 24.58,
            "inventory_turnover_ratio": 4.09,
            "account_receivable_turnover_ratio": null,
            "reinvestment_rate": -37.71,
            "research_to_sale_ratio": null,
            "price_fair": 52.8,
            "eps_avg_yearly": 1.51,
            "eps_latest_yearly": 2.24,
            "eps_growth_yearly": 2072.76
        },
        "20034": {
            "year_quarter": 20034,
            "year": 2003,
            "quarter": 4,
            "eps": 0.18,
            "eps_growth_year": 1700,
            "eps_4q": 1.65,
            "eps_4q_growth_year": 39.71,
            "roe": 1.04,
            "roe_4q": 9.96,
            "gross_profit": 355835,
            "gross_margin": 21.08,
            "gross_margin_4q_avg": 21.81,
            "net_income": 53389,
            "revenue": 1688041,
            "common_shares": 3166040,
            "book_valuer_per_share": 16.24,
            "book_valuer_per_share_4q_avg": 15.7,
            "equity": 5141987,
            "current_ratio": 334,
            "debt_ratio": 28.92,
            "inventory_turnover_ratio": 1.92,
            "account_receivable_turnover_ratio": null,
            "reinvestment_rate": -31.32,
            "research_to_sale_ratio": null,
            "price_fair": 49.35,
            "eps_avg_yearly": 1.41,
            "eps_latest_yearly": 0.72,
            "eps_growth_yearly": 1779.73
        },
        "20041": {
            "year_quarter": 20041,
            "year": 2004,
            "quarter": 1,
            "eps": 0.62,
            "eps_growth_year": 72.22,
            "eps_4q": 1.89,
            "eps_4q_growth_year": 49.53,
            "roe": 3.58,
            "roe_4q": 11.370000000000001,
            "gross_profit": 505413,
            "gross_margin": 23.47,
            "gross_margin_4q_avg": 22.73,
            "net_income": 187529,
            "revenue": 2153661,
            "common_shares": 3166040,
            "book_valuer_per_share": 16.87,
            "book_valuer_per_share_4q_avg": 16.05,
            "equity": 5342183,
            "current_ratio": 273.98,
            "debt_ratio": 33.46,
            "inventory_turnover_ratio": 2.18,
            "account_receivable_turnover_ratio": null,
            "reinvestment_rate": -27.78,
            "research_to_sale_ratio": null,
            "price_fair": 53.51,
            "eps_avg_yearly": 1.53,
            "eps_latest_yearly": 2.48,
            "eps_growth_yearly": 1690.63
        },
        "20042": {
            "year_quarter": 20042,
            "year": 2004,
            "quarter": 2,
            "eps": 0.5,
            "eps_growth_year": -9.09,
            "eps_4q": 1.84,
            "eps_4q_growth_year": 46.46,
            "roe": 2.92,
            "roe_4q": 10.91,
            "gross_profit": 556572,
            "gross_margin": 19.72,
            "gross_margin_4q_avg": 22.08,
            "net_income": 151729,
            "revenue": 2822507,
            "common_shares": 3166040,
            "book_valuer_per_share": 15.96,
            "book_valuer_per_share_4q_avg": 16.28,
            "equity": 5053541,
            "current_ratio": 231.79,
            "debt_ratio": 38.8,
            "inventory_turnover_ratio": 4.44,
            "account_receivable_turnover_ratio": null,
            "reinvestment_rate": -29.2,
            "research_to_sale_ratio": null,
            "price_fair": 55.16,
            "eps_avg_yearly": 1.58,
            "eps_latest_yearly": 2,
            "eps_growth_yearly": 1513.82
        },
        "20043": {
            "year_quarter": 20043,
            "year": 2004,
            "quarter": 3,
            "eps": 0.35,
            "eps_growth_year": -37.5,
            "eps_4q": 1.65,
            "eps_4q_growth_year": 12.42,
            "roe": 2.06,
            "roe_4q": 9.600000000000001,
            "gross_profit": 364015,
            "gross_margin": 17.87,
            "gross_margin_4q_avg": 20.54,
            "net_income": 105362,
            "revenue": 2037468,
            "common_shares": 3166040,
            "book_valuer_per_share": 16.3,
            "book_valuer_per_share_4q_avg": 16.34,
            "equity": 5159811,
            "current_ratio": 255.29,
            "debt_ratio": 35.56,
            "inventory_turnover_ratio": 3.32,
            "account_receivable_turnover_ratio": null,
            "reinvestment_rate": -2.09,
            "research_to_sale_ratio": null,
            "price_fair": 54.6,
            "eps_avg_yearly": 1.56,
            "eps_latest_yearly": 1.4,
            "eps_growth_yearly": 1365.29
        },
        "20044": {
            "year_quarter": 20044,
            "year": 2004,
            "quarter": 4,
            "eps": 0.28,
            "eps_growth_year": 55.56,
            "eps_4q": 1.75,
            "eps_4q_growth_year": 6.13,
            "roe": 1.63,
            "roe_4q": 10.19,
            "gross_profit": 294500,
            "gross_margin": 19.67,
            "gross_margin_4q_avg": 20.18,
            "net_income": 84922,
            "revenue": 1497340,
            "common_shares": 3166040,
            "book_valuer_per_share": 16.57,
            "book_valuer_per_share_4q_avg": 16.43,
            "equity": 5245054,
            "current_ratio": 310.04,
            "debt_ratio": 30.18,
            "inventory_turnover_ratio": 1.34,
            "account_receivable_turnover_ratio": null,
            "reinvestment_rate": 2.64,
            "research_to_sale_ratio": null,
            "price_fair": 53.32,
            "eps_avg_yearly": 1.52,
            "eps_latest_yearly": 1.12,
            "eps_growth_yearly": 1244.85
        },
        "20051": {
            "year_quarter": 20051,
            "year": 2005,
            "quarter": 1,
            "eps": 0.62,
            "eps_growth_year": 0,
            "eps_4q": 1.74,
            "eps_4q_growth_year": -7.49,
            "roe": 3.53,
            "roe_4q": 10.14,
            "gross_profit": 517804,
            "gross_margin": 18.92,
            "gross_margin_4q_avg": 19.05,
            "net_income": 188678,
            "revenue": 2736953,
            "common_shares": 3166040,
            "book_valuer_per_share": 17.16,
            "book_valuer_per_share_4q_avg": 16.5,
            "equity": 5433732,
            "current_ratio": 272.6,
            "debt_ratio": 33.57,
            "inventory_turnover_ratio": 2.46,
            "account_receivable_turnover_ratio": null,
            "reinvestment_rate": 2.44,
            "research_to_sale_ratio": null,
            "price_fair": 55.89,
            "eps_avg_yearly": 1.6,
            "eps_latest_yearly": 2.48,
            "eps_growth_yearly": 1186.46
        },
        "20052": {
            "year_quarter": 20052,
            "year": 2005,
            "quarter": 2,
            "eps": 0.6,
            "eps_growth_year": 20,
            "eps_4q": 1.84,
            "eps_4q_growth_year": -0.32,
            "roe": 3.48,
            "roe_4q": 10.700000000000001,
            "gross_profit": 494114,
            "gross_margin": 21.04,
            "gross_margin_4q_avg": 19.38,
            "net_income": 184086,
            "revenue": 2348275,
            "common_shares": 3166040,
            "book_valuer_per_share": 16.24,
            "book_valuer_per_share_4q_avg": 16.57,
            "equity": 5141230,
            "current_ratio": 252.04,
            "debt_ratio": 35.99,
            "inventory_turnover_ratio": 3.6,
            "account_receivable_turnover_ratio": null,
            "reinvestment_rate": 2.52,
            "research_to_sale_ratio": null,
            "price_fair": 57.9,
            "eps_avg_yearly": 1.65,
            "eps_latest_yearly": 2.4,
            "eps_growth_yearly": 1100.79
        },
        "20053": {
            "year_quarter": 20053,
            "year": 2005,
            "quarter": 3,
            "eps": 0.43,
            "eps_growth_year": 22.86,
            "eps_4q": 1.94,
            "eps_4q_growth_year": 17.06,
            "roe": 2.51,
            "roe_4q": 11.149999999999999,
            "gross_profit": 374983,
            "gross_margin": 17.04,
            "gross_margin_4q_avg": 19.17,
            "net_income": 130635,
            "revenue": 2200571,
            "common_shares": 3166040,
            "book_valuer_per_share": 16.65,
            "book_valuer_per_share_4q_avg": 16.66,
            "equity": 5271865,
            "current_ratio": 341.68,
            "debt_ratio": 28.67,
            "inventory_turnover_ratio": 3.47,
            "account_receivable_turnover_ratio": null,
            "reinvestment_rate": 3.54,
            "research_to_sale_ratio": null,
            "price_fair": 58.05,
            "eps_avg_yearly": 1.66,
            "eps_latest_yearly": 1.72,
            "eps_growth_yearly": 1019.85
        },
        "20054": {
            "year_quarter": 20054,
            "year": 2005,
            "quarter": 4,
            "eps": 0.18,
            "eps_growth_year": -35.71,
            "eps_4q": 1.84,
            "eps_4q_growth_year": 5.32,
            "roe": 1.03,
            "roe_4q": 10.549999999999999,
            "gross_profit": 252523,
            "gross_margin": 18.21,
            "gross_margin_4q_avg": 18.8,
            "net_income": 54620,
            "revenue": 1386427,
            "common_shares": 3166040,
            "book_valuer_per_share": 16.82,
            "book_valuer_per_share_4q_avg": 16.72,
            "equity": 5382449,
            "current_ratio": 318.65,
            "debt_ratio": 27.39,
            "inventory_turnover_ratio": 1.27,
            "account_receivable_turnover_ratio": null,
            "reinvestment_rate": 3.72,
            "research_to_sale_ratio": null,
            "price_fair": 56,
            "eps_avg_yearly": 1.6,
            "eps_latest_yearly": 0.72,
            "eps_growth_yearly": 941.57
        },
        "20061": {
            "year_quarter": 20061,
            "year": 2006,
            "quarter": 1,
            "eps": 0.37,
            "eps_growth_year": -40.32,
            "eps_4q": 1.57,
            "eps_4q_growth_year": -9.72,
            "roe": 2.09,
            "roe_4q": 9.11,
            "gross_profit": 484840,
            "gross_margin": 22.65,
            "gross_margin_4q_avg": 19.74,
            "net_income": 113475,
            "revenue": 2140988,
            "common_shares": 3166040,
            "book_valuer_per_share": 17.23,
            "book_valuer_per_share_4q_avg": 16.74,
            "equity": 5455594,
            "current_ratio": 263.23,
            "debt_ratio": 30.81,
            "inventory_turnover_ratio": 1.74,
            "account_receivable_turnover_ratio": null,
            "reinvestment_rate": 38.12,
            "research_to_sale_ratio": null,
            "price_fair": 56.61,
            "eps_avg_yearly": 1.62,
            "eps_latest_yearly": 1.48,
            "eps_growth_yearly": 935.27
        },
        "20062": {
            "year_quarter": 20062,
            "year": 2006,
            "quarter": 2,
            "eps": 0.49,
            "eps_growth_year": -18.33,
            "eps_4q": 1.47,
            "eps_4q_growth_year": -20.15,
            "roe": 2.84,
            "roe_4q": 8.469999999999999,
            "gross_profit": 465326,
            "gross_margin": 22.52,
            "gross_margin_4q_avg": 20.11,
            "net_income": 150085,
            "revenue": 2066100,
            "common_shares": 3166040,
            "book_valuer_per_share": 16.18,
            "book_valuer_per_share_4q_avg": 16.72,
            "equity": 5122053,
            "current_ratio": 243.72,
            "debt_ratio": 32.35,
            "inventory_turnover_ratio": 2.78,
            "account_receivable_turnover_ratio": null,
            "reinvestment_rate": 41.22,
            "research_to_sale_ratio": null,
            "price_fair": 56.26,
            "eps_avg_yearly": 1.61,
            "eps_latest_yearly": 1.96,
            "eps_growth_yearly": 924.21
        },
        "20063": {
            "year_quarter": 20063,
            "year": 2006,
            "quarter": 3,
            "eps": 0.45,
            "eps_growth_year": 4.65,
            "eps_4q": 1.49,
            "eps_4q_growth_year": -23.26,
            "roe": 2.66,
            "roe_4q": 8.62,
            "gross_profit": 420587,
            "gross_margin": 22.79,
            "gross_margin_4q_avg": 21.54,
            "net_income": 138199,
            "revenue": 1845233,
            "common_shares": 3166040,
            "book_valuer_per_share": 16.58,
            "book_valuer_per_share_4q_avg": 16.7,
            "equity": 5249245,
            "current_ratio": 330.32,
            "debt_ratio": 24.53,
            "inventory_turnover_ratio": 2.69,
            "account_receivable_turnover_ratio": null,
            "reinvestment_rate": 46.15,
            "research_to_sale_ratio": null,
            "price_fair": 57.31,
            "eps_avg_yearly": 1.64,
            "eps_latest_yearly": 1.8,
            "eps_growth_yearly": 931.6
        },
        "20064": {
            "year_quarter": 20064,
            "year": 2006,
            "quarter": 4,
            "eps": 0.12,
            "eps_growth_year": -33.33,
            "eps_4q": 1.48,
            "eps_4q_growth_year": -19.27,
            "roe": 0.66,
            "roe_4q": 8.25,
            "gross_profit": 267250,
            "gross_margin": 20.77,
            "gross_margin_4q_avg": 22.18,
            "net_income": 35328,
            "revenue": 1286910,
            "common_shares": 3166040,
            "book_valuer_per_share": 16.94,
            "book_valuer_per_share_4q_avg": 16.73,
            "equity": 5423949,
            "current_ratio": 407.28,
            "debt_ratio": 22.77,
            "inventory_turnover_ratio": 1.13,
            "account_receivable_turnover_ratio": null,
            "reinvestment_rate": 47.49,
            "research_to_sale_ratio": null,
            "price_fair": 58.28,
            "eps_avg_yearly": 1.67,
            "eps_latest_yearly": 0.48,
            "eps_growth_yearly": 937.51
        },
        "20071": {
            "year_quarter": 20071,
            "year": 2007,
            "quarter": 1,
            "eps": 0.23,
            "eps_growth_year": -37.84,
            "eps_4q": 1.28,
            "eps_4q_growth_year": -18.58,
            "roe": 1.3,
            "roe_4q": 7.46,
            "gross_profit": 338499,
            "gross_margin": 19.84,
            "gross_margin_4q_avg": 21.48,
            "net_income": 70764,
            "revenue": 1705923,
            "common_shares": 3166040,
            "book_valuer_per_share": 17.3,
            "book_valuer_per_share_4q_avg": 16.75,
            "equity": 5477905,
            "current_ratio": 357.76,
            "debt_ratio": 23.74,
            "inventory_turnover_ratio": 1.47,
            "account_receivable_turnover_ratio": null,
            "reinvestment_rate": 48.92,
            "research_to_sale_ratio": null,
            "price_fair": 57.14,
            "eps_avg_yearly": 1.63,
            "eps_latest_yearly": 0.92,
            "eps_growth_yearly": 85.43
        },
        "20072": {
            "year_quarter": 20072,
            "year": 2007,
            "quarter": 2,
            "eps": 0.47,
            "eps_growth_year": -4.08,
            "eps_4q": 1.28,
            "eps_4q_growth_year": -12.73,
            "roe": 2.63,
            "roe_4q": 7.25,
            "gross_profit": 451168,
            "gross_margin": 21.72,
            "gross_margin_4q_avg": 21.28,
            "net_income": 141976,
            "revenue": 2076983,
            "common_shares": 3166040,
            "book_valuer_per_share": 16.77,
            "book_valuer_per_share_4q_avg": 16.9,
            "equity": 5310248,
            "current_ratio": 270.11,
            "debt_ratio": 28.64,
            "inventory_turnover_ratio": 2.8,
            "account_receivable_turnover_ratio": null,
            "reinvestment_rate": 50.51,
            "research_to_sale_ratio": null,
            "price_fair": 56.44,
            "eps_avg_yearly": 1.61,
            "eps_latest_yearly": 1.88,
            "eps_growth_yearly": 98.32
        },
        "20073": {
            "year_quarter": 20073,
            "year": 2007,
            "quarter": 3,
            "eps": 0.37,
            "eps_growth_year": -17.78,
            "eps_4q": 1.19,
            "eps_4q_growth_year": -20.2,
            "roe": 2.07,
            "roe_4q": 6.659999999999999,
            "gross_profit": 351965,
            "gross_margin": 19.03,
            "gross_margin_4q_avg": 20.34,
            "net_income": 112505,
            "revenue": 1849737,
            "common_shares": 3166040,
            "book_valuer_per_share": 17.48,
            "book_valuer_per_share_4q_avg": 17.12,
            "equity": 5535659,
            "current_ratio": 491.54,
            "debt_ratio": 20.97,
            "inventory_turnover_ratio": 2.83,
            "account_receivable_turnover_ratio": null,
            "reinvestment_rate": 48.88,
            "research_to_sale_ratio": null,
            "price_fair": 54.78,
            "eps_avg_yearly": 1.57,
            "eps_latest_yearly": 1.48,
            "eps_growth_yearly": 92.55
        },
        "20074": {
            "year_quarter": 20074,
            "year": 2007,
            "quarter": 4,
            "eps": 0.29,
            "eps_growth_year": 141.67,
            "eps_4q": 1.36,
            "eps_4q_growth_year": -8.3,
            "roe": 1.57,
            "roe_4q": 7.569999999999999,
            "gross_profit": 247674,
            "gross_margin": 20.12,
            "gross_margin_4q_avg": 20.18,
            "net_income": 88027,
            "revenue": 1230703,
            "common_shares": 3166040,
            "book_valuer_per_share": 17.64,
            "book_valuer_per_share_4q_avg": 17.3,
            "equity": 5645705,
            "current_ratio": 526.34,
            "debt_ratio": 20.84,
            "inventory_turnover_ratio": 1.08,
            "account_receivable_turnover_ratio": null,
            "reinvestment_rate": 46.11,
            "research_to_sale_ratio": null,
            "price_fair": 55.74,
            "eps_avg_yearly": 1.59,
            "eps_latest_yearly": 1.16,
            "eps_growth_yearly": 104.11
        },
        "20081": {
            "year_quarter": 20081,
            "year": 2008,
            "quarter": 1,
            "eps": 0.28,
            "eps_growth_year": 21.74,
            "eps_4q": 1.41,
            "eps_4q_growth_year": 10.2,
            "roe": 1.48,
            "roe_4q": 7.749999999999999,
            "gross_profit": 419746,
            "gross_margin": 27.67,
            "gross_margin_4q_avg": 22.14,
            "net_income": 84521,
            "revenue": 1516786,
            "common_shares": 3166040,
            "book_valuer_per_share": 17.94,
            "book_valuer_per_share_4q_avg": 17.46,
            "equity": 5742943,
            "current_ratio": 530.19,
            "debt_ratio": 21.58,
            "inventory_turnover_ratio": 0.76,
            "account_receivable_turnover_ratio": null,
            "reinvestment_rate": 47.74,
            "research_to_sale_ratio": null,
            "price_fair": 52.76,
            "eps_avg_yearly": 1.51,
            "eps_latest_yearly": 1.12,
            "eps_growth_yearly": 42.13
        },
        "20082": {
            "year_quarter": 20082,
            "year": 2008,
            "quarter": 2,
            "eps": 0.37,
            "eps_growth_year": -21.28,
            "eps_4q": 1.29,
            "eps_4q_growth_year": 1.24,
            "roe": 2.05,
            "roe_4q": 7.17,
            "gross_profit": 481088,
            "gross_margin": 29.09,
            "gross_margin_4q_avg": 23.98,
            "net_income": 113325,
            "revenue": 1653709,
            "common_shares": 3166040,
            "book_valuer_per_share": 16.64,
            "book_valuer_per_share_4q_avg": 17.43,
            "equity": 5329602,
            "current_ratio": 401.88,
            "debt_ratio": 26.39,
            "inventory_turnover_ratio": 0.77,
            "account_receivable_turnover_ratio": null,
            "reinvestment_rate": 47.66,
            "research_to_sale_ratio": null,
            "price_fair": 51.63,
            "eps_avg_yearly": 1.48,
            "eps_latest_yearly": 1.48,
            "eps_growth_yearly": 55.01
        },
        "20083": {
            "year_quarter": 20083,
            "year": 2008,
            "quarter": 3,
            "eps": 0.33,
            "eps_growth_year": -10.81,
            "eps_4q": 1.24,
            "eps_4q_growth_year": 4.84,
            "roe": 1.93,
            "roe_4q": 7.029999999999999,
            "gross_profit": 275928,
            "gross_margin": 20.16,
            "gross_margin_4q_avg": 24.26,
            "net_income": 101813,
            "revenue": 1368470,
            "common_shares": 3166040,
            "book_valuer_per_share": 16.27,
            "book_valuer_per_share_4q_avg": 17.12,
            "equity": 5211517,
            "current_ratio": 584.74,
            "debt_ratio": 20.88,
            "inventory_turnover_ratio": 0.8,
            "account_receivable_turnover_ratio": null,
            "reinvestment_rate": 54.27,
            "research_to_sale_ratio": null,
            "price_fair": 51.45,
            "eps_avg_yearly": 1.47,
            "eps_latest_yearly": 1.32,
            "eps_growth_yearly": 59.81
        },
        "20084": {
            "year_quarter": 20084,
            "year": 2008,
            "quarter": 4,
            "eps": -0.04,
            "eps_growth_year": -113.79,
            "eps_4q": 0.91,
            "eps_4q_growth_year": -32.86,
            "roe": -0.21,
            "roe_4q": 5.25,
            "gross_profit": 130702,
            "gross_margin": 10.91,
            "gross_margin_4q_avg": 21.96,
            "net_income": -10812,
            "revenue": 1198228,
            "common_shares": 3166040,
            "book_valuer_per_share": 16.04,
            "book_valuer_per_share_4q_avg": 16.72,
            "equity": 5139794,
            "current_ratio": 656.78,
            "debt_ratio": 19.82,
            "inventory_turnover_ratio": 0.89,
            "account_receivable_turnover_ratio": 5.89,
            "reinvestment_rate": 60.59,
            "research_to_sale_ratio": null,
            "price_fair": 52.27,
            "eps_avg_yearly": 1.49,
            "eps_latest_yearly": 1.32,
            "eps_growth_yearly": 69.13
        },
        "20091": {
            "year_quarter": 20091,
            "year": 2009,
            "quarter": 1,
            "eps": 0.18,
            "eps_growth_year": -35.71,
            "eps_4q": 0.81,
            "eps_4q_growth_year": -42.51,
            "roe": 1.1,
            "roe_4q": 4.87,
            "gross_profit": 389547,
            "gross_margin": 23.61,
            "gross_margin_4q_avg": 20.94,
            "net_income": 56702,
            "revenue": 1649674,
            "common_shares": 3166040,
            "book_valuer_per_share": 16.2,
            "book_valuer_per_share_4q_avg": 16.29,
            "equity": 5189988,
            "current_ratio": 509.43,
            "debt_ratio": 22.2,
            "inventory_turnover_ratio": 1.22,
            "account_receivable_turnover_ratio": 3.3,
            "reinvestment_rate": 65.89,
            "research_to_sale_ratio": null,
            "price_fair": 49.8,
            "eps_avg_yearly": 1.42,
            "eps_latest_yearly": 1.32,
            "eps_growth_yearly": 39.37
        },
        "20092": {
            "year_quarter": 20092,
            "year": 2009,
            "quarter": 2,
            "eps": 0.27,
            "eps_growth_year": -27.03,
            "eps_4q": 0.73,
            "eps_4q_growth_year": -43.62,
            "roe": 1.6,
            "roe_4q": 4.42,
            "gross_profit": 419718,
            "gross_margin": 27.45,
            "gross_margin_4q_avg": 20.53,
            "net_income": 83725,
            "revenue": 1528837,
            "common_shares": 3166040,
            "book_valuer_per_share": 16.4,
            "book_valuer_per_share_4q_avg": 16.23,
            "equity": 5252414,
            "current_ratio": 434.16,
            "debt_ratio": 24.38,
            "inventory_turnover_ratio": 1.06,
            "account_receivable_turnover_ratio": 2.66,
            "reinvestment_rate": 74.17,
            "research_to_sale_ratio": null,
            "price_fair": 46.5,
            "eps_avg_yearly": 1.33,
            "eps_latest_yearly": 1.08,
            "eps_growth_yearly": 54.58
        },
        "20093": {
            "year_quarter": 20093,
            "year": 2009,
            "quarter": 3,
            "eps": 0.36,
            "eps_growth_year": 9.09,
            "eps_4q": 0.77,
            "eps_4q_growth_year": -38.32,
            "roe": 2.07,
            "roe_4q": 4.56,
            "gross_profit": 522207,
            "gross_margin": 27.27,
            "gross_margin_4q_avg": 22.31,
            "net_income": 110783,
            "revenue": 1914798,
            "common_shares": 3166040,
            "book_valuer_per_share": 16.97,
            "book_valuer_per_share_4q_avg": 16.4,
            "equity": 5436239,
            "current_ratio": 462.55,
            "debt_ratio": 23.07,
            "inventory_turnover_ratio": 1.32,
            "account_receivable_turnover_ratio": 3.38,
            "reinvestment_rate": 76.14,
            "research_to_sale_ratio": null,
            "price_fair": 45.8,
            "eps_avg_yearly": 1.31,
            "eps_latest_yearly": 1.44,
            "eps_growth_yearly": 72.2
        },
        "20094": {
            "year_quarter": 20094,
            "year": 2009,
            "quarter": 4,
            "eps": -0.04,
            "eps_growth_year": null,
            "eps_4q": 0.77,
            "eps_4q_growth_year": -15.7,
            "roe": -0.23,
            "roe_4q": 4.54,
            "gross_profit": 198432,
            "gross_margin": 14.71,
            "gross_margin_4q_avg": 23.26,
            "net_income": -12515,
            "revenue": 1348690,
            "common_shares": 3166040,
            "book_valuer_per_share": 17.74,
            "book_valuer_per_share_4q_avg": 16.83,
            "equity": 5467509,
            "current_ratio": 525.74,
            "debt_ratio": 21.37,
            "inventory_turnover_ratio": 1.15,
            "account_receivable_turnover_ratio": 6.8,
            "reinvestment_rate": 127.87,
            "research_to_sale_ratio": null,
            "price_fair": 47.38,
            "eps_avg_yearly": 1.35,
            "eps_latest_yearly": 1.44,
            "eps_growth_yearly": 95.64
        },
        "20101": {
            "year_quarter": 20101,
            "year": 2010,
            "quarter": 1,
            "eps": 0.24,
            "eps_growth_year": 33.33,
            "eps_4q": 0.83,
            "eps_4q_growth_year": 2.1,
            "roe": 1.36,
            "roe_4q": 4.800000000000001,
            "gross_profit": 421092,
            "gross_margin": 25.54,
            "gross_margin_4q_avg": 23.74,
            "net_income": 74611,
            "revenue": 1649055,
            "common_shares": 3166040,
            "book_valuer_per_share": 17.98,
            "book_valuer_per_share_4q_avg": 17.27,
            "equity": 5539401,
            "current_ratio": 438.43,
            "debt_ratio": 23.81,
            "inventory_turnover_ratio": 1.09,
            "account_receivable_turnover_ratio": 3.64,
            "reinvestment_rate": 81.53,
            "research_to_sale_ratio": 0.87,
            "price_fair": 47.02,
            "eps_avg_yearly": 1.34,
            "eps_latest_yearly": 1.44,
            "eps_growth_yearly": 68.42
        },
        "20102": {
            "year_quarter": 20102,
            "year": 2010,
            "quarter": 2,
            "eps": 0.22,
            "eps_growth_year": -19.88,
            "eps_4q": 0.77,
            "eps_4q_growth_year": 6.1,
            "roe": 1.22,
            "roe_4q": 4.42,
            "gross_profit": 438216,
            "gross_margin": 23.33,
            "gross_margin_4q_avg": 22.71,
            "net_income": 65659,
            "revenue": 1878221,
            "common_shares": 3166040,
            "book_valuer_per_share": 16.94,
            "book_valuer_per_share_4q_avg": 17.41,
            "equity": 5216786,
            "current_ratio": 316.42,
            "debt_ratio": 28.14,
            "inventory_turnover_ratio": 1.18,
            "account_receivable_turnover_ratio": 3.2,
            "reinvestment_rate": 115.69,
            "research_to_sale_ratio": 0.63,
            "price_fair": 43.87,
            "eps_avg_yearly": 1.25,
            "eps_latest_yearly": 0.88,
            "eps_growth_yearly": 54.83
        },
        "20103": {
            "year_quarter": 20103,
            "year": 2010,
            "quarter": 3,
            "eps": 0.55,
            "eps_growth_year": 51.75,
            "eps_4q": 0.96,
            "eps_4q_growth_year": 25.5,
            "roe": 3.17,
            "roe_4q": 5.52,
            "gross_profit": 538043,
            "gross_margin": 25.84,
            "gross_margin_4q_avg": 22.36,
            "net_income": 168968,
            "revenue": 2082362,
            "common_shares": 3166040,
            "book_valuer_per_share": 17.71,
            "book_valuer_per_share_4q_avg": 17.59,
            "equity": 5455569,
            "current_ratio": 423.76,
            "debt_ratio": 23.91,
            "inventory_turnover_ratio": 1.25,
            "account_receivable_turnover_ratio": 3.5,
            "reinvestment_rate": 94.22,
            "research_to_sale_ratio": 0.66,
            "price_fair": 45.03,
            "eps_avg_yearly": 1.29,
            "eps_latest_yearly": 2.2,
            "eps_growth_yearly": 107.56
        },
        "20104": {
            "year_quarter": 20104,
            "year": 2010,
            "quarter": 4,
            "eps": 0.06,
            "eps_growth_year": null,
            "eps_4q": 1.06,
            "eps_4q_growth_year": 37.49,
            "roe": 0.32,
            "roe_4q": 6.07,
            "gross_profit": 240280,
            "gross_margin": 16.5,
            "gross_margin_4q_avg": 22.8,
            "net_income": 17851,
            "revenue": 1456379,
            "common_shares": 3166040,
            "book_valuer_per_share": 18.24,
            "book_valuer_per_share_4q_avg": 17.72,
            "equity": 5620385,
            "current_ratio": 443.44,
            "debt_ratio": 25.97,
            "inventory_turnover_ratio": 0.94,
            "account_receivable_turnover_ratio": 2.96,
            "reinvestment_rate": 120.17,
            "research_to_sale_ratio": 1.02,
            "price_fair": 44.33,
            "eps_avg_yearly": 1.27,
            "eps_latest_yearly": 0.24,
            "eps_growth_yearly": 102.3
        },
        "20111": {
            "year_quarter": 20111,
            "year": 2011,
            "quarter": 1,
            "eps": 0.53,
            "eps_growth_year": 120.83,
            "eps_4q": 1.35,
            "eps_4q_growth_year": 62.31,
            "roe": 2.86,
            "roe_4q": 7.569999999999999,
            "gross_profit": 341121,
            "gross_margin": 23.05,
            "gross_margin_4q_avg": 22.18,
            "net_income": 161898,
            "revenue": 1480001,
            "common_shares": 3166040,
            "book_valuer_per_share": 18.47,
            "book_valuer_per_share_4q_avg": 17.84,
            "equity": 5691532,
            "current_ratio": 441.97,
            "debt_ratio": 25.11,
            "inventory_turnover_ratio": 0.83,
            "account_receivable_turnover_ratio": 3.37,
            "reinvestment_rate": 128.17,
            "research_to_sale_ratio": 0.9,
            "price_fair": 47.83,
            "eps_avg_yearly": 1.37,
            "eps_latest_yearly": 2.12,
            "eps_growth_yearly": 332.86
        },
        "20112": {
            "year_quarter": 20112,
            "year": 2011,
            "quarter": 2,
            "eps": 0.35,
            "eps_growth_year": 62.39,
            "eps_4q": 1.48,
            "eps_4q_growth_year": 91.22,
            "roe": 1.93,
            "roe_4q": 8.280000000000001,
            "gross_profit": 494858,
            "gross_margin": 25.25,
            "gross_margin_4q_avg": 22.66,
            "net_income": 108391,
            "revenue": 1959623,
            "common_shares": 3166040,
            "book_valuer_per_share": 17.92,
            "book_valuer_per_share_4q_avg": 18.09,
            "equity": 5519512,
            "current_ratio": 341.52,
            "debt_ratio": 29.61,
            "inventory_turnover_ratio": 1.12,
            "account_receivable_turnover_ratio": 3.67,
            "reinvestment_rate": 111.31,
            "research_to_sale_ratio": 0.78,
            "price_fair": 46.43,
            "eps_avg_yearly": 1.33,
            "eps_latest_yearly": 1.4,
            "eps_growth_yearly": 286.76
        },
        "20113": {
            "year_quarter": 20113,
            "year": 2011,
            "quarter": 3,
            "eps": 0.37,
            "eps_growth_year": -31.98,
            "eps_4q": 1.31,
            "eps_4q_growth_year": 35.73,
            "roe": 2.15,
            "roe_4q": 7.26,
            "gross_profit": 359456,
            "gross_margin": 21.63,
            "gross_margin_4q_avg": 21.61,
            "net_income": 118287,
            "revenue": 1661679,
            "common_shares": 3166040,
            "book_valuer_per_share": 17.87,
            "book_valuer_per_share_4q_avg": 18.13,
            "equity": 5506921,
            "current_ratio": 478.96,
            "debt_ratio": 24.6,
            "inventory_turnover_ratio": 1.15,
            "account_receivable_turnover_ratio": 3.05,
            "reinvestment_rate": 115.5,
            "research_to_sale_ratio": 0.75,
            "price_fair": 46.43,
            "eps_avg_yearly": 1.33,
            "eps_latest_yearly": 1.48,
            "eps_growth_yearly": 295.75
        },
        "20114": {
            "year_quarter": 20114,
            "year": 2011,
            "quarter": 4,
            "eps": 0.13,
            "eps_growth_year": 130.49,
            "eps_4q": 1.38,
            "eps_4q_growth_year": 30.06,
            "roe": 0.7,
            "roe_4q": 7.639999999999999,
            "gross_profit": 194123,
            "gross_margin": 14.63,
            "gross_margin_4q_avg": 21.14,
            "net_income": 38433,
            "revenue": 1326484,
            "common_shares": 3166040,
            "book_valuer_per_share": 17.99,
            "book_valuer_per_share_4q_avg": 18.06,
            "equity": 5538933,
            "current_ratio": 507.76,
            "debt_ratio": 23.73,
            "inventory_turnover_ratio": 1.04,
            "account_receivable_turnover_ratio": 3,
            "reinvestment_rate": 124.78,
            "research_to_sale_ratio": 0.88,
            "price_fair": 44.57,
            "eps_avg_yearly": 1.27,
            "eps_latest_yearly": 0.52,
            "eps_growth_yearly": 281.34
        },
        "20121": {
            "year_quarter": 20121,
            "year": 2012,
            "quarter": 1,
            "eps": 0.28,
            "eps_growth_year": -47.17,
            "eps_4q": 1.13,
            "eps_4q_growth_year": -16.34,
            "roe": 1.52,
            "roe_4q": 6.299999999999999,
            "gross_profit": 483257,
            "gross_margin": 22.79,
            "gross_margin_4q_avg": 21.08,
            "net_income": 84764,
            "revenue": 2120309,
            "common_shares": 3166040,
            "book_valuer_per_share": 18.28,
            "book_valuer_per_share_4q_avg": 18.02,
            "equity": 5619692,
            "current_ratio": 282.62,
            "debt_ratio": 28.19,
            "inventory_turnover_ratio": 1.37,
            "account_receivable_turnover_ratio": 3.61,
            "reinvestment_rate": 201.38,
            "research_to_sale_ratio": 0.53,
            "price_fair": 44.57,
            "eps_avg_yearly": 1.27,
            "eps_latest_yearly": 1.12,
            "eps_growth_yearly": 320.95
        },
        "20122": {
            "year_quarter": 20122,
            "year": 2012,
            "quarter": 2,
            "eps": 0.23,
            "eps_growth_year": -34.54,
            "eps_4q": 1,
            "eps_4q_growth_year": -32.15,
            "roe": 1.3,
            "roe_4q": 5.67,
            "gross_profit": 480511,
            "gross_margin": 25.91,
            "gross_margin_4q_avg": 21.24,
            "net_income": 71306,
            "revenue": 1854700,
            "common_shares": 3166040,
            "book_valuer_per_share": 17.26,
            "book_valuer_per_share_4q_avg": 17.85,
            "equity": 5312031,
            "current_ratio": 239.37,
            "debt_ratio": 31.62,
            "inventory_turnover_ratio": 1.11,
            "account_receivable_turnover_ratio": 2.75,
            "reinvestment_rate": 205.76,
            "research_to_sale_ratio": 0.58,
            "price_fair": 42.93,
            "eps_avg_yearly": 1.23,
            "eps_latest_yearly": 0.92,
            "eps_growth_yearly": 304.28
        },
        "20123": {
            "year_quarter": 20123,
            "year": 2012,
            "quarter": 3,
            "eps": 0.2,
            "eps_growth_year": -46.78,
            "eps_4q": 0.83,
            "eps_4q_growth_year": -36.39,
            "roe": 1.16,
            "roe_4q": 4.68,
            "gross_profit": 449113,
            "gross_margin": 26.09,
            "gross_margin_4q_avg": 22.36,
            "net_income": 62452,
            "revenue": 1721089,
            "common_shares": 3166040,
            "book_valuer_per_share": 17.51,
            "book_valuer_per_share_4q_avg": 17.76,
            "equity": 5443167,
            "current_ratio": 317.98,
            "debt_ratio": 26.34,
            "inventory_turnover_ratio": 1.03,
            "account_receivable_turnover_ratio": 3.11,
            "reinvestment_rate": 199.67,
            "research_to_sale_ratio": 0.61,
            "price_fair": 41.42,
            "eps_avg_yearly": 1.18,
            "eps_latest_yearly": 0.8,
            "eps_growth_yearly": 303.54
        },
        "20124": {
            "year_quarter": 20124,
            "year": 2012,
            "quarter": 4,
            "eps": 0.28,
            "eps_growth_year": 123.99,
            "eps_4q": 0.99,
            "eps_4q_growth_year": -28.29,
            "roe": 1.59,
            "roe_4q": 5.57,
            "gross_profit": 187553,
            "gross_margin": 18.69,
            "gross_margin_4q_avg": 23.37,
            "net_income": 86839,
            "revenue": 1003607,
            "common_shares": 3166040,
            "book_valuer_per_share": 17.81,
            "book_valuer_per_share_4q_avg": 17.72,
            "equity": 5482161,
            "current_ratio": 403.77,
            "debt_ratio": 23.28,
            "inventory_turnover_ratio": 0.67,
            "account_receivable_turnover_ratio": 2.27,
            "reinvestment_rate": 184.18,
            "research_to_sale_ratio": 1.21,
            "price_fair": 41.25,
            "eps_avg_yearly": 1.18,
            "eps_latest_yearly": 1.12,
            "eps_growth_yearly": 292.5
        },
        "20131": {
            "year_quarter": 20131,
            "year": 2013,
            "quarter": 1,
            "eps": 0.06,
            "eps_growth_year": -78.57,
            "eps_4q": 0.77,
            "eps_4q_growth_year": -31.33,
            "roe": 0.35,
            "roe_4q": 4.3999999999999995,
            "gross_profit": 184242,
            "gross_margin": 16.07,
            "gross_margin_4q_avg": 21.69,
            "net_income": 19290,
            "revenue": 1146522,
            "common_shares": 3166040,
            "book_valuer_per_share": 18.2,
            "book_valuer_per_share_4q_avg": 17.7,
            "equity": 5596548,
            "current_ratio": 350.49,
            "debt_ratio": 23.92,
            "inventory_turnover_ratio": 0.77,
            "account_receivable_turnover_ratio": 2.81,
            "reinvestment_rate": 162.17,
            "research_to_sale_ratio": 1.01,
            "price_fair": 38.9,
            "eps_avg_yearly": 1.11,
            "eps_latest_yearly": 0.24,
            "eps_growth_yearly": 249.15
        },
        "20132": {
            "year_quarter": 20132,
            "year": 2013,
            "quarter": 2,
            "eps": 0.22,
            "eps_growth_year": -4.33,
            "eps_4q": 0.77,
            "eps_4q_growth_year": -23.78,
            "roe": 1.26,
            "roe_4q": 4.36,
            "gross_profit": 244304,
            "gross_margin": 15.63,
            "gross_margin_4q_avg": 19.12,
            "net_income": 69060,
            "revenue": 1563414,
            "common_shares": 3166040,
            "book_valuer_per_share": 17.52,
            "book_valuer_per_share_4q_avg": 17.76,
            "equity": 5392108,
            "current_ratio": 264.13,
            "debt_ratio": 28.52,
            "inventory_turnover_ratio": 1.14,
            "account_receivable_turnover_ratio": 2.81,
            "reinvestment_rate": 160.65,
            "research_to_sale_ratio": 0.8,
            "price_fair": 38.4,
            "eps_avg_yearly": 1.1,
            "eps_latest_yearly": 0.88,
            "eps_growth_yearly": 311.06
        },
        "20133": {
            "year_quarter": 20133,
            "year": 2013,
            "quarter": 3,
            "eps": 0.22,
            "eps_growth_year": 11.25,
            "eps_4q": 0.91,
            "eps_4q_growth_year": 10.11,
            "roe": 1.28,
            "roe_4q": 4.48,
            "gross_profit": 238559,
            "gross_margin": 16.69,
            "gross_margin_4q_avg": 16.77,
            "net_income": 66560,
            "revenue": 1428946,
            "common_shares": 2691134,
            "book_valuer_per_share": 19.15,
            "book_valuer_per_share_4q_avg": 18.17,
            "equity": 5018993,
            "current_ratio": 227.32,
            "debt_ratio": 30.16,
            "inventory_turnover_ratio": 1.26,
            "account_receivable_turnover_ratio": 2.62,
            "reinvestment_rate": 172.49,
            "research_to_sale_ratio": 0.81,
            "price_fair": 37,
            "eps_avg_yearly": 1.06,
            "eps_latest_yearly": 0.88,
            "eps_growth_yearly": 301.54
        },
        "20134": {
            "year_quarter": 20134,
            "year": 2013,
            "quarter": 4,
            "eps": 0.35,
            "eps_growth_year": 23.12,
            "eps_4q": 0.93,
            "eps_4q_growth_year": -5.84,
            "roe": 1.8,
            "roe_4q": 4.6899999999999995,
            "gross_profit": 256659,
            "gross_margin": 24.31,
            "gross_margin_4q_avg": 18.18,
            "net_income": 91305,
            "revenue": 1055652,
            "common_shares": 2691134,
            "book_valuer_per_share": 19.52,
            "book_valuer_per_share_4q_avg": 18.6,
            "equity": 5116961,
            "current_ratio": 342.89,
            "debt_ratio": 22.85,
            "inventory_turnover_ratio": 0.96,
            "account_receivable_turnover_ratio": 2.85,
            "reinvestment_rate": 33.81,
            "research_to_sale_ratio": 1.14,
            "price_fair": 37.8,
            "eps_avg_yearly": 1.08,
            "eps_latest_yearly": 1.4,
            "eps_growth_yearly": 297.19
        },
        "20141": {
            "year_quarter": 20141,
            "year": 2014,
            "quarter": 1,
            "eps": 0.02,
            "eps_growth_year": -66.67,
            "eps_4q": 0.88,
            "eps_4q_growth_year": 14.09,
            "roe": 0.14,
            "roe_4q": 4.4799999999999995,
            "gross_profit": 165246,
            "gross_margin": 15.92,
            "gross_margin_4q_avg": 18.14,
            "net_income": 6916,
            "revenue": 1038262,
            "common_shares": 2691134,
            "book_valuer_per_share": 19.52,
            "book_valuer_per_share_4q_avg": 18.93,
            "equity": 5113066,
            "current_ratio": 327.72,
            "debt_ratio": 23.48,
            "inventory_turnover_ratio": 1,
            "account_receivable_turnover_ratio": 2.95,
            "reinvestment_rate": 34.18,
            "research_to_sale_ratio": 1.14,
            "price_fair": 35.61,
            "eps_avg_yearly": 1.02,
            "eps_latest_yearly": 0.08,
            "eps_growth_yearly": 255.05
        },
        "20142": {
            "year_quarter": 20142,
            "year": 2014,
            "quarter": 2,
            "eps": 0.32,
            "eps_growth_year": 45.45,
            "eps_4q": 0.94,
            "eps_4q_growth_year": 22.82,
            "roe": 1.67,
            "roe_4q": 4.890000000000001,
            "gross_profit": 261403,
            "gross_margin": 18.1,
            "gross_margin_4q_avg": 18.76,
            "net_income": 84089,
            "revenue": 1443891,
            "common_shares": 2691134,
            "book_valuer_per_share": 18.92,
            "book_valuer_per_share_4q_avg": 19.28,
            "equity": 4958381,
            "current_ratio": 229.57,
            "debt_ratio": 29,
            "inventory_turnover_ratio": 1.33,
            "account_receivable_turnover_ratio": 3.18,
            "reinvestment_rate": 4.16,
            "research_to_sale_ratio": 0.84,
            "price_fair": 36.49,
            "eps_avg_yearly": 1.04,
            "eps_latest_yearly": 1.28,
            "eps_growth_yearly": 632.13
        },
        "20143": {
            "year_quarter": 20143,
            "year": 2014,
            "quarter": 3,
            "eps": 0.31,
            "eps_growth_year": 40.91,
            "eps_4q": 1,
            "eps_4q_growth_year": 9.82,
            "roe": 1.64,
            "roe_4q": 5.25,
            "gross_profit": 307150,
            "gross_margin": 17.53,
            "gross_margin_4q_avg": 18.97,
            "net_income": 81912,
            "revenue": 1752573,
            "common_shares": 2691134,
            "book_valuer_per_share": 19.23,
            "book_valuer_per_share_4q_avg": 19.3,
            "equity": 5039620,
            "current_ratio": 260.59,
            "debt_ratio": 26.37,
            "inventory_turnover_ratio": 1.92,
            "account_receivable_turnover_ratio": 3.62,
            "reinvestment_rate": 20.67,
            "research_to_sale_ratio": 0.76,
            "price_fair": 34.39,
            "eps_avg_yearly": 0.98,
            "eps_latest_yearly": 1.24,
            "eps_growth_yearly": 593.85
        },
        "20144": {
            "year_quarter": 20144,
            "year": 2014,
            "quarter": 4,
            "eps": 0.22,
            "eps_growth_year": -37.25,
            "eps_4q": 0.87,
            "eps_4q_growth_year": -6.03,
            "roe": 1.02,
            "roe_4q": 4.47,
            "gross_profit": 249064,
            "gross_margin": 23.6,
            "gross_margin_4q_avg": 18.79,
            "net_income": 51848,
            "revenue": 1055525,
            "common_shares": 2691134,
            "book_valuer_per_share": 19.47,
            "book_valuer_per_share_4q_avg": 19.29,
            "equity": 5096164,
            "current_ratio": 240.71,
            "debt_ratio": 25.2,
            "inventory_turnover_ratio": 1.1,
            "account_receivable_turnover_ratio": 2.79,
            "reinvestment_rate": -8.53,
            "research_to_sale_ratio": 1.29,
            "price_fair": 35.79,
            "eps_avg_yearly": 1.02,
            "eps_latest_yearly": 0.88,
            "eps_growth_yearly": 608.86
        },
        "20151": {
            "year_quarter": 20151,
            "year": 2015,
            "quarter": 1,
            "eps": 0.03,
            "eps_growth_year": 50,
            "eps_4q": 0.88,
            "eps_4q_growth_year": -0.38,
            "roe": 0.16,
            "roe_4q": 4.49,
            "gross_profit": 163416,
            "gross_margin": 15.12,
            "gross_margin_4q_avg": 18.59,
            "net_income": 8093,
            "revenue": 1080798,
            "common_shares": 2691134,
            "book_valuer_per_share": 19.47,
            "book_valuer_per_share_4q_avg": 19.27,
            "equity": 5098034,
            "current_ratio": 242.68,
            "debt_ratio": 24.36,
            "inventory_turnover_ratio": 0.91,
            "account_receivable_turnover_ratio": 3.03,
            "reinvestment_rate": -36.23,
            "research_to_sale_ratio": 1.21,
            "price_fair": 31.41,
            "eps_avg_yearly": 0.9,
            "eps_latest_yearly": 0.12,
            "eps_growth_yearly": 391.44
        },
        "20152": {
            "year_quarter": 20152,
            "year": 2015,
            "quarter": 2,
            "eps": 0.42,
            "eps_growth_year": 31.25,
            "eps_4q": 0.98,
            "eps_4q_growth_year": 4.49,
            "roe": 2.17,
            "roe_4q": 4.99,
            "gross_profit": 308926,
            "gross_margin": 18.91,
            "gross_margin_4q_avg": 18.79,
            "net_income": 109293,
            "revenue": 1633416,
            "common_shares": 2691134,
            "book_valuer_per_share": 19.09,
            "book_valuer_per_share_4q_avg": 19.32,
            "equity": 4997743,
            "current_ratio": 192.51,
            "debt_ratio": 28.25,
            "inventory_turnover_ratio": 1.24,
            "account_receivable_turnover_ratio": 3.26,
            "reinvestment_rate": -17.88,
            "research_to_sale_ratio": 0.92,
            "price_fair": 32.03,
            "eps_avg_yearly": 0.92,
            "eps_latest_yearly": 1.68,
            "eps_growth_yearly": 724.93
        },
        "20153": {
            "year_quarter": 20153,
            "year": 2015,
            "quarter": 3,
            "eps": 0.32,
            "eps_growth_year": 3.23,
            "eps_4q": 0.99,
            "eps_4q_growth_year": -1.61,
            "roe": 1.65,
            "roe_4q": 5,
            "gross_profit": 266896,
            "gross_margin": 19.15,
            "gross_margin_4q_avg": 19.2,
            "net_income": 82830,
            "revenue": 1393906,
            "common_shares": 2691134,
            "book_valuer_per_share": 19.34,
            "book_valuer_per_share_4q_avg": 19.34,
            "equity": 5065813,
            "current_ratio": 242.72,
            "debt_ratio": 23.97,
            "inventory_turnover_ratio": 1.27,
            "account_receivable_turnover_ratio": 2.82,
            "reinvestment_rate": -23.74,
            "research_to_sale_ratio": 1,
            "price_fair": 31.59,
            "eps_avg_yearly": 0.9,
            "eps_latest_yearly": 1.28,
            "eps_growth_yearly": 717.55
        },
        "20154": {
            "year_quarter": 20154,
            "year": 2015,
            "quarter": 4,
            "eps": 0.22,
            "eps_growth_year": 0.22,
            "eps_4q": 0.99,
            "eps_4q_growth_year": 13.11,
            "roe": 1.13,
            "roe_4q": 5.109999999999999,
            "gross_profit": 264601,
            "gross_margin": 23.66,
            "gross_margin_4q_avg": 19.21,
            "net_income": 57661,
            "revenue": 1118519,
            "common_shares": 2691134,
            "book_valuer_per_share": 19.53,
            "book_valuer_per_share_4q_avg": 19.36,
            "equity": 5115640,
            "current_ratio": 254.4,
            "debt_ratio": 23.16,
            "inventory_turnover_ratio": 1.02,
            "account_receivable_turnover_ratio": 3.14,
            "reinvestment_rate": -30.92,
            "research_to_sale_ratio": 1.23,
            "price_fair": 32.38,
            "eps_avg_yearly": 0.93,
            "eps_latest_yearly": 0.88,
            "eps_growth_yearly": 725.95
        },
        "20161": {
            "year_quarter": 20161,
            "year": 2016,
            "quarter": 1,
            "eps": 0.27,
            "eps_growth_year": 800,
            "eps_4q": 1.23,
            "eps_4q_growth_year": 40.42,
            "roe": 1.39,
            "roe_4q": 6.34,
            "gross_profit": 272880,
            "gross_margin": 18.38,
            "gross_margin_4q_avg": 20.03,
            "net_income": 71624,
            "revenue": 1484711,
            "common_shares": 2691134,
            "book_valuer_per_share": 19.84,
            "book_valuer_per_share_4q_avg": 19.45,
            "equity": 5193893,
            "current_ratio": 235.21,
            "debt_ratio": 23.35,
            "inventory_turnover_ratio": 1.35,
            "account_receivable_turnover_ratio": 4.02,
            "reinvestment_rate": -128.05,
            "research_to_sale_ratio": 0.91,
            "price_fair": 32.29,
            "eps_avg_yearly": 0.92,
            "eps_latest_yearly": 1.08,
            "eps_growth_yearly": 702.79
        },
        "20162": {
            "year_quarter": 20162,
            "year": 2016,
            "quarter": 2,
            "eps": 0.52,
            "eps_growth_year": 23.81,
            "eps_4q": 1.33,
            "eps_4q_growth_year": 35.17,
            "roe": 2.62,
            "roe_4q": 6.789999999999999,
            "gross_profit": 338398,
            "gross_margin": 20.8,
            "gross_margin_4q_avg": 20.5,
            "net_income": 134842,
            "revenue": 1627157,
            "common_shares": 2691134,
            "book_valuer_per_share": 19.52,
            "book_valuer_per_share_4q_avg": 19.56,
            "equity": 5113736,
            "current_ratio": 191.43,
            "debt_ratio": 27.62,
            "inventory_turnover_ratio": 1.39,
            "account_receivable_turnover_ratio": 3.51,
            "reinvestment_rate": -115.08,
            "research_to_sale_ratio": 0.87,
            "price_fair": 34.83,
            "eps_avg_yearly": 1,
            "eps_latest_yearly": 2.08,
            "eps_growth_yearly": 730.4
        },
        "20163": {
            "year_quarter": 20163,
            "year": 2016,
            "quarter": 3,
            "eps": 0.35,
            "eps_growth_year": 9.38,
            "eps_4q": 1.36,
            "eps_4q_growth_year": 37.72,
            "roe": 1.75,
            "roe_4q": 6.89,
            "gross_profit": 280740,
            "gross_margin": 21.5,
            "gross_margin_4q_avg": 21.09,
            "net_income": 90410,
            "revenue": 1305977,
            "common_shares": 2691134,
            "book_valuer_per_share": 19.89,
            "book_valuer_per_share_4q_avg": 19.7,
            "equity": 5210261,
            "current_ratio": 249.25,
            "debt_ratio": 22.68,
            "inventory_turnover_ratio": 1.2,
            "account_receivable_turnover_ratio": 3.08,
            "reinvestment_rate": -110.6,
            "research_to_sale_ratio": 1.14,
            "price_fair": 36.14,
            "eps_avg_yearly": 1.03,
            "eps_latest_yearly": 1.4,
            "eps_growth_yearly": 725.49
        },
        "20164": {
            "year_quarter": 20164,
            "year": 2016,
            "quarter": 4,
            "eps": 0.08,
            "eps_growth_year": -65.6,
            "eps_4q": 1.22,
            "eps_4q_growth_year": 23.05,
            "roe": 0.33,
            "roe_4q": 6.09,
            "gross_profit": 260102,
            "gross_margin": 24.5,
            "gross_margin_4q_avg": 21.3,
            "net_income": 17107,
            "revenue": 1061592,
            "common_shares": 2691134,
            "book_valuer_per_share": 19.97,
            "book_valuer_per_share_4q_avg": 19.81,
            "equity": 5226678,
            "current_ratio": 286.1,
            "debt_ratio": 21.46,
            "inventory_turnover_ratio": 0.93,
            "account_receivable_turnover_ratio": 3.46,
            "reinvestment_rate": -129.05,
            "research_to_sale_ratio": 1.45,
            "price_fair": 34.39,
            "eps_avg_yearly": 0.98,
            "eps_latest_yearly": 0.32,
            "eps_growth_yearly": 696.2
        },
        "20171": {
            "year_quarter": 20171,
            "year": 2017,
            "quarter": 1,
            "eps": 0.12,
            "eps_growth_year": -55.56,
            "eps_4q": 1.06,
            "eps_4q_growth_year": -13.97,
            "roe": 0.6,
            "roe_4q": 5.3,
            "gross_profit": 204168,
            "gross_margin": 17.53,
            "gross_margin_4q_avg": 21.08,
            "net_income": 31389,
            "revenue": 1164711,
            "common_shares": 2691134,
            "book_valuer_per_share": 20.1,
            "book_valuer_per_share_4q_avg": 19.87,
            "equity": 5262017,
            "current_ratio": 282.13,
            "debt_ratio": 21.55,
            "inventory_turnover_ratio": 0.94,
            "account_receivable_turnover_ratio": 3.75,
            "reinvestment_rate": -95.36,
            "research_to_sale_ratio": 1.2,
            "price_fair": 34.91,
            "eps_avg_yearly": 1,
            "eps_latest_yearly": 0.48,
            "eps_growth_yearly": 728.34
        },
        "20172": {
            "year_quarter": 20172,
            "year": 2017,
            "quarter": 2,
            "eps": 0.25,
            "eps_growth_year": -51.92,
            "eps_4q": 0.79,
            "eps_4q_growth_year": -40.47,
            "roe": 1.25,
            "roe_4q": 3.93,
            "gross_profit": 238483,
            "gross_margin": 18.09,
            "gross_margin_4q_avg": 20.41,
            "net_income": 64557,
            "revenue": 1318173,
            "common_shares": 2691134,
            "book_valuer_per_share": 19.26,
            "book_valuer_per_share_4q_avg": 19.81,
            "equity": 5044063,
            "current_ratio": 201.86,
            "debt_ratio": 26.6,
            "inventory_turnover_ratio": 0.98,
            "account_receivable_turnover_ratio": 3.86,
            "reinvestment_rate": -95.72,
            "research_to_sale_ratio": 1.17,
            "price_fair": 35.18,
            "eps_avg_yearly": 1.01,
            "eps_latest_yearly": 1,
            "eps_growth_yearly": 688.76
        },
        "20173": {
            "year_quarter": 20173,
            "year": 2017,
            "quarter": 3,
            "eps": 0.25,
            "eps_growth_year": -28.57,
            "eps_4q": 0.69,
            "eps_4q_growth_year": -49.22,
            "roe": 1.29,
            "roe_4q": 3.47,
            "gross_profit": 260714,
            "gross_margin": 18.15,
            "gross_margin_4q_avg": 19.57,
            "net_income": 65407,
            "revenue": 1436154,
            "common_shares": 2691134,
            "book_valuer_per_share": 19.54,
            "book_valuer_per_share_4q_avg": 19.72,
            "equity": 5119145,
            "current_ratio": 274.58,
            "debt_ratio": 21.36,
            "inventory_turnover_ratio": 1.28,
            "account_receivable_turnover_ratio": 4.2,
            "reinvestment_rate": -105.32,
            "research_to_sale_ratio": 1.05,
            "price_fair": 35.44,
            "eps_avg_yearly": 1.01,
            "eps_latest_yearly": 1,
            "eps_growth_yearly": 688.76
        },
        "20174": {
            "year_quarter": 20174,
            "year": 2017,
            "quarter": 4,
            "eps": 0.21,
            "eps_growth_year": 170.88,
            "eps_4q": 0.82,
            "eps_4q_growth_year": -32.57,
            "roe": 1.05,
            "roe_4q": 4.1899999999999995,
            "gross_profit": 236410,
            "gross_margin": 22.1,
            "gross_margin_4q_avg": 18.97,
            "net_income": 54030,
            "revenue": 1069579,
            "common_shares": 2691134,
            "book_valuer_per_share": 19.74,
            "book_valuer_per_share_4q_avg": 19.66,
            "equity": 5172624,
            "current_ratio": 298.24,
            "debt_ratio": 20.52,
            "inventory_turnover_ratio": 0.98,
            "account_receivable_turnover_ratio": 3.52,
            "reinvestment_rate": -17.12,
            "research_to_sale_ratio": 1.57,
            "price_fair": 34.21,
            "eps_avg_yearly": 0.98,
            "eps_latest_yearly": 0.84,
            "eps_growth_yearly": 669.99
        },
        "20181": {
            "year_quarter": 20181,
            "year": 2018,
            "quarter": 1,
            "eps": 0.15,
            "eps_growth_year": 25,
            "eps_4q": 0.85,
            "eps_4q_growth_year": -20.03,
            "roe": 0.74,
            "roe_4q": 4.33,
            "gross_profit": 229121,
            "gross_margin": 18.46,
            "gross_margin_4q_avg": 19.2,
            "net_income": 38771,
            "revenue": 1241466,
            "common_shares": 2691134,
            "book_valuer_per_share": 20.08,
            "book_valuer_per_share_4q_avg": 19.66,
            "equity": 5257783,
            "current_ratio": 272.74,
            "debt_ratio": 21.39,
            "inventory_turnover_ratio": 1,
            "account_receivable_turnover_ratio": 3.8,
            "reinvestment_rate": -29.43,
            "research_to_sale_ratio": 1.45,
            "price_fair": 35.35,
            "eps_avg_yearly": 1.01,
            "eps_latest_yearly": 0.6,
            "eps_growth_yearly": 686.42
        },
        "20182": {
            "year_quarter": 20182,
            "year": 2018,
            "quarter": 2,
            "eps": 0.27,
            "eps_growth_year": 8,
            "eps_4q": 0.87,
            "eps_4q_growth_year": 10.62,
            "roe": 1.37,
            "roe_4q": 4.45,
            "gross_profit": 282483,
            "gross_margin": 18.84,
            "gross_margin_4q_avg": 19.39,
            "net_income": 71201,
            "revenue": 1499234,
            "common_shares": 2691134,
            "book_valuer_per_share": 19.61,
            "book_valuer_per_share_4q_avg": 19.74,
            "equity": 5135770,
            "current_ratio": 202.9,
            "debt_ratio": 26.41,
            "inventory_turnover_ratio": 1.11,
            "account_receivable_turnover_ratio": 3.78,
            "reinvestment_rate": -25.61,
            "research_to_sale_ratio": 1.22,
            "price_fair": 34.91,
            "eps_avg_yearly": 1,
            "eps_latest_yearly": 1.08,
            "eps_growth_yearly": 331.42
        },
        "20183": {
            "year_quarter": 20183,
            "year": 2018,
            "quarter": 3,
            "eps": 0.24,
            "eps_growth_year": -4,
            "eps_4q": 0.87,
            "eps_4q_growth_year": 25.2,
            "roe": 1.22,
            "roe_4q": 4.38,
            "gross_profit": 256768,
            "gross_margin": 20.42,
            "gross_margin_4q_avg": 19.96,
            "net_income": 62966,
            "revenue": 1257490,
            "common_shares": 2691134,
            "book_valuer_per_share": 19.88,
            "book_valuer_per_share_4q_avg": 19.83,
            "equity": 5206301,
            "current_ratio": 253.07,
            "debt_ratio": 22.42,
            "inventory_turnover_ratio": 0.91,
            "account_receivable_turnover_ratio": 3.37,
            "reinvestment_rate": -32.69,
            "research_to_sale_ratio": 1.45,
            "price_fair": 34.3,
            "eps_avg_yearly": 0.98,
            "eps_latest_yearly": 0.96,
            "eps_growth_yearly": 329.42
        },
        "20184": {
            "year_quarter": 20184,
            "year": 2018,
            "quarter": 4,
            "eps": 0.12,
            "eps_growth_year": -42.87,
            "eps_4q": 0.78,
            "eps_4q_growth_year": -5.25,
            "roe": 0.59,
            "roe_4q": 3.92,
            "gross_profit": 207585,
            "gross_margin": 21.44,
            "gross_margin_4q_avg": 19.79,
            "net_income": 30942,
            "revenue": 968102,
            "common_shares": 2691134,
            "book_valuer_per_share": 19.91,
            "book_valuer_per_share_4q_avg": 19.87,
            "equity": 5216437,
            "current_ratio": 309.86,
            "debt_ratio": 19.89,
            "inventory_turnover_ratio": 0.68,
            "account_receivable_turnover_ratio": 3.31,
            "reinvestment_rate": -36.71,
            "research_to_sale_ratio": 1.73,
            "price_fair": 33.43,
            "eps_avg_yearly": 0.96,
            "eps_latest_yearly": 0.48,
            "eps_growth_yearly": 324.18
        },
        "20191": {
            "year_quarter": 20191,
            "year": 2019,
            "quarter": 1,
            "eps": 0.17,
            "eps_growth_year": 13.33,
            "eps_4q": 0.8,
            "eps_4q_growth_year": -5.53,
            "roe": 0.86,
            "roe_4q": 4.04,
            "gross_profit": 215704,
            "gross_margin": 17.56,
            "gross_margin_4q_avg": 19.57,
            "net_income": 45117,
            "revenue": 1228457,
            "common_shares": 2691134,
            "book_valuer_per_share": 20.11,
            "book_valuer_per_share_4q_avg": 19.88,
            "equity": 5249938,
            "current_ratio": 225.52,
            "debt_ratio": 21.22,
            "inventory_turnover_ratio": 0.94,
            "account_receivable_turnover_ratio": 3.99,
            "reinvestment_rate": -34.45,
            "research_to_sale_ratio": 1.31,
            "price_fair": 34.65,
            "eps_avg_yearly": 0.99,
            "eps_latest_yearly": 0.68,
            "eps_growth_yearly": 356.19
        },
        "20192": {
            "year_quarter": 20192,
            "year": 2019,
            "quarter": 2,
            "eps": 0.2,
            "eps_growth_year": -25.93,
            "eps_4q": 0.73,
            "eps_4q_growth_year": -16.04,
            "roe": 1.04,
            "roe_4q": 3.71,
            "gross_profit": 249246,
            "gross_margin": 17.18,
            "gross_margin_4q_avg": 19.15,
            "net_income": 53664,
            "revenue": 1450470,
            "common_shares": 2691134,
            "book_valuer_per_share": 19.4,
            "book_valuer_per_share_4q_avg": 19.83,
            "equity": 5066188,
            "current_ratio": 172.41,
            "debt_ratio": 26.76,
            "inventory_turnover_ratio": 1.2,
            "account_receivable_turnover_ratio": 3.76,
            "reinvestment_rate": -34.6,
            "research_to_sale_ratio": 1.23,
            "price_fair": 32.73,
            "eps_avg_yearly": 0.94,
            "eps_latest_yearly": 0.8,
            "eps_growth_yearly": 35.6
        },
        "20193": {
            "year_quarter": 20193,
            "year": 2019,
            "quarter": 3,
            "eps": 0.28,
            "eps_growth_year": 16.67,
            "eps_4q": 0.77,
            "eps_4q_growth_year": -10.53,
            "roe": 1.43,
            "roe_4q": 3.9199999999999995,
            "gross_profit": 276392,
            "gross_margin": 18.84,
            "gross_margin_4q_avg": 18.76,
            "net_income": 73257,
            "revenue": 1467248,
            "common_shares": 2691134,
            "book_valuer_per_share": 19.73,
            "book_valuer_per_share_4q_avg": 19.79,
            "equity": 5153967,
            "current_ratio": 228.67,
            "debt_ratio": 20.31,
            "inventory_turnover_ratio": 1.24,
            "account_receivable_turnover_ratio": 3.72,
            "reinvestment_rate": -34.95,
            "research_to_sale_ratio": 1.42,
            "price_fair": 32.38,
            "eps_avg_yearly": 0.93,
            "eps_latest_yearly": 1.12,
            "eps_growth_yearly": 51.55
        },
        "20194": {
            "year_quarter": 20194,
            "year": 2019,
            "quarter": 4,
            "eps": 0.3,
            "eps_growth_year": 153.49,
            "eps_4q": 0.95,
            "eps_4q_growth_year": 22.71,
            "roe": 1.49,
            "roe_4q": 4.82,
            "gross_profit": 257395,
            "gross_margin": 24.38,
            "gross_margin_4q_avg": 19.49,
            "net_income": 77553,
            "revenue": 1055717,
            "common_shares": 2691134,
            "book_valuer_per_share": 20.05,
            "book_valuer_per_share_4q_avg": 19.82,
            "equity": 5237096,
            "current_ratio": 275.32,
            "debt_ratio": 17.44,
            "inventory_turnover_ratio": 0.82,
            "account_receivable_turnover_ratio": 3.19,
            "reinvestment_rate": -32.85,
            "research_to_sale_ratio": 1.52,
            "price_fair": 33.08,
            "eps_avg_yearly": 0.95,
            "eps_latest_yearly": 1.2,
            "eps_growth_yearly": 61.15
        },
        "20201": {
            "year_quarter": 20201,
            "year": 2020,
            "quarter": 1,
            "eps": 0.13,
            "eps_growth_year": -23.53,
            "eps_4q": 0.91,
            "eps_4q_growth_year": 13.5,
            "roe": 0.66,
            "roe_4q": 4.62,
            "gross_profit": 203825,
            "gross_margin": 17.42,
            "gross_margin_4q_avg": 19.46,
            "net_income": 33872,
            "revenue": 1169956,
            "common_shares": 2691134,
            "book_valuer_per_share": 19.14,
            "book_valuer_per_share_4q_avg": 19.58,
            "equity": 5000740,
            "current_ratio": 188.59,
            "debt_ratio": 23.12,
            "inventory_turnover_ratio": 0.95,
            "account_receivable_turnover_ratio": 3.85,
            "reinvestment_rate": -34.84,
            "research_to_sale_ratio": 1.4,
            "price_fair": 31.85,
            "eps_avg_yearly": 0.91,
            "eps_latest_yearly": 0.52,
            "eps_growth_yearly": 41.3
        },
        "20202": {
            "year_quarter": 20202,
            "year": 2020,
            "quarter": 2,
            "eps": 0.48,
            "eps_growth_year": 140,
            "eps_4q": 1.18,
            "eps_4q_growth_year": 61.23,
            "roe": 2.46,
            "roe_4q": 6.04,
            "gross_profit": 326386,
            "gross_margin": 20.4,
            "gross_margin_4q_avg": 20.26,
            "net_income": 124574,
            "revenue": 1600247,
            "common_shares": 2691134,
            "book_valuer_per_share": 19.7,
            "book_valuer_per_share_4q_avg": 19.66,
            "equity": 5145811,
            "current_ratio": 183.45,
            "debt_ratio": 25.71,
            "inventory_turnover_ratio": 1.18,
            "account_receivable_turnover_ratio": 4.07,
            "reinvestment_rate": -36.4,
            "research_to_sale_ratio": 0.92,
            "price_fair": 31.5,
            "eps_avg_yearly": 0.9,
            "eps_latest_yearly": 1.92,
            "eps_growth_yearly": 85.46
        },
        "20203": {
            "year_quarter": 20203,
            "year": 2020,
            "quarter": 3,
            "eps": 0.56,
            "eps_growth_year": 100,
            "eps_4q": 1.46,
            "eps_4q_growth_year": 88.45,
            "roe": 2.78,
            "roe_4q": 7.390000000000001,
            "gross_profit": 370734,
            "gross_margin": 22.55,
            "gross_margin_4q_avg": 21.19,
            "net_income": 145078,
            "revenue": 1643950,
            "common_shares": 2691134,
            "book_valuer_per_share": 20.33,
            "book_valuer_per_share_4q_avg": 19.81,
            "equity": 5308987,
            "current_ratio": 234.57,
            "debt_ratio": 20.85,
            "inventory_turnover_ratio": 1.26,
            "account_receivable_turnover_ratio": 4.14,
            "reinvestment_rate": -35.81,
            "research_to_sale_ratio": 0.96,
            "price_fair": 33.34,
            "eps_avg_yearly": 0.95,
            "eps_latest_yearly": 2.24,
            "eps_growth_yearly": 97.8
        },
        "20204": {
            "year_quarter": 20204,
            "year": 2020,
            "quarter": 4,
            "eps": 0.2,
            "eps_growth_year": -33.21,
            "eps_4q": 1.36,
            "eps_4q_growth_year": 42.6,
            "roe": 0.98,
            "roe_4q": 6.88,
            "gross_profit": 267061,
            "gross_margin": 24.86,
            "gross_margin_4q_avg": 21.31,
            "net_income": 52081,
            "revenue": 1074196,
            "common_shares": 2691134,
            "book_valuer_per_share": 20.51,
            "book_valuer_per_share_4q_avg": 19.92,
            "equity": 5357483,
            "current_ratio": 280.48,
            "debt_ratio": 18.43,
            "inventory_turnover_ratio": 0.89,
            "account_receivable_turnover_ratio": 3.43,
            "reinvestment_rate": -36.63,
            "research_to_sale_ratio": 2,
            "price_fair": 34.39,
            "eps_avg_yearly": 0.98,
            "eps_latest_yearly": 0.8,
            "eps_growth_yearly": 101.01
        },
        "20211": {
            "year_quarter": 20211,
            "year": 2021,
            "quarter": 1,
            "eps": 0.23,
            "eps_growth_year": 76.92,
            "eps_4q": 1.46,
            "eps_4q_growth_year": 60.31,
            "roe": 1.13,
            "roe_4q": 7.35,
            "gross_profit": 255912,
            "gross_margin": 19.46,
            "gross_margin_4q_avg": 21.82,
            "net_income": 59296,
            "revenue": 1315051,
            "common_shares": 2691134,
            "book_valuer_per_share": 19.75,
            "book_valuer_per_share_4q_avg": 20.07,
            "equity": 5158163,
            "current_ratio": 196.45,
            "debt_ratio": 24.52,
            "inventory_turnover_ratio": 1.07,
            "account_receivable_turnover_ratio": 4.22,
            "reinvestment_rate": -36.08,
            "research_to_sale_ratio": 1.35,
            "price_fair": 35.35,
            "eps_avg_yearly": 1.01,
            "eps_latest_yearly": 0.92,
            "eps_growth_yearly": 92.26
        },
        "20212": {
            "year_quarter": 20212,
            "year": 2021,
            "quarter": 2,
            "eps": 0.42,
            "eps_growth_year": -12.5,
            "eps_4q": 1.41,
            "eps_4q_growth_year": 18.67,
            "roe": 2.12,
            "roe_4q": 7.01,
            "gross_profit": 331406,
            "gross_margin": 20.75,
            "gross_margin_4q_avg": 21.91,
            "net_income": 110374,
            "revenue": 1597213,
            "common_shares": 2691134,
            "book_valuer_per_share": 20.19,
            "book_valuer_per_share_4q_avg": 20.2,
            "equity": 5272687,
            "current_ratio": 194.58,
            "debt_ratio": 25.86,
            "inventory_turnover_ratio": 1.12,
            "account_receivable_turnover_ratio": 4.17,
            "reinvestment_rate": -35.97,
            "research_to_sale_ratio": 1.01,
            "price_fair": 36.84,
            "eps_avg_yearly": 1.05,
            "eps_latest_yearly": 1.68,
            "eps_growth_yearly": 85.83
        },
        "20213": {
            "year_quarter": 20213,
            "year": 2021,
            "quarter": 3,
            "eps": 0.43,
            "eps_growth_year": -23.21,
            "eps_4q": 1.28,
            "eps_4q_growth_year": -12.2,
            "roe": 2.11,
            "roe_4q": 6.34,
            "gross_profit": 331961,
            "gross_margin": 22.08,
            "gross_margin_4q_avg": 21.79,
            "net_income": 112854,
            "revenue": 1503281,
            "common_shares": 2691134,
            "book_valuer_per_share": 20.68,
            "book_valuer_per_share_4q_avg": 20.28,
            "equity": 5401155,
            "current_ratio": 247.24,
            "debt_ratio": 21.27,
            "inventory_turnover_ratio": 0.97,
            "account_receivable_turnover_ratio": 3.72,
            "reinvestment_rate": -34.74,
            "research_to_sale_ratio": 1.17,
            "price_fair": 38.41,
            "eps_avg_yearly": 1.1,
            "eps_latest_yearly": 1.72,
            "eps_growth_yearly": 86.43
        },
        "20214": {
            "year_quarter": 20214,
            "year": 2021,
            "quarter": 4,
            "eps": 0.34,
            "eps_growth_year": 70.1,
            "eps_4q": 1.42,
            "eps_4q_growth_year": 4.38,
            "roe": 1.61,
            "roe_4q": 6.97,
            "gross_profit": 321674,
            "gross_margin": 23.28,
            "gross_margin_4q_avg": 21.39,
            "net_income": 87917,
            "revenue": 1381777,
            "common_shares": 2691134,
            "book_valuer_per_share": 21.15,
            "book_valuer_per_share_4q_avg": 20.44,
            "equity": 5522147,
            "current_ratio": 272.2,
            "debt_ratio": 19.99,
            "inventory_turnover_ratio": 0.91,
            "account_receivable_turnover_ratio": 3.87,
            "reinvestment_rate": -89.87,
            "research_to_sale_ratio": 1.29,
            "price_fair": 39.55,
            "eps_avg_yearly": 1.13,
            "eps_latest_yearly": 1.36,
            "eps_growth_yearly": 85.19
        },
        "20221": {
            "year_quarter": 20221,
            "year": 2022,
            "quarter": 1,
            "eps": 0.21,
            "eps_growth_year": -8.7,
            "eps_4q": 1.4,
            "eps_4q_growth_year": -3.93,
            "roe": 1,
            "roe_4q": 6.840000000000001,
            "gross_profit": 269770,
            "gross_margin": 17.89,
            "gross_margin_4q_avg": 21,
            "net_income": 54739,
            "revenue": 1507702,
            "common_shares": 2691134,
            "book_valuer_per_share": 20.62,
            "book_valuer_per_share_4q_avg": 20.66,
            "equity": 5384170,
            "current_ratio": 190.04,
            "debt_ratio": 26.38,
            "inventory_turnover_ratio": 1.03,
            "account_receivable_turnover_ratio": 4.19,
            "reinvestment_rate": -75.6,
            "research_to_sale_ratio": 1.18,
            "price_fair": 40.08,
            "eps_avg_yearly": 1.15,
            "eps_latest_yearly": 0.84,
            "eps_growth_yearly": 82.78
        },
        "20222": {
            "year_quarter": 20222,
            "year": 2022,
            "quarter": 2,
            "eps": 0.34,
            "eps_growth_year": -19.05,
            "eps_4q": 1.32,
            "eps_4q_growth_year": -6.21,
            "roe": 1.64,
            "roe_4q": 6.359999999999999,
            "gross_profit": 309932,
            "gross_margin": 18.18,
            "gross_margin_4q_avg": 20.36,
            "net_income": 88698,
            "revenue": 1704520,
            "common_shares": 2691134,
            "book_valuer_per_share": 20.9,
            "book_valuer_per_share_4q_avg": 20.84,
            "equity": 5455718,
            "current_ratio": 189.95,
            "debt_ratio": 27.02,
            "inventory_turnover_ratio": 1.05,
            "account_receivable_turnover_ratio": 3.93,
            "reinvestment_rate": -76.6,
            "research_to_sale_ratio": 0.91,
            "price_fair": 40.69,
            "eps_avg_yearly": 1.16,
            "eps_latest_yearly": 1.36,
            "eps_growth_yearly": 78.25
        },
        "20223": {
            "year_quarter": 20223,
            "year": 2022,
            "quarter": 3,
            "eps": 0.35,
            "eps_growth_year": -18.6,
            "eps_4q": 1.24,
            "eps_4q_growth_year": -3.3,
            "roe": 1.69,
            "roe_4q": 5.94,
            "gross_profit": 315652,
            "gross_margin": 18.36,
            "gross_margin_4q_avg": 19.43,
            "net_income": 92633,
            "revenue": 1718784,
            "common_shares": 2691134,
            "book_valuer_per_share": 20.98,
            "book_valuer_per_share_4q_avg": 20.91,
            "equity": 5478432,
            "current_ratio": 236.23,
            "debt_ratio": 22.37,
            "inventory_turnover_ratio": 0.99,
            "account_receivable_turnover_ratio": 3.96,
            "reinvestment_rate": -72.54,
            "research_to_sale_ratio": 1.09,
            "price_fair": 41.65,
            "eps_avg_yearly": 1.19,
            "eps_latest_yearly": 1.4,
            "eps_growth_yearly": 81.77
        },
        "20224": {
            "year_quarter": 20224,
            "year": 2022,
            "quarter": 4,
            "eps": 0.22,
            "eps_growth_year": -33.36,
            "eps_4q": 1.13,
            "eps_4q_growth_year": -20.69,
            "roe": 1.07,
            "roe_4q": 5.3999999999999995,
            "gross_profit": 271130,
            "gross_margin": 22.36,
            "gross_margin_4q_avg": 19.2,
            "net_income": 58816,
            "revenue": 1212327,
            "common_shares": 2691134,
            "book_valuer_per_share": 21.29,
            "book_valuer_per_share_4q_avg": 20.95,
            "equity": 5560176,
            "current_ratio": 295.55,
            "debt_ratio": 18.62,
            "inventory_turnover_ratio": 0.64,
            "account_receivable_turnover_ratio": 3.49,
            "reinvestment_rate": -70.45,
            "research_to_sale_ratio": 1.45,
            "price_fair": 42.53,
            "eps_avg_yearly": 1.22,
            "eps_latest_yearly": 0.88,
            "eps_growth_yearly": 84.98
        },
        "20231": {
            "year_quarter": 20231,
            "year": 2023,
            "quarter": 1,
            "eps": 0.19,
            "eps_growth_year": -9.52,
            "eps_4q": 1.11,
            "eps_4q_growth_year": -20.74,
            "roe": 0.93,
            "roe_4q": 5.33,
            "gross_profit": 258165,
            "gross_margin": 18.53,
            "gross_margin_4q_avg": 19.36,
            "net_income": 50911,
            "revenue": 1393510,
            "common_shares": 2691134,
            "book_valuer_per_share": 20.5,
            "book_valuer_per_share_4q_avg": 20.92,
            "equity": 5352439,
            "current_ratio": 211.01,
            "debt_ratio": 23.93,
            "inventory_turnover_ratio": 0.74,
            "account_receivable_turnover_ratio": 4.26,
            "reinvestment_rate": -71.53,
            "research_to_sale_ratio": 1.29,
            "price_fair": 42.7,
            "eps_avg_yearly": 1.22,
            "eps_latest_yearly": 0.76,
            "eps_growth_yearly": 71.16
        }
    },
    "months": {
        "2001-06": {
            "month": "2001-06",
            "price": "10.17",
            "revenue": 635219
        },
        "2001-07": {
            "month": "2001-07",
            "price": "9.48",
            "revenue": 601065
        },
        "2001-08": {
            "month": "2001-08",
            "price": "9.11",
            "revenue": 514527
        },
        "2001-09": {
            "month": "2001-09",
            "price": "8.66",
            "revenue": 321633
        },
        "2001-10": {
            "month": "2001-10",
            "price": "8.54",
            "revenue": 667825
        },
        "2001-11": {
            "month": "2001-11",
            "price": "8.65",
            "revenue": 299408
        },
        "2001-12": {
            "month": "2001-12",
            "price": "9.11",
            "revenue": 374775
        },
        "2002-01": {
            "month": "2002-01",
            "price": "9.27",
            "revenue": 680080
        },
        "2002-02": {
            "month": "2002-02",
            "price": "10.23",
            "revenue": 458193
        },
        "2002-03": {
            "month": "2002-03",
            "price": "11.29",
            "revenue": 603141
        },
        "2002-04": {
            "month": "2002-04",
            "price": "12.54",
            "revenue": 839927
        },
        "2002-05": {
            "month": "2002-05",
            "price": "12.71",
            "revenue": 575287
        },
        "2002-06": {
            "month": "2002-06",
            "price": "12.81",
            "revenue": 817429
        },
        "2002-07": {
            "month": "2002-07",
            "price": "12.04",
            "revenue": 817125
        },
        "2002-08": {
            "month": "2002-08",
            "price": "13.02",
            "revenue": 559648
        },
        "2002-09": {
            "month": "2002-09",
            "price": "11.89",
            "revenue": 518643
        },
        "2002-10": {
            "month": "2002-10",
            "price": "11.02",
            "revenue": 555686
        },
        "2002-11": {
            "month": "2002-11",
            "price": "12.76",
            "revenue": 408515
        },
        "2002-12": {
            "month": "2002-12",
            "price": "12.79",
            "revenue": 672232
        },
        "2003-01": {
            "month": "2003-01",
            "price": "13.42",
            "revenue": 808121
        },
        "2003-02": {
            "month": "2003-02",
            "price": "13.05",
            "revenue": 507665
        },
        "2003-03": {
            "month": "2003-03",
            "price": "13.11",
            "revenue": 636103
        },
        "2003-04": {
            "month": "2003-04",
            "price": "12.92",
            "revenue": 681001
        },
        "2003-05": {
            "month": "2003-05",
            "price": "12.49",
            "revenue": 546419
        },
        "2003-06": {
            "month": "2003-06",
            "price": "13.03",
            "revenue": 464387
        },
        "2003-07": {
            "month": "2003-07",
            "price": "13.32",
            "revenue": 920856
        },
        "2003-08": {
            "month": "2003-08",
            "price": "16.29",
            "revenue": 640668
        },
        "2003-09": {
            "month": "2003-09",
            "price": "16.69",
            "revenue": 500576
        },
        "2003-10": {
            "month": "2003-10",
            "price": "16.56",
            "revenue": 567757
        },
        "2003-11": {
            "month": "2003-11",
            "price": "17.08",
            "revenue": 441066
        },
        "2003-12": {
            "month": "2003-12",
            "price": "17.03",
            "revenue": 679218
        },
        "2004-01": {
            "month": "2004-01",
            "price": "17.49",
            "revenue": 770857
        },
        "2004-02": {
            "month": "2004-02",
            "price": "20.00",
            "revenue": 664563
        },
        "2004-03": {
            "month": "2004-03",
            "price": "21.70",
            "revenue": 718241
        },
        "2004-04": {
            "month": "2004-04",
            "price": "21.60",
            "revenue": 1020675
        },
        "2004-05": {
            "month": "2004-05",
            "price": "20.07",
            "revenue": 987260
        },
        "2004-06": {
            "month": "2004-06",
            "price": "19.02",
            "revenue": 814573
        },
        "2004-07": {
            "month": "2004-07",
            "price": "17.17",
            "revenue": 775484
        },
        "2004-08": {
            "month": "2004-08",
            "price": "17.37",
            "revenue": 555156
        },
        "2004-09": {
            "month": "2004-09",
            "price": "17.63",
            "revenue": 673363
        },
        "2004-10": {
            "month": "2004-10",
            "price": "16.94",
            "revenue": 571275
        },
        "2004-11": {
            "month": "2004-11",
            "price": "17.04",
            "revenue": 465295
        },
        "2004-12": {
            "month": "2004-12",
            "price": "17.04",
            "revenue": 494233
        },
        "2005-01": {
            "month": "2005-01",
            "price": "17.05",
            "revenue": 988631
        },
        "2005-02": {
            "month": "2005-02",
            "price": "16.96",
            "revenue": 841333
        },
        "2005-03": {
            "month": "2005-03",
            "price": "17.44",
            "revenue": 906989
        },
        "2005-04": {
            "month": "2005-04",
            "price": "17.18",
            "revenue": 907176
        },
        "2005-05": {
            "month": "2005-05",
            "price": "16.97",
            "revenue": 831272
        },
        "2005-06": {
            "month": "2005-06",
            "price": "17.27",
            "revenue": 609827
        },
        "2005-07": {
            "month": "2005-07",
            "price": "16.12",
            "revenue": 1018271
        },
        "2005-08": {
            "month": "2005-08",
            "price": "16.42",
            "revenue": 679329
        },
        "2005-09": {
            "month": "2005-09",
            "price": "16.60",
            "revenue": 502972
        },
        "2005-10": {
            "month": "2005-10",
            "price": "16.01",
            "revenue": 412586
        },
        "2005-11": {
            "month": "2005-11",
            "price": "16.21",
            "revenue": 412484
        },
        "2005-12": {
            "month": "2005-12",
            "price": "16.52",
            "revenue": 561356
        },
        "2006-01": {
            "month": "2006-01",
            "price": "16.81",
            "revenue": 813163
        },
        "2006-02": {
            "month": "2006-02",
            "price": "16.91",
            "revenue": 504461
        },
        "2006-03": {
            "month": "2006-03",
            "price": "17.27",
            "revenue": 806583
        },
        "2006-04": {
            "month": "2006-04",
            "price": "22.21",
            "revenue": 730976
        },
        "2006-05": {
            "month": "2006-05",
            "price": "26.76",
            "revenue": 661700
        },
        "2006-06": {
            "month": "2006-06",
            "price": "23.90",
            "revenue": 673437
        },
        "2006-07": {
            "month": "2006-07",
            "price": "24.12",
            "revenue": 926484
        },
        "2006-08": {
            "month": "2006-08",
            "price": "22.15",
            "revenue": 523906
        },
        "2006-09": {
            "month": "2006-09",
            "price": "21.65",
            "revenue": 394860
        },
        "2006-10": {
            "month": "2006-10",
            "price": "22.72",
            "revenue": 389427
        },
        "2006-11": {
            "month": "2006-11",
            "price": "24.82",
            "revenue": 402934
        },
        "2006-12": {
            "month": "2006-12",
            "price": "25.85",
            "revenue": 494564
        },
        "2007-01": {
            "month": "2007-01",
            "price": "24.17",
            "revenue": 600036
        },
        "2007-02": {
            "month": "2007-02",
            "price": "22.68",
            "revenue": 591198
        },
        "2007-03": {
            "month": "2007-03",
            "price": "21.85",
            "revenue": 514525
        },
        "2007-04": {
            "month": "2007-04",
            "price": "22.92",
            "revenue": 656549
        },
        "2007-05": {
            "month": "2007-05",
            "price": "22.45",
            "revenue": 739629
        },
        "2007-06": {
            "month": "2007-06",
            "price": "24.75",
            "revenue": 680970
        },
        "2007-07": {
            "month": "2007-07",
            "price": "37.38",
            "revenue": 980561
        },
        "2007-08": {
            "month": "2007-08",
            "price": "31.40",
            "revenue": 466985
        },
        "2007-09": {
            "month": "2007-09",
            "price": "30.28",
            "revenue": 402191
        },
        "2007-10": {
            "month": "2007-10",
            "price": "30.74",
            "revenue": 335684
        },
        "2007-11": {
            "month": "2007-11",
            "price": "35.02",
            "revenue": 416432
        },
        "2007-12": {
            "month": "2007-12",
            "price": "30.71",
            "revenue": 478587
        },
        "2008-01": {
            "month": "2008-01",
            "price": "32.57",
            "revenue": 594492
        },
        "2008-02": {
            "month": "2008-02",
            "price": "36.51",
            "revenue": 429605
        },
        "2008-03": {
            "month": "2008-03",
            "price": "41.37",
            "revenue": 492448
        },
        "2008-04": {
            "month": "2008-04",
            "price": "41.29",
            "revenue": 654639
        },
        "2008-05": {
            "month": "2008-05",
            "price": "37.13",
            "revenue": 485126
        },
        "2008-06": {
            "month": "2008-06",
            "price": "34.26",
            "revenue": 514711
        },
        "2008-07": {
            "month": "2008-07",
            "price": "27.27",
            "revenue": 539048
        },
        "2008-08": {
            "month": "2008-08",
            "price": "26.15",
            "revenue": 361357
        },
        "2008-09": {
            "month": "2008-09",
            "price": "24.61",
            "revenue": 426494
        },
        "2008-10": {
            "month": "2008-10",
            "price": "20.51",
            "revenue": 382065
        },
        "2008-11": {
            "month": "2008-11",
            "price": "17.67",
            "revenue": 357176
        },
        "2008-12": {
            "month": "2008-12",
            "price": "17.12",
            "revenue": 413586
        },
        "2009-01": {
            "month": "2009-01",
            "price": "17.34",
            "revenue": 593409
        },
        "2009-02": {
            "month": "2009-02",
            "price": "16.08",
            "revenue": 470010
        },
        "2009-03": {
            "month": "2009-03",
            "price": "17.69",
            "revenue": 574988
        },
        "2009-04": {
            "month": "2009-04",
            "price": "24.71",
            "revenue": 480429
        },
        "2009-05": {
            "month": "2009-05",
            "price": "28.62",
            "revenue": 469709
        },
        "2009-06": {
            "month": "2009-06",
            "price": "30.09",
            "revenue": 539471
        },
        "2009-07": {
            "month": "2009-07",
            "price": "31.31",
            "revenue": 722085
        },
        "2009-08": {
            "month": "2009-08",
            "price": "30.60",
            "revenue": 609514
        },
        "2009-09": {
            "month": "2009-09",
            "price": "31.58",
            "revenue": 576497
        },
        "2009-10": {
            "month": "2009-10",
            "price": "34.23",
            "revenue": 454305
        },
        "2009-11": {
            "month": "2009-11",
            "price": "33.64",
            "revenue": 398517
        },
        "2009-12": {
            "month": "2009-12",
            "price": "32.95",
            "revenue": 487695
        },
        "2010-01": {
            "month": "2010-01",
            "price": "33.74",
            "revenue": 558569
        },
        "2010-02": {
            "month": "2010-02",
            "price": "29.56",
            "revenue": 527321
        },
        "2010-03": {
            "month": "2010-03",
            "price": "30.72",
            "revenue": 542963
        },
        "2010-04": {
            "month": "2010-04",
            "price": "31.97",
            "revenue": 551699
        },
        "2010-05": {
            "month": "2010-05",
            "price": "29.87",
            "revenue": 627913
        },
        "2010-06": {
            "month": "2010-06",
            "price": "31.14",
            "revenue": 710943
        },
        "2010-07": {
            "month": "2010-07",
            "price": "30.68",
            "revenue": 966217
        },
        "2010-08": {
            "month": "2010-08",
            "price": "32.21",
            "revenue": 542117
        },
        "2010-09": {
            "month": "2010-09",
            "price": "30.95",
            "revenue": 527163
        },
        "2010-10": {
            "month": "2010-10",
            "price": "31.88",
            "revenue": 424993
        },
        "2010-11": {
            "month": "2010-11",
            "price": "36.12",
            "revenue": 483887
        },
        "2010-12": {
            "month": "2010-12",
            "price": "37.90",
            "revenue": 514766
        },
        "2011-01": {
            "month": "2011-01",
            "price": "36.72",
            "revenue": 658114
        },
        "2011-02": {
            "month": "2011-02",
            "price": "35.78",
            "revenue": 395826
        },
        "2011-03": {
            "month": "2011-03",
            "price": "32.94",
            "revenue": 414225
        },
        "2011-04": {
            "month": "2011-04",
            "price": "32.82",
            "revenue": 561095
        },
        "2011-05": {
            "month": "2011-05",
            "price": "32.94",
            "revenue": 608906
        },
        "2011-06": {
            "month": "2011-06",
            "price": "32.35",
            "revenue": 781126
        },
        "2011-07": {
            "month": "2011-07",
            "price": "33.04",
            "revenue": 631649
        },
        "2011-08": {
            "month": "2011-08",
            "price": "31.05",
            "revenue": 516272
        },
        "2011-09": {
            "month": "2011-09",
            "price": "29.64",
            "revenue": 474654
        },
        "2011-10": {
            "month": "2011-10",
            "price": "26.40",
            "revenue": 383527
        },
        "2011-11": {
            "month": "2011-11",
            "price": "27.66",
            "revenue": 398605
        },
        "2011-12": {
            "month": "2011-12",
            "price": "27.00",
            "revenue": 456147
        },
        "2012-01": {
            "month": "2012-01",
            "price": "27.06",
            "revenue": 746208
        },
        "2012-02": {
            "month": "2012-02",
            "price": "31.24",
            "revenue": 525768
        },
        "2012-03": {
            "month": "2012-03",
            "price": "32.05",
            "revenue": 810183
        },
        "2012-04": {
            "month": "2012-04",
            "price": "29.51",
            "revenue": 675170
        },
        "2012-05": {
            "month": "2012-05",
            "price": "27.93",
            "revenue": 583786
        },
        "2012-06": {
            "month": "2012-06",
            "price": "27.08",
            "revenue": 588591
        },
        "2012-07": {
            "month": "2012-07",
            "price": "26.71",
            "revenue": 904104
        },
        "2012-08": {
            "month": "2012-08",
            "price": "27.56",
            "revenue": 442923
        },
        "2012-09": {
            "month": "2012-09",
            "price": "30.95",
            "revenue": 369879
        },
        "2012-10": {
            "month": "2012-10",
            "price": "30.24",
            "revenue": 285145
        },
        "2012-11": {
            "month": "2012-11",
            "price": "29.44",
            "revenue": 326459
        },
        "2012-12": {
            "month": "2012-12",
            "price": "29.92",
            "revenue": 355717
        },
        "2013-01": {
            "month": "2013-01",
            "price": "30.97",
            "revenue": 458162
        },
        "2013-02": {
            "month": "2013-02",
            "price": "30.92",
            "revenue": 370792
        },
        "2013-03": {
            "month": "2013-03",
            "price": "31.32",
            "revenue": 317700
        },
        "2013-04": {
            "month": "2013-04",
            "price": "33.56",
            "revenue": 402565
        },
        "2013-05": {
            "month": "2013-05",
            "price": "34.75",
            "revenue": 487535
        },
        "2013-06": {
            "month": "2013-06",
            "price": "36.80",
            "revenue": 674579
        },
        "2013-07": {
            "month": "2013-07",
            "price": "34.62",
            "revenue": 584139
        },
        "2013-08": {
            "month": "2013-08",
            "price": "33.64",
            "revenue": 447391
        },
        "2013-09": {
            "month": "2013-09",
            "price": "32.73",
            "revenue": 396301
        },
        "2013-10": {
            "month": "2013-10",
            "price": "37.37",
            "revenue": 269575
        },
        "2013-11": {
            "month": "2013-11",
            "price": "37.10",
            "revenue": 299803
        },
        "2013-12": {
            "month": "2013-12",
            "price": "38.68",
            "revenue": 453283
        },
        "2014-01": {
            "month": "2014-01",
            "price": "41.59",
            "revenue": 455252
        },
        "2014-02": {
            "month": "2014-02",
            "price": "40.56",
            "revenue": 268433
        },
        "2014-03": {
            "month": "2014-03",
            "price": "39.03",
            "revenue": 314561
        },
        "2014-04": {
            "month": "2014-04",
            "price": "37.24",
            "revenue": 419850
        },
        "2014-05": {
            "month": "2014-05",
            "price": "34.47",
            "revenue": 456279
        },
        "2014-06": {
            "month": "2014-06",
            "price": "34.90",
            "revenue": 568865
        },
        "2014-07": {
            "month": "2014-07",
            "price": "34.12",
            "revenue": 803869
        },
        "2014-08": {
            "month": "2014-08",
            "price": "35.76",
            "revenue": 501046
        },
        "2014-09": {
            "month": "2014-09",
            "price": "35.08",
            "revenue": 447643
        },
        "2014-10": {
            "month": "2014-10",
            "price": "32.52",
            "revenue": 316806
        },
        "2014-11": {
            "month": "2014-11",
            "price": "30.98",
            "revenue": 309569
        },
        "2014-12": {
            "month": "2014-12",
            "price": "30.69",
            "revenue": 380208
        },
        "2015-01": {
            "month": "2015-01",
            "price": "30.33",
            "revenue": 313084
        },
        "2015-02": {
            "month": "2015-02",
            "price": "30.05",
            "revenue": 366023
        },
        "2015-03": {
            "month": "2015-03",
            "price": "29.71",
            "revenue": 401781
        },
        "2015-04": {
            "month": "2015-04",
            "price": "29.60",
            "revenue": 460382
        },
        "2015-05": {
            "month": "2015-05",
            "price": "29.61",
            "revenue": 431689
        },
        "2015-06": {
            "month": "2015-06",
            "price": "27.67",
            "revenue": 741924
        },
        "2015-07": {
            "month": "2015-07",
            "price": "26.97",
            "revenue": 640414
        },
        "2015-08": {
            "month": "2015-08",
            "price": "25.60",
            "revenue": 379852
        },
        "2015-09": {
            "month": "2015-09",
            "price": "24.05",
            "revenue": 372970
        },
        "2015-10": {
            "month": "2015-10",
            "price": "26.15",
            "revenue": 286258
        },
        "2015-11": {
            "month": "2015-11",
            "price": "26.68",
            "revenue": 322706
        },
        "2015-12": {
            "month": "2015-12",
            "price": "25.13",
            "revenue": 479824
        },
        "2016-01": {
            "month": "2016-01",
            "price": "23.75",
            "revenue": 504145
        },
        "2016-02": {
            "month": "2016-02",
            "price": "23.65",
            "revenue": 572941
        },
        "2016-03": {
            "month": "2016-03",
            "price": "24.63",
            "revenue": 407626
        },
        "2016-04": {
            "month": "2016-04",
            "price": "23.95",
            "revenue": 445266
        },
        "2016-05": {
            "month": "2016-05",
            "price": "23.75",
            "revenue": 535315
        },
        "2016-06": {
            "month": "2016-06",
            "price": "24.36",
            "revenue": 646575
        },
        "2016-07": {
            "month": "2016-07",
            "price": "24.56",
            "revenue": 506409
        },
        "2016-08": {
            "month": "2016-08",
            "price": "24.49",
            "revenue": 442250
        },
        "2016-09": {
            "month": "2016-09",
            "price": "24.29",
            "revenue": 357317
        },
        "2016-10": {
            "month": "2016-10",
            "price": "24.27",
            "revenue": 306527
        },
        "2016-11": {
            "month": "2016-11",
            "price": "24.17",
            "revenue": 328831
        },
        "2016-12": {
            "month": "2016-12",
            "price": "24.43",
            "revenue": 385990
        },
        "2017-01": {
            "month": "2017-01",
            "price": "24.24",
            "revenue": 418914
        },
        "2017-02": {
            "month": "2017-02",
            "price": "26.40",
            "revenue": 314121
        },
        "2017-03": {
            "month": "2017-03",
            "price": "25.98",
            "revenue": 431674
        },
        "2017-04": {
            "month": "2017-04",
            "price": "25.17",
            "revenue": 380869
        },
        "2017-05": {
            "month": "2017-05",
            "price": "25.01",
            "revenue": 440530
        },
        "2017-06": {
            "month": "2017-06",
            "price": "25.03",
            "revenue": 496774
        },
        "2017-07": {
            "month": "2017-07",
            "price": "24.61",
            "revenue": 550918
        },
        "2017-08": {
            "month": "2017-08",
            "price": "23.91",
            "revenue": 490179
        },
        "2017-09": {
            "month": "2017-09",
            "price": "23.87",
            "revenue": 395058
        },
        "2017-10": {
            "month": "2017-10",
            "price": "23.51",
            "revenue": 324674
        },
        "2017-11": {
            "month": "2017-11",
            "price": "23.15",
            "revenue": 360404
        },
        "2017-12": {
            "month": "2017-12",
            "price": "22.80",
            "revenue": 361027
        },
        "2018-01": {
            "month": "2018-01",
            "price": "23.73",
            "revenue": 438409
        },
        "2018-02": {
            "month": "2018-02",
            "price": "23.71",
            "revenue": 374925
        },
        "2018-03": {
            "month": "2018-03",
            "price": "23.49",
            "revenue": 428132
        },
        "2018-04": {
            "month": "2018-04",
            "price": "23.20",
            "revenue": 416565
        },
        "2018-05": {
            "month": "2018-05",
            "price": "22.79",
            "revenue": 565575
        },
        "2018-06": {
            "month": "2018-06",
            "price": "23.84",
            "revenue": 517093
        },
        "2018-07": {
            "month": "2018-07",
            "price": "23.77",
            "revenue": 448895
        },
        "2018-08": {
            "month": "2018-08",
            "price": "23.43",
            "revenue": 434962
        },
        "2018-09": {
            "month": "2018-09",
            "price": "23.39",
            "revenue": 373613
        },
        "2018-10": {
            "month": "2018-10",
            "price": "22.52",
            "revenue": 305532
        },
        "2018-11": {
            "month": "2018-11",
            "price": "22.40",
            "revenue": 301999
        },
        "2018-12": {
            "month": "2018-12",
            "price": "22.53",
            "revenue": 340802
        },
        "2019-01": {
            "month": "2019-01",
            "price": "22.59",
            "revenue": 509806
        },
        "2019-02": {
            "month": "2019-02",
            "price": "23.16",
            "revenue": 324276
        },
        "2019-03": {
            "month": "2019-03",
            "price": "24.60",
            "revenue": 394377
        },
        "2019-04": {
            "month": "2019-04",
            "price": "25.75",
            "revenue": 499403
        },
        "2019-05": {
            "month": "2019-05",
            "price": "30.46",
            "revenue": 490607
        },
        "2019-06": {
            "month": "2019-06",
            "price": "28.76",
            "revenue": 460461
        },
        "2019-07": {
            "month": "2019-07",
            "price": "28.03",
            "revenue": 575492
        },
        "2019-08": {
            "month": "2019-08",
            "price": "27.65",
            "revenue": 453131
        },
        "2019-09": {
            "month": "2019-09",
            "price": "28.36",
            "revenue": 438625
        },
        "2019-10": {
            "month": "2019-10",
            "price": "29.95",
            "revenue": 314822
        },
        "2019-11": {
            "month": "2019-11",
            "price": "30.17",
            "revenue": 328623
        },
        "2019-12": {
            "month": "2019-12",
            "price": "30.61",
            "revenue": 384403
        },
        "2020-01": {
            "month": "2020-01",
            "price": "31.07",
            "revenue": 443227
        },
        "2020-02": {
            "month": "2020-02",
            "price": "30.21",
            "revenue": 358398
        },
        "2020-03": {
            "month": "2020-03",
            "price": "27.30",
            "revenue": 368332
        },
        "2020-04": {
            "month": "2020-04",
            "price": "27.96",
            "revenue": 408347
        },
        "2020-05": {
            "month": "2020-05",
            "price": "30.91",
            "revenue": 575613
        },
        "2020-06": {
            "month": "2020-06",
            "price": "32.44",
            "revenue": 616287
        },
        "2020-07": {
            "month": "2020-07",
            "price": "35.85",
            "revenue": 694427
        },
        "2020-08": {
            "month": "2020-08",
            "price": "35.66",
            "revenue": 477949
        },
        "2020-09": {
            "month": "2020-09",
            "price": "38.38",
            "revenue": 471575
        },
        "2020-10": {
            "month": "2020-10",
            "price": "35.65",
            "revenue": 322581
        },
        "2020-11": {
            "month": "2020-11",
            "price": "35.98",
            "revenue": 332440
        },
        "2020-12": {
            "month": "2020-12",
            "price": "36.78",
            "revenue": 392759
        },
        "2021-01": {
            "month": "2021-01",
            "price": "35.38",
            "revenue": 478400
        },
        "2021-02": {
            "month": "2021-02",
            "price": "34.68",
            "revenue": 459545
        },
        "2021-03": {
            "month": "2021-03",
            "price": "35.78",
            "revenue": 383729
        },
        "2021-04": {
            "month": "2021-04",
            "price": "36.68",
            "revenue": 453266
        },
        "2021-05": {
            "month": "2021-05",
            "price": "33.84",
            "revenue": 613425
        },
        "2021-06": {
            "month": "2021-06",
            "price": "34.03",
            "revenue": 523873
        },
        "2021-07": {
            "month": "2021-07",
            "price": "34.05",
            "revenue": 565435
        },
        "2021-08": {
            "month": "2021-08",
            "price": "33.82",
            "revenue": 482311
        },
        "2021-09": {
            "month": "2021-09",
            "price": "34.02",
            "revenue": 455565
        },
        "2021-10": {
            "month": "2021-10",
            "price": "34.35",
            "revenue": 490623
        },
        "2021-11": {
            "month": "2021-11",
            "price": "35.39",
            "revenue": 464379
        },
        "2021-12": {
            "month": "2021-12",
            "price": "35.95",
            "revenue": 391218
        },
        "2022-01": {
            "month": "2022-01",
            "price": "35.59",
            "revenue": 585753
        },
        "2022-02": {
            "month": "2022-02",
            "price": "37.39",
            "revenue": 460903
        },
        "2022-03": {
            "month": "2022-03",
            "price": "37.63",
            "revenue": 461047
        },
        "2022-04": {
            "month": "2022-04",
            "price": "37.50",
            "revenue": 537961
        },
        "2022-05": {
            "month": "2022-05",
            "price": "36.55",
            "revenue": 520451
        },
        "2022-06": {
            "month": "2022-06",
            "price": "37.08",
            "revenue": 646108
        },
        "2022-07": {
            "month": "2022-07",
            "price": "35.84",
            "revenue": 692704
        },
        "2022-08": {
            "month": "2022-08",
            "price": "35.87",
            "revenue": 570465
        },
        "2022-09": {
            "month": "2022-09",
            "price": "35.48",
            "revenue": 455614
        },
        "2022-10": {
            "month": "2022-10",
            "price": "34.78",
            "revenue": 420437
        },
        "2022-11": {
            "month": "2022-11",
            "price": "35.98",
            "revenue": 388010
        },
        "2022-12": {
            "month": "2022-12",
            "price": "35.71",
            "revenue": 368334
        },
        "2023-01": {
            "month": "2023-01",
            "price": "35.67",
            "revenue": 496253
        },
        "2023-02": {
            "month": "2023-02",
            "price": "36.36",
            "revenue": 447139
        },
        "2023-03": {
            "month": "2023-03",
            "price": "36.62",
            "revenue": 450118
        },
        "2023-04": {
            "month": "2023-04",
            "price": "37.01",
            "revenue": 504153
        }
    }
}
