{
    "summary": {
        "stock_name": "大山",
        "stock_id": "1615",
        "category": "電器電纜",
        "main_business": "各項電線電纜之配件、絕緣材料、銅線之製造、加工及銷售。<br>前各項有關機械及其配件之製造、加工及銷售。<br>E601011電器承裝業。",
        "website_url": "http://www.dahsan.com.tw",
        "ceo": "蘇文彬",
        "pe_ratio": 14,
        "report_year_from": 2001,
        "report_year_to": 2023,
        "age": 22,
        "eps_negative_percentage": 13,
        "eps_growth_avg": {
            "last_all": 0.25,
            "last_2y": 13.03,
            "last_4y": 19.26,
            "last_8y": 29.96,
            "last_12y": 14.22,
            "last_16y": 12.79,
            "last_20y": 0.25,
            "at_2006_last_3y": -100,
            "at_2007_last_3y": -54.26,
            "at_2008_last_3y": -49.42,
            "at_2009_last_3y": 6.59,
            "at_2010_last_3y": 7.24,
            "at_2011_last_3y": -8.18,
            "at_2012_last_3y": 12.13,
            "at_2013_last_3y": -21.21,
            "at_2014_last_3y": 1.49,
            "at_2015_last_3y": -1.9,
            "at_2016_last_3y": 12.72,
            "at_2017_last_3y": 43.34,
            "at_2018_last_3y": 26.67,
            "at_2019_last_3y": 53.58,
            "at_2020_last_3y": 34.43,
            "at_2021_last_3y": 27.58,
            "at_2022_last_3y": 15.74,
            "at_2023_last_3y": 15.74,
            "at_2006_last_all": -100,
            "at_2007_last_all": -69.51,
            "at_2008_last_all": -62.07,
            "at_2009_last_all": -36.05,
            "at_2010_last_all": -28.51,
            "at_2011_last_all": -34.47,
            "at_2012_last_all": -24.97,
            "at_2013_last_all": -29.45,
            "at_2014_last_all": -16.51,
            "at_2015_last_all": -22.62,
            "at_2016_last_all": -12.41,
            "at_2017_last_all": -7.06,
            "at_2018_last_all": -4.17,
            "at_2019_last_all": -2.3,
            "at_2020_last_all": -0.7,
            "at_2021_last_all": 1.09,
            "at_2022_last_all": 0.25,
            "at_2023_last_all": 0.25
        },
        "latest_eps": 2.85,
        "latest_price": 39.2,
        "latest_roe": 15.96,
        "latest_gross_margin": 15.82,
        "latest_equity": 2705303,
        "latest_revenue": 1067273,
        "latest_gross_profit": 168806,
        "latest_net_income": 99613,
        "latest_debt_ratio": 32.1,
        "latest_current_ratio": 196.03,
        "latest_account_receivable_turnover_ratio": 1.26,
        "latest_inventory_turnover_ratio": 1.39,
        "latest_reinvestment_rate": 39.12,
        "latest_research_to_sale_ratio": 0.22
    },
    "eps_dividends": {
        "1995": {
            "cash": 0,
            "stock": 1,
            "eps": 0
        },
        "1996": {
            "cash": 0,
            "stock": 1.3,
            "eps": 0
        },
        "1997": {
            "cash": 0,
            "stock": 1.5,
            "eps": 0
        },
        "2001": {
            "cash": 0,
            "stock": 0,
            "eps": -0.41
        },
        "2002": {
            "cash": 0,
            "stock": 0,
            "eps": 0.39
        },
        "2003": {
            "cash": 0,
            "stock": 0,
            "eps": -0.55
        },
        "2004": {
            "cash": 0,
            "stock": 0,
            "eps": 1.34
        },
        "2005": {
            "cash": 0.32,
            "stock": 1.3,
            "eps": -0.25
        },
        "2006": {
            "cash": 0,
            "stock": 0,
            "eps": 1.76
        },
        "2007": {
            "cash": 1.35,
            "stock": 0,
            "eps": 1.61
        },
        "2008": {
            "cash": 0.91,
            "stock": 0,
            "eps": 0.97
        },
        "2009": {
            "cash": 0.25,
            "stock": 0,
            "eps": 1.63
        },
        "2010": {
            "cash": 1,
            "stock": 1,
            "eps": 1.78
        },
        "2011": {
            "cash": 1.7,
            "stock": 0.5,
            "eps": 0.53
        },
        "2012": {
            "cash": 0,
            "stock": 0,
            "eps": 0.75
        },
        "2013": {
            "cash": 0.4,
            "stock": 0,
            "eps": 0.26
        },
        "2014": {
            "cash": 0.3,
            "stock": 0,
            "eps": 0.74
        },
        "2015": {
            "cash": 0.3,
            "stock": 0,
            "eps": 0.12
        },
        "2016": {
            "cash": 0.3,
            "stock": 0,
            "eps": 0.84
        },
        "2017": {
            "cash": 0.75,
            "stock": 0,
            "eps": 1.32
        },
        "2018": {
            "cash": 0.9,
            "stock": 0,
            "eps": 1.76
        },
        "2019": {
            "cash": 1.35,
            "stock": 0,
            "eps": 2.18
        },
        "2020": {
            "cash": 1,
            "stock": 1,
            "eps": 2.69
        },
        "2021": {
            "cash": 1.2,
            "stock": 1.2,
            "eps": 3.49
        },
        "2022": {
            "cash": 2,
            "stock": 0.8,
            "eps": 3
        },
        "2023": {
            "cash": 1.5,
            "stock": 1,
            "eps": 0.67
        }
    },
    "dividends": {
        "1995-07-17": {
            "cash": 0,
            "stock": 1
        },
        "1996-05-13": {
            "cash": 0,
            "stock": 1.3
        },
        "1997-05-12": {
            "cash": 0,
            "stock": 1.5
        },
        "2005-05-05": {
            "cash": 0.32,
            "stock": 1.3
        },
        "2007-03-30": {
            "cash": 1.35,
            "stock": 0
        },
        "2008-03-31": {
            "cash": 0.91,
            "stock": 0
        },
        "2009-03-27": {
            "cash": 0.25,
            "stock": 0
        },
        "2010-04-26": {
            "cash": 1,
            "stock": 1
        },
        "2011-01-01": {
            "cash": 0.5,
            "stock": 0
        },
        "2011-04-11": {
            "cash": 1.2,
            "stock": 0.5
        },
        "2013-04-16": {
            "cash": 0.4,
            "stock": 0
        },
        "2014-05-30": {
            "cash": 0.3,
            "stock": 0
        },
        "2015-07-15": {
            "cash": 0.3,
            "stock": 0
        },
        "2016-07-15": {
            "cash": 0.3,
            "stock": 0
        },
        "2017-07-28": {
            "cash": 0.75,
            "stock": 0
        },
        "2018-07-27": {
            "cash": 0.9,
            "stock": 0
        },
        "2019-07-25": {
            "cash": 1.35,
            "stock": 0
        },
        "2020-08-21": {
            "cash": 1,
            "stock": 1
        },
        "2021-07-09": {
            "cash": 1.2,
            "stock": 1.2
        },
        "2022-08-05": {
            "cash": 2,
            "stock": 0.8
        },
        "2023-05-10": {
            "cash": 1.5,
            "stock": 1
        }
    },
    "prices": {
        "200101": "5.87",
        "200102": "7.30",
        "200103": "7.15",
        "200104": "6.31",
        "200105": "5.62",
        "200106": "5.54",
        "200107": "5.20",
        "200108": "4.54",
        "200109": "3.95",
        "200110": "3.89",
        "200111": "3.88",
        "200112": "4.64",
        "200201": "5.38",
        "200202": "5.64",
        "200203": "7.12",
        "200204": "8.95",
        "200205": "8.56",
        "200206": "8.00",
        "200207": "7.39",
        "200208": "7.10",
        "200209": "6.92",
        "200210": "6.71",
        "200211": "7.01",
        "200212": "7.48",
        "200301": "8.33",
        "200302": "8.21",
        "200303": "8.41",
        "200304": "8.60",
        "200305": "8.49",
        "200306": "9.12",
        "200307": "8.72",
        "200308": "8.42",
        "200309": "8.17",
        "200310": "8.36",
        "200311": "10.69",
        "200312": "12.57",
        "200401": "15.69",
        "200402": "15.68",
        "200403": "16.43",
        "200404": "15.94",
        "200405": "15.15",
        "200406": "14.12",
        "200407": "13.56",
        "200408": "13.36",
        "200409": "13.54",
        "200410": "13.13",
        "200411": "13.18",
        "200412": "12.98",
        "200501": "12.89",
        "200502": "12.54",
        "200503": "9.79",
        "200504": "9.59",
        "200505": "9.19",
        "200506": "9.51",
        "200507": "9.31",
        "200508": "7.53",
        "200509": "6.43",
        "200510": "6.13",
        "200511": "5.64",
        "200512": "5.65",
        "200601": "5.92",
        "200602": "5.61",
        "200603": "5.32",
        "200604": "5.84",
        "200605": "7.10",
        "200606": "6.03",
        "200607": "6.15",
        "200608": "6.24",
        "200609": "7.01",
        "200610": "8.32",
        "200611": "10.17",
        "200612": "12.13",
        "200701": "12.27",
        "200702": "12.88",
        "200703": "12.50",
        "200704": "15.77",
        "200705": "13.70",
        "200706": "14.06",
        "200707": "15.10",
        "200708": "14.33",
        "200709": "15.50",
        "200710": "14.75",
        "200711": "13.52",
        "200712": "11.49",
        "200801": "10.76",
        "200802": "11.30",
        "200803": "13.10",
        "200804": "14.34",
        "200805": "16.74",
        "200806": "16.12",
        "200807": "13.90",
        "200808": "13.37",
        "200809": "11.46",
        "200810": "9.65",
        "200811": "8.07",
        "200812": "7.77",
        "200901": "7.70",
        "200902": "7.61",
        "200903": "8.16",
        "200904": "9.03",
        "200905": "8.84",
        "200906": "8.22",
        "200907": "8.05",
        "200908": "8.64",
        "200909": "9.14",
        "200910": "9.87",
        "200911": "11.97",
        "200912": "12.91",
        "201001": "13.43",
        "201002": "12.03",
        "201003": "12.96",
        "201004": "14.72",
        "201005": "18.92",
        "201006": "18.35",
        "201007": "18.20",
        "201008": "17.13",
        "201009": "14.66",
        "201010": "15.02",
        "201011": "14.61",
        "201012": "14.83",
        "201101": "14.88",
        "201102": "14.73",
        "201103": "14.53",
        "201104": "16.33",
        "201105": "16.71",
        "201106": "15.91",
        "201107": "14.51",
        "201108": "13.28",
        "201109": "12.37",
        "201110": "12.09",
        "201111": "12.02",
        "201112": "11.22",
        "201201": "11.12",
        "201202": "12.54",
        "201203": "12.82",
        "201204": "11.83",
        "201205": "11.17",
        "201206": "10.51",
        "201207": "10.52",
        "201208": "10.86",
        "201209": "11.61",
        "201210": "11.42",
        "201211": "10.46",
        "201212": "10.58",
        "201301": "11.32",
        "201302": "11.15",
        "201303": "10.94",
        "201304": "10.96",
        "201305": "10.95",
        "201306": "10.75",
        "201307": "10.47",
        "201308": "10.27",
        "201309": "9.99",
        "201310": "10.12",
        "201311": "9.96",
        "201312": "9.94",
        "201401": "10.43",
        "201402": "10.26",
        "201403": "10.60",
        "201404": "10.42",
        "201405": "10.61",
        "201406": "10.68",
        "201407": "10.51",
        "201408": "11.49",
        "201409": "12.22",
        "201410": "11.07",
        "201411": "10.78",
        "201412": "11.23",
        "201501": "11.48",
        "201502": "11.55",
        "201503": "11.40",
        "201504": "11.32",
        "201505": "10.99",
        "201506": "10.49",
        "201507": "10.17",
        "201508": "9.90",
        "201509": "9.85",
        "201510": "9.94",
        "201511": "9.89",
        "201512": "9.71",
        "201601": "10.31",
        "201602": "10.07",
        "201603": "9.79",
        "201604": "9.44",
        "201605": "9.00",
        "201606": "8.84",
        "201607": "9.02",
        "201608": "9.82",
        "201609": "10.04",
        "201610": "9.92",
        "201611": "10.06",
        "201612": "10.33",
        "201701": "10.55",
        "201702": "11.44",
        "201703": "11.62",
        "201704": "11.37",
        "201705": "11.68",
        "201706": "11.86",
        "201707": "11.22",
        "201708": "12.70",
        "201709": "14.02",
        "201710": "13.94",
        "201711": "14.17",
        "201712": "14.19",
        "201801": "15.65",
        "201802": "14.96",
        "201803": "16.10",
        "201804": "20.63",
        "201805": "19.61",
        "201806": "20.60",
        "201807": "17.32",
        "201808": "15.76",
        "201809": "15.87",
        "201810": "14.82",
        "201811": "15.42",
        "201812": "15.97",
        "201901": "16.05",
        "201902": "16.57",
        "201903": "17.23",
        "201904": "17.46",
        "201905": "17.18",
        "201906": "17.22",
        "201907": "16.69",
        "201908": "16.25",
        "201909": "16.58",
        "201910": "16.85",
        "201911": "16.91",
        "201912": "17.46",
        "202001": "18.92",
        "202002": "19.14",
        "202003": "18.28",
        "202004": "19.29",
        "202005": "22.07",
        "202006": "23.30",
        "202007": "22.96",
        "202008": "21.60",
        "202009": "22.14",
        "202010": "21.66",
        "202011": "22.46",
        "202012": "24.11",
        "202101": "24.06",
        "202102": "24.14",
        "202103": "28.06",
        "202104": "36.16",
        "202105": "39.10",
        "202106": "40.20",
        "202107": "35.56",
        "202108": "35.06",
        "202109": "32.37",
        "202110": "32.50",
        "202111": "32.86",
        "202112": "32.03",
        "202201": "31.85",
        "202202": "31.95",
        "202203": "33.27",
        "202204": "34.20",
        "202205": "33.43",
        "202206": "33.56",
        "202207": "31.98",
        "202208": "31.05",
        "202209": "29.55",
        "202210": "27.90",
        "202211": "28.20",
        "202212": "28.50",
        "202301": "29.29",
        "202302": "31.32",
        "202303": "32.97",
        "202304": "35.62",
        "202305": "37.30",
        "202306": "38.46"
    },
    "quarters": {
        "20011": {
            "year_quarter": 20011,
            "year": 2001,
            "quarter": 1,
            "eps": -0.09,
            "eps_growth_year": null,
            "eps_4q": -0.94,
            "eps_4q_growth_year": -233.86,
            "roe": -0.75,
            "roe_4q": -0.75,
            "gross_profit": -2757,
            "gross_margin": -0.83,
            "gross_margin_4q_avg": -0.83,
            "net_income": -7831,
            "revenue": 333270,
            "common_shares": 882000,
            "book_valuer_per_share": 11.87,
            "book_valuer_per_share_4q_avg": 11.87,
            "equity": 1046593,
            "current_ratio": 93.4,
            "debt_ratio": 48.37,
            "inventory_turnover_ratio": 1.41,
            "account_receivable_turnover_ratio": null,
            "reinvestment_rate": null,
            "research_to_sale_ratio": null,
            "price_fair": 0,
            "eps_avg_yearly": 0,
            "eps_latest_yearly": 0,
            "eps_growth_yearly": 0
        },
        "20012": {
            "year_quarter": 20012,
            "year": 2001,
            "quarter": 2,
            "eps": -0.25,
            "eps_growth_year": null,
            "eps_4q": -1.03,
            "eps_4q_growth_year": -473.09,
            "roe": -2.11,
            "roe_4q": -2.86,
            "gross_profit": 13255,
            "gross_margin": 3.86,
            "gross_margin_4q_avg": 1.52,
            "net_income": -21893,
            "revenue": 343179,
            "common_shares": 882000,
            "book_valuer_per_share": 11.62,
            "book_valuer_per_share_4q_avg": 11.75,
            "equity": 1024700,
            "current_ratio": 102.32,
            "debt_ratio": 54.19,
            "inventory_turnover_ratio": 1.33,
            "account_receivable_turnover_ratio": null,
            "reinvestment_rate": null,
            "research_to_sale_ratio": null,
            "price_fair": 0,
            "eps_avg_yearly": 0,
            "eps_latest_yearly": 0,
            "eps_growth_yearly": 0
        },
        "20013": {
            "year_quarter": 20013,
            "year": 2001,
            "quarter": 3,
            "eps": 0.05,
            "eps_growth_year": null,
            "eps_4q": -0.79,
            "eps_4q_growth_year": null,
            "roe": 0.39,
            "roe_4q": -2.4699999999999998,
            "gross_profit": 36212,
            "gross_margin": 8.64,
            "gross_margin_4q_avg": 3.89,
            "net_income": 3980,
            "revenue": 419030,
            "common_shares": 882000,
            "book_valuer_per_share": 11.66,
            "book_valuer_per_share_4q_avg": 11.72,
            "equity": 1028680,
            "current_ratio": 97.13,
            "debt_ratio": 53.69,
            "inventory_turnover_ratio": 1.48,
            "account_receivable_turnover_ratio": null,
            "reinvestment_rate": null,
            "research_to_sale_ratio": null,
            "price_fair": 0,
            "eps_avg_yearly": 0,
            "eps_latest_yearly": 0,
            "eps_growth_yearly": 0
        },
        "20014": {
            "year_quarter": 20014,
            "year": 2001,
            "quarter": 4,
            "eps": -0.12,
            "eps_growth_year": null,
            "eps_4q": -0.41,
            "eps_4q_growth_year": null,
            "roe": -1.05,
            "roe_4q": -3.52,
            "gross_profit": 18221,
            "gross_margin": 4.75,
            "gross_margin_4q_avg": 4.11,
            "net_income": -10785,
            "revenue": 383410,
            "common_shares": 882000,
            "book_valuer_per_share": 11.54,
            "book_valuer_per_share_4q_avg": 11.67,
            "equity": 1017895,
            "current_ratio": 84.98,
            "debt_ratio": 52.19,
            "inventory_turnover_ratio": 1.57,
            "account_receivable_turnover_ratio": null,
            "reinvestment_rate": null,
            "research_to_sale_ratio": null,
            "price_fair": 0,
            "eps_avg_yearly": 0,
            "eps_latest_yearly": 0,
            "eps_growth_yearly": 0
        },
        "20021": {
            "year_quarter": 20021,
            "year": 2002,
            "quarter": 1,
            "eps": -0.02,
            "eps_growth_year": null,
            "eps_4q": -0.35,
            "eps_4q_growth_year": null,
            "roe": -0.17,
            "roe_4q": -2.94,
            "gross_profit": 30528,
            "gross_margin": 8.94,
            "gross_margin_4q_avg": 6.55,
            "net_income": -1734,
            "revenue": 341412,
            "common_shares": 882000,
            "book_valuer_per_share": 11.52,
            "book_valuer_per_share_4q_avg": 11.59,
            "equity": 1016161,
            "current_ratio": 84.48,
            "debt_ratio": 53.62,
            "inventory_turnover_ratio": 1.38,
            "account_receivable_turnover_ratio": null,
            "reinvestment_rate": null,
            "research_to_sale_ratio": null,
            "price_fair": 0,
            "eps_avg_yearly": 0,
            "eps_latest_yearly": 0,
            "eps_growth_yearly": 0
        },
        "20022": {
            "year_quarter": 20022,
            "year": 2002,
            "quarter": 2,
            "eps": -0.23,
            "eps_growth_year": null,
            "eps_4q": -0.32,
            "eps_4q_growth_year": null,
            "roe": -1.99,
            "roe_4q": -2.82,
            "gross_profit": 20330,
            "gross_margin": 6.01,
            "gross_margin_4q_avg": 7.09,
            "net_income": -20065,
            "revenue": 338452,
            "common_shares": 882000,
            "book_valuer_per_share": 11.29,
            "book_valuer_per_share_4q_avg": 11.5,
            "equity": 996096,
            "current_ratio": 105.64,
            "debt_ratio": 54.01,
            "inventory_turnover_ratio": 1.22,
            "account_receivable_turnover_ratio": null,
            "reinvestment_rate": null,
            "research_to_sale_ratio": null,
            "price_fair": 0,
            "eps_avg_yearly": 0,
            "eps_latest_yearly": 0,
            "eps_growth_yearly": 0
        },
        "20023": {
            "year_quarter": 20023,
            "year": 2002,
            "quarter": 3,
            "eps": 0.34,
            "eps_growth_year": 580,
            "eps_4q": -0.03,
            "eps_4q_growth_year": null,
            "roe": 2.93,
            "roe_4q": -0.2799999999999999,
            "gross_profit": 66033,
            "gross_margin": 13.38,
            "gross_margin_4q_avg": 8.27,
            "net_income": 29637,
            "revenue": 493701,
            "common_shares": 882000,
            "book_valuer_per_share": 11.63,
            "book_valuer_per_share_4q_avg": 11.5,
            "equity": 1025733,
            "current_ratio": 106.32,
            "debt_ratio": 54.12,
            "inventory_turnover_ratio": 1.76,
            "account_receivable_turnover_ratio": null,
            "reinvestment_rate": null,
            "research_to_sale_ratio": null,
            "price_fair": 0,
            "eps_avg_yearly": 0,
            "eps_latest_yearly": 0,
            "eps_growth_yearly": 0
        },
        "20024": {
            "year_quarter": 20024,
            "year": 2002,
            "quarter": 4,
            "eps": 0.3,
            "eps_growth_year": null,
            "eps_4q": 0.39,
            "eps_4q_growth_year": null,
            "roe": 2.51,
            "roe_4q": 3.2799999999999994,
            "gross_profit": 37680,
            "gross_margin": 11.67,
            "gross_margin_4q_avg": 10,
            "net_income": 26063,
            "revenue": 322790,
            "common_shares": 882000,
            "book_valuer_per_share": 11.93,
            "book_valuer_per_share_4q_avg": 11.59,
            "equity": 1051796,
            "current_ratio": 100.73,
            "debt_ratio": 51.47,
            "inventory_turnover_ratio": 1.35,
            "account_receivable_turnover_ratio": null,
            "reinvestment_rate": 4060.21,
            "research_to_sale_ratio": null,
            "price_fair": 3.6,
            "eps_avg_yearly": 1.2,
            "eps_latest_yearly": 1.2,
            "eps_growth_yearly": -47.06
        },
        "20031": {
            "year_quarter": 20031,
            "year": 2003,
            "quarter": 1,
            "eps": -0.08,
            "eps_growth_year": null,
            "eps_4q": 0.33,
            "eps_4q_growth_year": null,
            "roe": -0.66,
            "roe_4q": 2.789999999999999,
            "gross_profit": 16067,
            "gross_margin": 5.12,
            "gross_margin_4q_avg": 9.05,
            "net_income": -6878,
            "revenue": 313524,
            "common_shares": 882000,
            "book_valuer_per_share": 11.85,
            "book_valuer_per_share_4q_avg": 11.68,
            "equity": 1044918,
            "current_ratio": 67.16,
            "debt_ratio": 51.72,
            "inventory_turnover_ratio": 1.46,
            "account_receivable_turnover_ratio": null,
            "reinvestment_rate": null,
            "research_to_sale_ratio": null,
            "price_fair": 3.6,
            "eps_avg_yearly": 1.2,
            "eps_latest_yearly": 1.2,
            "eps_growth_yearly": -47.06
        },
        "20032": {
            "year_quarter": 20032,
            "year": 2003,
            "quarter": 2,
            "eps": -0.19,
            "eps_growth_year": null,
            "eps_4q": 0.37,
            "eps_4q_growth_year": null,
            "roe": -1.6,
            "roe_4q": 3.1799999999999997,
            "gross_profit": 12353,
            "gross_margin": 4.28,
            "gross_margin_4q_avg": 8.61,
            "net_income": -16587,
            "revenue": 288624,
            "common_shares": 882000,
            "book_valuer_per_share": 11.66,
            "book_valuer_per_share_4q_avg": 11.77,
            "equity": 1028331,
            "current_ratio": 66.76,
            "debt_ratio": 53.32,
            "inventory_turnover_ratio": 1.2,
            "account_receivable_turnover_ratio": null,
            "reinvestment_rate": null,
            "research_to_sale_ratio": null,
            "price_fair": 3.6,
            "eps_avg_yearly": 1.2,
            "eps_latest_yearly": 1.2,
            "eps_growth_yearly": -47.06
        },
        "20033": {
            "year_quarter": 20033,
            "year": 2003,
            "quarter": 3,
            "eps": -0.25,
            "eps_growth_year": -173.53,
            "eps_4q": -0.22,
            "eps_4q_growth_year": null,
            "roe": -2.17,
            "roe_4q": -1.92,
            "gross_profit": 12101,
            "gross_margin": 3.02,
            "gross_margin_4q_avg": 6.02,
            "net_income": -22077,
            "revenue": 401037,
            "common_shares": 882000,
            "book_valuer_per_share": 11.41,
            "book_valuer_per_share_4q_avg": 11.71,
            "equity": 1006254,
            "current_ratio": 67.03,
            "debt_ratio": 55.77,
            "inventory_turnover_ratio": 1.33,
            "account_receivable_turnover_ratio": null,
            "reinvestment_rate": null,
            "research_to_sale_ratio": null,
            "price_fair": 3.6,
            "eps_avg_yearly": 1.2,
            "eps_latest_yearly": 1.2,
            "eps_growth_yearly": -47.06
        },
        "20034": {
            "year_quarter": 20034,
            "year": 2003,
            "quarter": 4,
            "eps": -0.03,
            "eps_growth_year": -110,
            "eps_4q": -0.55,
            "eps_4q_growth_year": -240.95,
            "roe": -0.3,
            "roe_4q": -4.73,
            "gross_profit": 78781,
            "gross_margin": 13.58,
            "gross_margin_4q_avg": 6.5,
            "net_income": -2990,
            "revenue": 580052,
            "common_shares": 882000,
            "book_valuer_per_share": 11.37,
            "book_valuer_per_share_4q_avg": 11.57,
            "equity": 1003264,
            "current_ratio": 72.2,
            "debt_ratio": 56.75,
            "inventory_turnover_ratio": 1.57,
            "account_receivable_turnover_ratio": null,
            "reinvestment_rate": null,
            "research_to_sale_ratio": null,
            "price_fair": 3.6,
            "eps_avg_yearly": 1.2,
            "eps_latest_yearly": 1.2,
            "eps_growth_yearly": -47.06
        },
        "20041": {
            "year_quarter": 20041,
            "year": 2004,
            "quarter": 1,
            "eps": 0.21,
            "eps_growth_year": null,
            "eps_4q": -0.27,
            "eps_4q_growth_year": -180.19,
            "roe": 1.81,
            "roe_4q": -2.26,
            "gross_profit": 56501,
            "gross_margin": 11.81,
            "gross_margin_4q_avg": 8.17,
            "net_income": 18292,
            "revenue": 478316,
            "common_shares": 882000,
            "book_valuer_per_share": 11.58,
            "book_valuer_per_share_4q_avg": 11.51,
            "equity": 1021556,
            "current_ratio": 73.54,
            "debt_ratio": 55.25,
            "inventory_turnover_ratio": 1.2,
            "account_receivable_turnover_ratio": null,
            "reinvestment_rate": null,
            "research_to_sale_ratio": null,
            "price_fair": 3.6,
            "eps_avg_yearly": 1.2,
            "eps_latest_yearly": 1.2,
            "eps_growth_yearly": -47.06
        },
        "20042": {
            "year_quarter": 20042,
            "year": 2004,
            "quarter": 2,
            "eps": -0.19,
            "eps_growth_year": null,
            "eps_4q": -0.27,
            "eps_4q_growth_year": -173.63,
            "roe": -1.67,
            "roe_4q": -2.3299999999999996,
            "gross_profit": 99908,
            "gross_margin": 15.94,
            "gross_margin_4q_avg": 11.09,
            "net_income": -16960,
            "revenue": 626831,
            "common_shares": 882000,
            "book_valuer_per_share": 11.39,
            "book_valuer_per_share_4q_avg": 11.44,
            "equity": 1004596,
            "current_ratio": 83.13,
            "debt_ratio": 57.63,
            "inventory_turnover_ratio": 1.3,
            "account_receivable_turnover_ratio": null,
            "reinvestment_rate": null,
            "research_to_sale_ratio": null,
            "price_fair": 3.6,
            "eps_avg_yearly": 1.2,
            "eps_latest_yearly": 1.2,
            "eps_growth_yearly": -47.06
        },
        "20043": {
            "year_quarter": 20043,
            "year": 2004,
            "quarter": 3,
            "eps": 0.55,
            "eps_growth_year": null,
            "eps_4q": 0.53,
            "eps_4q_growth_year": null,
            "roe": 4.7,
            "roe_4q": 4.54,
            "gross_profit": 99943,
            "gross_margin": 15.74,
            "gross_margin_4q_avg": 14.27,
            "net_income": 48400,
            "revenue": 634765,
            "common_shares": 882000,
            "book_valuer_per_share": 11.94,
            "book_valuer_per_share_4q_avg": 11.57,
            "equity": 1052995,
            "current_ratio": 91.66,
            "debt_ratio": 57.16,
            "inventory_turnover_ratio": 1.17,
            "account_receivable_turnover_ratio": null,
            "reinvestment_rate": null,
            "research_to_sale_ratio": null,
            "price_fair": 3.6,
            "eps_avg_yearly": 1.2,
            "eps_latest_yearly": 1.2,
            "eps_growth_yearly": -47.06
        },
        "20044": {
            "year_quarter": 20044,
            "year": 2004,
            "quarter": 4,
            "eps": 0.77,
            "eps_growth_year": null,
            "eps_4q": 1.33,
            "eps_4q_growth_year": null,
            "roe": 6.28,
            "roe_4q": 11.120000000000001,
            "gross_profit": 119445,
            "gross_margin": 16.7,
            "gross_margin_4q_avg": 15.05,
            "net_income": 68270,
            "revenue": 715380,
            "common_shares": 882000,
            "book_valuer_per_share": 12.71,
            "book_valuer_per_share_4q_avg": 11.91,
            "equity": 1121266,
            "current_ratio": 140.52,
            "debt_ratio": 48.1,
            "inventory_turnover_ratio": 1.27,
            "account_receivable_turnover_ratio": null,
            "reinvestment_rate": -75.37,
            "research_to_sale_ratio": null,
            "price_fair": 74.9,
            "eps_avg_yearly": 2.14,
            "eps_latest_yearly": 3.08,
            "eps_growth_yearly": 56.47
        },
        "20051": {
            "year_quarter": 20051,
            "year": 2005,
            "quarter": 1,
            "eps": -0.5,
            "eps_growth_year": -338.1,
            "eps_4q": 0.63,
            "eps_4q_growth_year": null,
            "roe": -4.02,
            "roe_4q": 5.290000000000001,
            "gross_profit": 72475,
            "gross_margin": 14.27,
            "gross_margin_4q_avg": 15.66,
            "net_income": -44201,
            "revenue": 507738,
            "common_shares": 882000,
            "book_valuer_per_share": 12.21,
            "book_valuer_per_share_4q_avg": 12.06,
            "equity": 1077065,
            "current_ratio": 132.55,
            "debt_ratio": 48.28,
            "inventory_turnover_ratio": 0.98,
            "account_receivable_turnover_ratio": null,
            "reinvestment_rate": -308.01,
            "research_to_sale_ratio": null,
            "price_fair": 74.9,
            "eps_avg_yearly": 2.14,
            "eps_latest_yearly": 3.08,
            "eps_growth_yearly": 56.47
        },
        "20052": {
            "year_quarter": 20052,
            "year": 2005,
            "quarter": 2,
            "eps": 0.05,
            "eps_growth_year": null,
            "eps_4q": 0.82,
            "eps_4q_growth_year": null,
            "roe": 0.44,
            "roe_4q": 7.4,
            "gross_profit": 51834,
            "gross_margin": 8.77,
            "gross_margin_4q_avg": 13.87,
            "net_income": 4691,
            "revenue": 590731,
            "common_shares": 882000,
            "book_valuer_per_share": 11.91,
            "book_valuer_per_share_4q_avg": 12.19,
            "equity": 1050724,
            "current_ratio": 125.4,
            "debt_ratio": 54.11,
            "inventory_turnover_ratio": 1.11,
            "account_receivable_turnover_ratio": null,
            "reinvestment_rate": -188.99,
            "research_to_sale_ratio": null,
            "price_fair": 74.9,
            "eps_avg_yearly": 2.14,
            "eps_latest_yearly": 3.08,
            "eps_growth_yearly": 56.47
        },
        "20053": {
            "year_quarter": 20053,
            "year": 2005,
            "quarter": 3,
            "eps": -0.15,
            "eps_growth_year": -127.27,
            "eps_4q": 0.14,
            "eps_4q_growth_year": -73.08,
            "roe": -1.43,
            "roe_4q": 1.2700000000000005,
            "gross_profit": 34860,
            "gross_margin": 5.37,
            "gross_margin_4q_avg": 11.28,
            "net_income": -14910,
            "revenue": 649723,
            "common_shares": 968500,
            "book_valuer_per_share": 10.7,
            "book_valuer_per_share_4q_avg": 11.88,
            "equity": 1035814,
            "current_ratio": 121.24,
            "debt_ratio": 49.92,
            "inventory_turnover_ratio": 1.27,
            "account_receivable_turnover_ratio": null,
            "reinvestment_rate": -301.06,
            "research_to_sale_ratio": null,
            "price_fair": 74.9,
            "eps_avg_yearly": 2.14,
            "eps_latest_yearly": 3.08,
            "eps_growth_yearly": 56.47
        },
        "20054": {
            "year_quarter": 20054,
            "year": 2005,
            "quarter": 4,
            "eps": 0.35,
            "eps_growth_year": -54.55,
            "eps_4q": -0.21,
            "eps_4q_growth_year": -115.84,
            "roe": 3.23,
            "roe_4q": -1.7799999999999994,
            "gross_profit": 85081,
            "gross_margin": 11.09,
            "gross_margin_4q_avg": 9.88,
            "net_income": 33962,
            "revenue": 767036,
            "common_shares": 968500,
            "book_valuer_per_share": 11.05,
            "book_valuer_per_share_4q_avg": 11.47,
            "equity": 1069775,
            "current_ratio": 134.36,
            "debt_ratio": 51.78,
            "inventory_turnover_ratio": 1.52,
            "account_receivable_turnover_ratio": null,
            "reinvestment_rate": -158.59,
            "research_to_sale_ratio": null,
            "price_fair": 74.9,
            "eps_avg_yearly": 2.14,
            "eps_latest_yearly": 3.08,
            "eps_growth_yearly": 56.47
        },
        "20061": {
            "year_quarter": 20061,
            "year": 2006,
            "quarter": 1,
            "eps": 0.14,
            "eps_growth_year": null,
            "eps_4q": 0.37,
            "eps_4q_growth_year": -41,
            "roe": 1.33,
            "roe_4q": 3.5700000000000007,
            "gross_profit": 90560,
            "gross_margin": 12.53,
            "gross_margin_4q_avg": 9.44,
            "net_income": 14421,
            "revenue": 722953,
            "common_shares": 968500,
            "book_valuer_per_share": 11.29,
            "book_valuer_per_share_4q_avg": 11.24,
            "equity": 1093083,
            "current_ratio": 140.07,
            "debt_ratio": 49.94,
            "inventory_turnover_ratio": 1.42,
            "account_receivable_turnover_ratio": null,
            "reinvestment_rate": -150.06,
            "research_to_sale_ratio": null,
            "price_fair": 4.84,
            "eps_avg_yearly": 1.61,
            "eps_latest_yearly": 0.56,
            "eps_growth_yearly": -42.35
        },
        "20062": {
            "year_quarter": 20062,
            "year": 2006,
            "quarter": 2,
            "eps": 0.41,
            "eps_growth_year": 720,
            "eps_4q": 0.76,
            "eps_4q_growth_year": -7.71,
            "roe": 3.53,
            "roe_4q": 6.66,
            "gross_profit": 92081,
            "gross_margin": 10.74,
            "gross_margin_4q_avg": 9.93,
            "net_income": 39325,
            "revenue": 857085,
            "common_shares": 968500,
            "book_valuer_per_share": 11.71,
            "book_valuer_per_share_4q_avg": 11.19,
            "equity": 1134390,
            "current_ratio": 150.17,
            "debt_ratio": 46.5,
            "inventory_turnover_ratio": 1.65,
            "account_receivable_turnover_ratio": null,
            "reinvestment_rate": -55.16,
            "research_to_sale_ratio": null,
            "price_fair": 56.7,
            "eps_avg_yearly": 1.62,
            "eps_latest_yearly": 1.64,
            "eps_growth_yearly": 161.09
        },
        "20063": {
            "year_quarter": 20063,
            "year": 2006,
            "quarter": 3,
            "eps": 0.52,
            "eps_growth_year": null,
            "eps_4q": 1.43,
            "eps_4q_growth_year": 897.56,
            "roe": 4.34,
            "roe_4q": 12.43,
            "gross_profit": 80489,
            "gross_margin": 9.36,
            "gross_margin_4q_avg": 10.93,
            "net_income": 50309,
            "revenue": 859483,
            "common_shares": 968500,
            "book_valuer_per_share": 12.21,
            "book_valuer_per_share_4q_avg": 11.57,
            "equity": 1182301,
            "current_ratio": 150.98,
            "debt_ratio": 50.55,
            "inventory_turnover_ratio": 1.35,
            "account_receivable_turnover_ratio": null,
            "reinvestment_rate": -70.65,
            "research_to_sale_ratio": null,
            "price_fair": 59.92,
            "eps_avg_yearly": 1.71,
            "eps_latest_yearly": 2.08,
            "eps_growth_yearly": 150.34
        },
        "20064": {
            "year_quarter": 20064,
            "year": 2006,
            "quarter": 4,
            "eps": 0.69,
            "eps_growth_year": 97.14,
            "eps_4q": 1.76,
            "eps_4q_growth_year": null,
            "roe": 5.53,
            "roe_4q": 14.73,
            "gross_profit": 105258,
            "gross_margin": 9.03,
            "gross_margin_4q_avg": 10.42,
            "net_income": 67148,
            "revenue": 1166173,
            "common_shares": 968500,
            "book_valuer_per_share": 12.86,
            "book_valuer_per_share_4q_avg": 12.02,
            "equity": 1245267,
            "current_ratio": 172.77,
            "debt_ratio": 47.93,
            "inventory_turnover_ratio": 1.66,
            "account_receivable_turnover_ratio": null,
            "reinvestment_rate": -72.57,
            "research_to_sale_ratio": null,
            "price_fair": 70.84,
            "eps_avg_yearly": 2.02,
            "eps_latest_yearly": 2.76,
            "eps_growth_yearly": 185.9
        },
        "20071": {
            "year_quarter": 20071,
            "year": 2007,
            "quarter": 1,
            "eps": -0.47,
            "eps_growth_year": -435.71,
            "eps_4q": 1.15,
            "eps_4q_growth_year": 211.45,
            "roe": -3.72,
            "roe_4q": 9.68,
            "gross_profit": -6022,
            "gross_margin": -0.65,
            "gross_margin_4q_avg": 7.12,
            "net_income": -45376,
            "revenue": 932726,
            "common_shares": 968500,
            "book_valuer_per_share": 12.34,
            "book_valuer_per_share_4q_avg": 12.28,
            "equity": 1195244,
            "current_ratio": 182.43,
            "debt_ratio": 45.56,
            "inventory_turnover_ratio": 1.81,
            "account_receivable_turnover_ratio": null,
            "reinvestment_rate": -99.07,
            "research_to_sale_ratio": null,
            "price_fair": 70.84,
            "eps_avg_yearly": 2.02,
            "eps_latest_yearly": 2.76,
            "eps_growth_yearly": 185.9
        },
        "20072": {
            "year_quarter": 20072,
            "year": 2007,
            "quarter": 2,
            "eps": 0.87,
            "eps_growth_year": 112.2,
            "eps_4q": 1.62,
            "eps_4q_growth_year": 112.8,
            "roe": 7.15,
            "roe_4q": 13.3,
            "gross_profit": 135336,
            "gross_margin": 13.38,
            "gross_margin_4q_avg": 7.78,
            "net_income": 84165,
            "revenue": 1011745,
            "common_shares": 968500,
            "book_valuer_per_share": 11.97,
            "book_valuer_per_share_4q_avg": 12.35,
            "equity": 1159271,
            "current_ratio": 142.38,
            "debt_ratio": 54.76,
            "inventory_turnover_ratio": 1.56,
            "account_receivable_turnover_ratio": null,
            "reinvestment_rate": -35.81,
            "research_to_sale_ratio": null,
            "price_fair": 70.84,
            "eps_avg_yearly": 2.02,
            "eps_latest_yearly": 2.76,
            "eps_growth_yearly": 185.9
        },
        "20073": {
            "year_quarter": 20073,
            "year": 2007,
            "quarter": 3,
            "eps": 0.83,
            "eps_growth_year": 59.62,
            "eps_4q": 1.93,
            "eps_4q_growth_year": 34.98,
            "roe": 6.79,
            "roe_4q": 15.75,
            "gross_profit": 138562,
            "gross_margin": 10.78,
            "gross_margin_4q_avg": 8.14,
            "net_income": 80255,
            "revenue": 1285658,
            "common_shares": 968500,
            "book_valuer_per_share": 12.44,
            "book_valuer_per_share_4q_avg": 12.4,
            "equity": 1204442,
            "current_ratio": 199.83,
            "debt_ratio": 47.09,
            "inventory_turnover_ratio": 1.96,
            "account_receivable_turnover_ratio": null,
            "reinvestment_rate": -19.43,
            "research_to_sale_ratio": null,
            "price_fair": 78.4,
            "eps_avg_yearly": 2.24,
            "eps_latest_yearly": 3.32,
            "eps_growth_yearly": 151.85
        },
        "20074": {
            "year_quarter": 20074,
            "year": 2007,
            "quarter": 4,
            "eps": 0.38,
            "eps_growth_year": -44.93,
            "eps_4q": 1.6,
            "eps_4q_growth_year": -9.28,
            "roe": 3.09,
            "roe_4q": 13.31,
            "gross_profit": 75021,
            "gross_margin": 8.07,
            "gross_margin_4q_avg": 7.9,
            "net_income": 37204,
            "revenue": 930110,
            "common_shares": 968500,
            "book_valuer_per_share": 12.4,
            "book_valuer_per_share_4q_avg": 12.29,
            "equity": 1200593,
            "current_ratio": 179.28,
            "debt_ratio": 46.46,
            "inventory_turnover_ratio": 1.72,
            "account_receivable_turnover_ratio": null,
            "reinvestment_rate": -13.08,
            "research_to_sale_ratio": null,
            "price_fair": 74.8,
            "eps_avg_yearly": 2.14,
            "eps_latest_yearly": 1.52,
            "eps_growth_yearly": 99.18
        },
        "20081": {
            "year_quarter": 20081,
            "year": 2008,
            "quarter": 1,
            "eps": 0.48,
            "eps_growth_year": null,
            "eps_4q": 2.55,
            "eps_4q_growth_year": 120.72,
            "roe": 3.82,
            "roe_4q": 20.85,
            "gross_profit": 101840,
            "gross_margin": 8.46,
            "gross_margin_4q_avg": 10.17,
            "net_income": 46822,
            "revenue": 1204080,
            "common_shares": 968500,
            "book_valuer_per_share": 12.94,
            "book_valuer_per_share_4q_avg": 12.44,
            "equity": 1252785,
            "current_ratio": 180.73,
            "debt_ratio": 43.52,
            "inventory_turnover_ratio": 2.26,
            "account_receivable_turnover_ratio": null,
            "reinvestment_rate": -6.63,
            "research_to_sale_ratio": null,
            "price_fair": 73.85,
            "eps_avg_yearly": 2.11,
            "eps_latest_yearly": 1.92,
            "eps_growth_yearly": 99.94
        },
        "20082": {
            "year_quarter": 20082,
            "year": 2008,
            "quarter": 2,
            "eps": 0.57,
            "eps_growth_year": -34.48,
            "eps_4q": 2.26,
            "eps_4q_growth_year": 39.9,
            "roe": 4.53,
            "roe_4q": 18.23,
            "gross_profit": 114202,
            "gross_margin": 8.86,
            "gross_margin_4q_avg": 9.04,
            "net_income": 55423,
            "revenue": 1289317,
            "common_shares": 968500,
            "book_valuer_per_share": 12.36,
            "book_valuer_per_share_4q_avg": 12.54,
            "equity": 1196792,
            "current_ratio": 158.22,
            "debt_ratio": 46.38,
            "inventory_turnover_ratio": 2.47,
            "account_receivable_turnover_ratio": null,
            "reinvestment_rate": -3.8,
            "research_to_sale_ratio": null,
            "price_fair": 74.51,
            "eps_avg_yearly": 2.13,
            "eps_latest_yearly": 2.28,
            "eps_growth_yearly": 97.17
        },
        "20083": {
            "year_quarter": 20083,
            "year": 2008,
            "quarter": 3,
            "eps": 0.2,
            "eps_growth_year": -75.9,
            "eps_4q": 1.65,
            "eps_4q_growth_year": -14.36,
            "roe": 1.62,
            "roe_4q": 13.06,
            "gross_profit": 71043,
            "gross_margin": 6.07,
            "gross_margin_4q_avg": 7.87,
            "net_income": 19246,
            "revenue": 1169935,
            "common_shares": 968500,
            "book_valuer_per_share": 12.15,
            "book_valuer_per_share_4q_avg": 12.46,
            "equity": 1176924,
            "current_ratio": 152,
            "debt_ratio": 46.53,
            "inventory_turnover_ratio": 2.15,
            "account_receivable_turnover_ratio": null,
            "reinvestment_rate": -2.98,
            "research_to_sale_ratio": null,
            "price_fair": 69.86,
            "eps_avg_yearly": 2,
            "eps_latest_yearly": 0.8,
            "eps_growth_yearly": 61.49
        },
        "20084": {
            "year_quarter": 20084,
            "year": 2008,
            "quarter": 4,
            "eps": -0.28,
            "eps_growth_year": -173.68,
            "eps_4q": 0.98,
            "eps_4q_growth_year": -38.59,
            "roe": -2.32,
            "roe_4q": 7.65,
            "gross_profit": -1180,
            "gross_margin": -0.13,
            "gross_margin_4q_avg": 5.82,
            "net_income": -26939,
            "revenue": 883896,
            "common_shares": 968500,
            "book_valuer_per_share": 11.78,
            "book_valuer_per_share_4q_avg": 12.31,
            "equity": 1140902,
            "current_ratio": 162.38,
            "debt_ratio": 40.72,
            "inventory_turnover_ratio": 1.91,
            "account_receivable_turnover_ratio": 4.79,
            "reinvestment_rate": -2.66,
            "research_to_sale_ratio": null,
            "price_fair": 65.64,
            "eps_avg_yearly": 1.88,
            "eps_latest_yearly": 0.8,
            "eps_growth_yearly": 50.54
        },
        "20091": {
            "year_quarter": 20091,
            "year": 2009,
            "quarter": 1,
            "eps": -0.16,
            "eps_growth_year": -133.33,
            "eps_4q": 0.34,
            "eps_4q_growth_year": -86.75,
            "roe": -1.32,
            "roe_4q": 2.5100000000000007,
            "gross_profit": 11917,
            "gross_margin": 1.88,
            "gross_margin_4q_avg": 4.17,
            "net_income": -15038,
            "revenue": 634775,
            "common_shares": 968500,
            "book_valuer_per_share": 11.69,
            "book_valuer_per_share_4q_avg": 12,
            "equity": 1132020,
            "current_ratio": 185.47,
            "debt_ratio": 34.62,
            "inventory_turnover_ratio": 1.81,
            "account_receivable_turnover_ratio": 1.84,
            "reinvestment_rate": 0.69,
            "research_to_sale_ratio": null,
            "price_fair": 65.64,
            "eps_avg_yearly": 1.88,
            "eps_latest_yearly": 0.8,
            "eps_growth_yearly": 50.54
        },
        "20092": {
            "year_quarter": 20092,
            "year": 2009,
            "quarter": 2,
            "eps": 0.44,
            "eps_growth_year": -22.81,
            "eps_4q": 0.21,
            "eps_4q_growth_year": -90.91,
            "roe": 3.71,
            "roe_4q": 1.69,
            "gross_profit": 65112,
            "gross_margin": 8.46,
            "gross_margin_4q_avg": 4.07,
            "net_income": 42649,
            "revenue": 769497,
            "common_shares": 968500,
            "book_valuer_per_share": 12.08,
            "book_valuer_per_share_4q_avg": 11.93,
            "equity": 1169841,
            "current_ratio": 166.6,
            "debt_ratio": 39.5,
            "inventory_turnover_ratio": 2.04,
            "account_receivable_turnover_ratio": 2.18,
            "reinvestment_rate": -0.13,
            "research_to_sale_ratio": null,
            "price_fair": 65.64,
            "eps_avg_yearly": 1.88,
            "eps_latest_yearly": 0.8,
            "eps_growth_yearly": 50.54
        },
        "20093": {
            "year_quarter": 20093,
            "year": 2009,
            "quarter": 3,
            "eps": 0.49,
            "eps_growth_year": 145,
            "eps_4q": 0.5,
            "eps_4q_growth_year": -69.87,
            "roe": 3.98,
            "roe_4q": 4.049999999999999,
            "gross_profit": 46581,
            "gross_margin": 5.13,
            "gross_margin_4q_avg": 3.84,
            "net_income": 47878,
            "revenue": 908568,
            "common_shares": 968500,
            "book_valuer_per_share": 12.77,
            "book_valuer_per_share_4q_avg": 12.08,
            "equity": 1236336,
            "current_ratio": 159.3,
            "debt_ratio": 43.43,
            "inventory_turnover_ratio": 1.62,
            "account_receivable_turnover_ratio": 2.61,
            "reinvestment_rate": -0.02,
            "research_to_sale_ratio": null,
            "price_fair": 65.94,
            "eps_avg_yearly": 1.88,
            "eps_latest_yearly": 1.96,
            "eps_growth_yearly": 50.03
        },
        "20094": {
            "year_quarter": 20094,
            "year": 2009,
            "quarter": 4,
            "eps": 0.86,
            "eps_growth_year": null,
            "eps_4q": 1.64,
            "eps_4q_growth_year": 66.89,
            "roe": 6.45,
            "roe_4q": 12.82,
            "gross_profit": 134791,
            "gross_margin": 8.81,
            "gross_margin_4q_avg": 6.07,
            "net_income": 82909,
            "revenue": 1530619,
            "common_shares": 968500,
            "book_valuer_per_share": 13.78,
            "book_valuer_per_share_4q_avg": 12.58,
            "equity": 1334146,
            "current_ratio": 208.34,
            "debt_ratio": 43.21,
            "inventory_turnover_ratio": 2.58,
            "account_receivable_turnover_ratio": 6.46,
            "reinvestment_rate": 27.26,
            "research_to_sale_ratio": null,
            "price_fair": 70.89,
            "eps_avg_yearly": 2.03,
            "eps_latest_yearly": 3.44,
            "eps_growth_yearly": 72.94
        },
        "20101": {
            "year_quarter": 20101,
            "year": 2010,
            "quarter": 1,
            "eps": 0.55,
            "eps_growth_year": null,
            "eps_4q": 2.34,
            "eps_4q_growth_year": 593.96,
            "roe": 3.91,
            "roe_4q": 18.05,
            "gross_profit": 99936,
            "gross_margin": 9.56,
            "gross_margin_4q_avg": 7.99,
            "net_income": 53435,
            "revenue": 1045541,
            "common_shares": 968500,
            "book_valuer_per_share": 14.46,
            "book_valuer_per_share_4q_avg": 13.27,
            "equity": 1400600,
            "current_ratio": 219.73,
            "debt_ratio": 41.28,
            "inventory_turnover_ratio": 2.23,
            "account_receivable_turnover_ratio": 1.99,
            "reinvestment_rate": 19.7,
            "research_to_sale_ratio": 0.12,
            "price_fair": 76.11,
            "eps_avg_yearly": 2.17,
            "eps_latest_yearly": 2.2,
            "eps_growth_yearly": 81.65
        },
        "20102": {
            "year_quarter": 20102,
            "year": 2010,
            "quarter": 2,
            "eps": 0.06,
            "eps_growth_year": -86.58,
            "eps_4q": 1.79,
            "eps_4q_growth_year": 770.24,
            "roe": 0.46,
            "roe_4q": 14.8,
            "gross_profit": 89443,
            "gross_margin": 10.07,
            "gross_margin_4q_avg": 8.39,
            "net_income": 6289,
            "revenue": 888060,
            "common_shares": 968500,
            "book_valuer_per_share": 14.02,
            "book_valuer_per_share_4q_avg": 13.76,
            "equity": 1358246,
            "current_ratio": 219.29,
            "debt_ratio": 40.27,
            "inventory_turnover_ratio": 1.61,
            "account_receivable_turnover_ratio": 1.85,
            "reinvestment_rate": 4.3,
            "research_to_sale_ratio": 0.15,
            "price_fair": 6.14,
            "eps_avg_yearly": 2.05,
            "eps_latest_yearly": 0.24,
            "eps_growth_yearly": -20.87
        },
        "20103": {
            "year_quarter": 20103,
            "year": 2010,
            "quarter": 3,
            "eps": 0.43,
            "eps_growth_year": -12.89,
            "eps_4q": 1.77,
            "eps_4q_growth_year": 255.36,
            "roe": 3.29,
            "roe_4q": 14.11,
            "gross_profit": 66823,
            "gross_margin": 7.02,
            "gross_margin_4q_avg": 8.87,
            "net_income": 45475,
            "revenue": 951310,
            "common_shares": 1065350,
            "book_valuer_per_share": 13.2,
            "book_valuer_per_share_4q_avg": 13.87,
            "equity": 1406425,
            "current_ratio": 225.28,
            "debt_ratio": 38.51,
            "inventory_turnover_ratio": 1.62,
            "account_receivable_turnover_ratio": 2.17,
            "reinvestment_rate": 37.22,
            "research_to_sale_ratio": 0.14,
            "price_fair": 70.51,
            "eps_avg_yearly": 2.01,
            "eps_latest_yearly": 1.72,
            "eps_growth_yearly": 193.61
        },
        "20104": {
            "year_quarter": 20104,
            "year": 2010,
            "quarter": 4,
            "eps": 0.74,
            "eps_growth_year": -13.68,
            "eps_4q": 1.73,
            "eps_4q_growth_year": 5.77,
            "roe": 5.48,
            "roe_4q": 13.14,
            "gross_profit": 103665,
            "gross_margin": 11.38,
            "gross_margin_4q_avg": 9.51,
            "net_income": 79086,
            "revenue": 911247,
            "common_shares": 1065350,
            "book_valuer_per_share": 13.87,
            "book_valuer_per_share_4q_avg": 13.89,
            "equity": 1477871,
            "current_ratio": 280.66,
            "debt_ratio": 30.65,
            "inventory_turnover_ratio": 1.58,
            "account_receivable_turnover_ratio": 2.31,
            "reinvestment_rate": 64.11,
            "research_to_sale_ratio": 0.09,
            "price_fair": 71.15,
            "eps_avg_yearly": 2.03,
            "eps_latest_yearly": 2.96,
            "eps_growth_yearly": 207.94
        },
        "20111": {
            "year_quarter": 20111,
            "year": 2011,
            "quarter": 1,
            "eps": 0.16,
            "eps_growth_year": -70.91,
            "eps_4q": 1.39,
            "eps_4q_growth_year": -40.81,
            "roe": 1.14,
            "roe_4q": 10.370000000000001,
            "gross_profit": 60435,
            "gross_margin": 6.17,
            "gross_margin_4q_avg": 8.66,
            "net_income": 16856,
            "revenue": 978725,
            "common_shares": 1065350,
            "book_valuer_per_share": 13.99,
            "book_valuer_per_share_4q_avg": 13.77,
            "equity": 1490027,
            "current_ratio": 192.89,
            "debt_ratio": 39.5,
            "inventory_turnover_ratio": 1.81,
            "account_receivable_turnover_ratio": 2.99,
            "reinvestment_rate": 33.9,
            "research_to_sale_ratio": 0.1,
            "price_fair": 67.08,
            "eps_avg_yearly": 1.92,
            "eps_latest_yearly": 0.64,
            "eps_growth_yearly": 164.49
        },
        "20112": {
            "year_quarter": 20112,
            "year": 2011,
            "quarter": 2,
            "eps": 0.3,
            "eps_growth_year": 410.66,
            "eps_4q": 1.57,
            "eps_4q_growth_year": -12.45,
            "roe": 2.34,
            "roe_4q": 12.25,
            "gross_profit": 57186,
            "gross_margin": 5.29,
            "gross_margin_4q_avg": 7.47,
            "net_income": 33721,
            "revenue": 1081374,
            "common_shares": 1065350,
            "book_valuer_per_share": 13.08,
            "book_valuer_per_share_4q_avg": 13.54,
            "equity": 1393593,
            "current_ratio": 150.15,
            "debt_ratio": 48.92,
            "inventory_turnover_ratio": 1.72,
            "account_receivable_turnover_ratio": 2.3,
            "reinvestment_rate": 20.55,
            "research_to_sale_ratio": 0.07,
            "price_fair": 65.15,
            "eps_avg_yearly": 1.86,
            "eps_latest_yearly": 1.2,
            "eps_growth_yearly": 178.76
        },
        "20113": {
            "year_quarter": 20113,
            "year": 2011,
            "quarter": 3,
            "eps": 0.36,
            "eps_growth_year": -15.75,
            "eps_4q": 1.52,
            "eps_4q_growth_year": -13.98,
            "roe": 2.86,
            "roe_4q": 11.82,
            "gross_profit": 78594,
            "gross_margin": 6.76,
            "gross_margin_4q_avg": 7.4,
            "net_income": 40229,
            "revenue": 1162775,
            "common_shares": 1118618,
            "book_valuer_per_share": 12.71,
            "book_valuer_per_share_4q_avg": 13.41,
            "equity": 1421968,
            "current_ratio": 171.56,
            "debt_ratio": 41.07,
            "inventory_turnover_ratio": 1.75,
            "account_receivable_turnover_ratio": 2.06,
            "reinvestment_rate": 33.37,
            "research_to_sale_ratio": 0.06,
            "price_fair": 60.09,
            "eps_avg_yearly": 1.72,
            "eps_latest_yearly": 1.44,
            "eps_growth_yearly": 186.32
        },
        "20114": {
            "year_quarter": 20114,
            "year": 2011,
            "quarter": 4,
            "eps": -0.29,
            "eps_growth_year": -139.57,
            "eps_4q": 0.52,
            "eps_4q_growth_year": -70.05,
            "roe": -2.34,
            "roe_4q": 4,
            "gross_profit": -12041,
            "gross_margin": -1.79,
            "gross_margin_4q_avg": 4.11,
            "net_income": -32861,
            "revenue": 673054,
            "common_shares": 1118618,
            "book_valuer_per_share": 12.45,
            "book_valuer_per_share_4q_avg": 13.06,
            "equity": 1392429,
            "current_ratio": 199.92,
            "debt_ratio": 41.69,
            "inventory_turnover_ratio": 1.34,
            "account_receivable_turnover_ratio": 1.47,
            "reinvestment_rate": 73.44,
            "research_to_sale_ratio": 0.07,
            "price_fair": 60.67,
            "eps_avg_yearly": 1.73,
            "eps_latest_yearly": 1.44,
            "eps_growth_yearly": 219.92
        },
        "20121": {
            "year_quarter": 20121,
            "year": 2012,
            "quarter": 1,
            "eps": 0.27,
            "eps_growth_year": 68.75,
            "eps_4q": 0.64,
            "eps_4q_growth_year": -53.73,
            "roe": 2.17,
            "roe_4q": 5.029999999999999,
            "gross_profit": 61731,
            "gross_margin": 6.43,
            "gross_margin_4q_avg": 4.17,
            "net_income": 30669,
            "revenue": 959652,
            "common_shares": 1118618,
            "book_valuer_per_share": 12.81,
            "book_valuer_per_share_4q_avg": 12.76,
            "equity": 1433333,
            "current_ratio": 183.95,
            "debt_ratio": 43.4,
            "inventory_turnover_ratio": 2.09,
            "account_receivable_turnover_ratio": 2.43,
            "reinvestment_rate": 54.23,
            "research_to_sale_ratio": 0.08,
            "price_fair": 60.07,
            "eps_avg_yearly": 1.72,
            "eps_latest_yearly": 1.44,
            "eps_growth_yearly": 230.35
        },
        "20122": {
            "year_quarter": 20122,
            "year": 2012,
            "quarter": 2,
            "eps": 0.34,
            "eps_growth_year": 14.42,
            "eps_4q": 0.68,
            "eps_4q_growth_year": -56.25,
            "roe": 2.71,
            "roe_4q": 5.4,
            "gross_profit": 79166,
            "gross_margin": 7.04,
            "gross_margin_4q_avg": 4.61,
            "net_income": 38584,
            "revenue": 1124509,
            "common_shares": 1118618,
            "book_valuer_per_share": 12.66,
            "book_valuer_per_share_4q_avg": 12.66,
            "equity": 1415994,
            "current_ratio": 165.19,
            "debt_ratio": 46.06,
            "inventory_turnover_ratio": 2.43,
            "account_receivable_turnover_ratio": 2.02,
            "reinvestment_rate": 77.86,
            "research_to_sale_ratio": 0.07,
            "price_fair": 57.15,
            "eps_avg_yearly": 1.63,
            "eps_latest_yearly": 1.36,
            "eps_growth_yearly": 232.96
        },
        "20123": {
            "year_quarter": 20123,
            "year": 2012,
            "quarter": 3,
            "eps": 0,
            "eps_growth_year": -98.98,
            "eps_4q": 0.33,
            "eps_4q_growth_year": -78.34,
            "roe": 0.03,
            "roe_4q": 2.5700000000000003,
            "gross_profit": 18065,
            "gross_margin": 1.78,
            "gross_margin_4q_avg": 3.37,
            "net_income": 410,
            "revenue": 1012184,
            "common_shares": 1118618,
            "book_valuer_per_share": 12.67,
            "book_valuer_per_share_4q_avg": 12.65,
            "equity": 1417478,
            "current_ratio": 187.38,
            "debt_ratio": 41.88,
            "inventory_turnover_ratio": 2.34,
            "account_receivable_turnover_ratio": 1.63,
            "reinvestment_rate": 85.67,
            "research_to_sale_ratio": 0.1,
            "price_fair": 60.06,
            "eps_avg_yearly": 1.72,
            "eps_latest_yearly": 1.36,
            "eps_growth_yearly": 282.22
        },
        "20124": {
            "year_quarter": 20124,
            "year": 2012,
            "quarter": 4,
            "eps": 0.14,
            "eps_growth_year": null,
            "eps_4q": 0.76,
            "eps_4q_growth_year": 47.35,
            "roe": 1.1,
            "roe_4q": 6.01,
            "gross_profit": 52167,
            "gross_margin": 7.31,
            "gross_margin_4q_avg": 5.64,
            "net_income": 15720,
            "revenue": 713717,
            "common_shares": 1118618,
            "book_valuer_per_share": 12.81,
            "book_valuer_per_share_4q_avg": 12.74,
            "equity": 1432580,
            "current_ratio": 155.91,
            "debt_ratio": 42.49,
            "inventory_turnover_ratio": 1.83,
            "account_receivable_turnover_ratio": 1.49,
            "reinvestment_rate": 77.64,
            "research_to_sale_ratio": 0.17,
            "price_fair": 60.06,
            "eps_avg_yearly": 1.72,
            "eps_latest_yearly": 1.36,
            "eps_growth_yearly": 282.22
        },
        "20131": {
            "year_quarter": 20131,
            "year": 2013,
            "quarter": 1,
            "eps": 0.07,
            "eps_growth_year": -74.07,
            "eps_4q": 0.56,
            "eps_4q_growth_year": -12.33,
            "roe": 0.57,
            "roe_4q": 4.41,
            "gross_profit": 35894,
            "gross_margin": 4.58,
            "gross_margin_4q_avg": 5.18,
            "net_income": 8195,
            "revenue": 784403,
            "common_shares": 1118618,
            "book_valuer_per_share": 12.99,
            "book_valuer_per_share_4q_avg": 12.78,
            "equity": 1452602,
            "current_ratio": 160.12,
            "debt_ratio": 39.88,
            "inventory_turnover_ratio": 2.27,
            "account_receivable_turnover_ratio": 1.77,
            "reinvestment_rate": 61.34,
            "research_to_sale_ratio": 0.13,
            "price_fair": 55.49,
            "eps_avg_yearly": 1.59,
            "eps_latest_yearly": 0.28,
            "eps_growth_yearly": 238.38
        },
        "20132": {
            "year_quarter": 20132,
            "year": 2013,
            "quarter": 2,
            "eps": 0.03,
            "eps_growth_year": -91.3,
            "eps_4q": 0.25,
            "eps_4q_growth_year": -63.49,
            "roe": 0.25,
            "roe_4q": 1.95,
            "gross_profit": 30275,
            "gross_margin": 4.52,
            "gross_margin_4q_avg": 4.55,
            "net_income": 3648,
            "revenue": 670476,
            "common_shares": 1118618,
            "book_valuer_per_share": 12.63,
            "book_valuer_per_share_4q_avg": 12.78,
            "equity": 1412795,
            "current_ratio": 119.12,
            "debt_ratio": 39.67,
            "inventory_turnover_ratio": 1.79,
            "account_receivable_turnover_ratio": 1.54,
            "reinvestment_rate": 70.86,
            "research_to_sale_ratio": 0.16,
            "price_fair": 51.22,
            "eps_avg_yearly": 1.46,
            "eps_latest_yearly": 0.12,
            "eps_growth_yearly": 199.47
        },
        "20133": {
            "year_quarter": 20133,
            "year": 2013,
            "quarter": 3,
            "eps": -0.03,
            "eps_growth_year": -918.55,
            "eps_4q": 0.22,
            "eps_4q_growth_year": -33.05,
            "roe": -0.21,
            "roe_4q": 1.71,
            "gross_profit": 17381,
            "gross_margin": 2.8,
            "gross_margin_4q_avg": 4.8,
            "net_income": -2925,
            "revenue": 620429,
            "common_shares": 1118618,
            "book_valuer_per_share": 12.6,
            "book_valuer_per_share_4q_avg": 12.76,
            "equity": 1409209,
            "current_ratio": 116.82,
            "debt_ratio": 38.39,
            "inventory_turnover_ratio": 1.58,
            "account_receivable_turnover_ratio": 1.86,
            "reinvestment_rate": 86.99,
            "research_to_sale_ratio": 0.19,
            "price_fair": 49.64,
            "eps_avg_yearly": 1.42,
            "eps_latest_yearly": 0.12,
            "eps_growth_yearly": 213.47
        },
        "20134": {
            "year_quarter": 20134,
            "year": 2013,
            "quarter": 4,
            "eps": 0.19,
            "eps_growth_year": 38.02,
            "eps_4q": 0.27,
            "eps_4q_growth_year": -64.15,
            "roe": 1.53,
            "roe_4q": 2.14,
            "gross_profit": 53810,
            "gross_margin": 6.53,
            "gross_margin_4q_avg": 4.61,
            "net_income": 21696,
            "revenue": 824368,
            "common_shares": 1118618,
            "book_valuer_per_share": 12.78,
            "book_valuer_per_share_4q_avg": 12.75,
            "equity": 1430121,
            "current_ratio": 120.2,
            "debt_ratio": 37.04,
            "inventory_turnover_ratio": 2.44,
            "account_receivable_turnover_ratio": 2.33,
            "reinvestment_rate": 23.66,
            "research_to_sale_ratio": 0.14,
            "price_fair": 42.56,
            "eps_avg_yearly": 1.22,
            "eps_latest_yearly": 0.12,
            "eps_growth_yearly": 204.61
        },
        "20141": {
            "year_quarter": 20141,
            "year": 2014,
            "quarter": 1,
            "eps": 0.32,
            "eps_growth_year": 357.14,
            "eps_4q": 0.52,
            "eps_4q_growth_year": -6.93,
            "roe": 2.49,
            "roe_4q": 4.0600000000000005,
            "gross_profit": 23321,
            "gross_margin": 3.58,
            "gross_margin_4q_avg": 4.36,
            "net_income": 36131,
            "revenue": 651927,
            "common_shares": 1118618,
            "book_valuer_per_share": 13.11,
            "book_valuer_per_share_4q_avg": 12.78,
            "equity": 1466609,
            "current_ratio": 145.5,
            "debt_ratio": 36.15,
            "inventory_turnover_ratio": 1.8,
            "account_receivable_turnover_ratio": 1.69,
            "reinvestment_rate": 26.74,
            "research_to_sale_ratio": 0.19,
            "price_fair": 39.34,
            "eps_avg_yearly": 1.12,
            "eps_latest_yearly": 1.28,
            "eps_growth_yearly": 246.4
        },
        "20142": {
            "year_quarter": 20142,
            "year": 2014,
            "quarter": 2,
            "eps": 0.27,
            "eps_growth_year": 800,
            "eps_4q": 0.76,
            "eps_4q_growth_year": 205.44,
            "roe": 2.08,
            "roe_4q": 5.890000000000001,
            "gross_profit": 60646,
            "gross_margin": 8.51,
            "gross_margin_4q_avg": 5.36,
            "net_income": 30538,
            "revenue": 712840,
            "common_shares": 1118618,
            "book_valuer_per_share": 13.09,
            "book_valuer_per_share_4q_avg": 12.9,
            "equity": 1464262,
            "current_ratio": 146.85,
            "debt_ratio": 36.09,
            "inventory_turnover_ratio": 1.53,
            "account_receivable_turnover_ratio": 1.91,
            "reinvestment_rate": 23.85,
            "research_to_sale_ratio": 0.17,
            "price_fair": 42.28,
            "eps_avg_yearly": 1.21,
            "eps_latest_yearly": 1.08,
            "eps_growth_yearly": 275.78
        },
        "20143": {
            "year_quarter": 20143,
            "year": 2014,
            "quarter": 3,
            "eps": 0.01,
            "eps_growth_year": null,
            "eps_4q": 0.8,
            "eps_4q_growth_year": 262.86,
            "roe": 0.07,
            "roe_4q": 6.170000000000001,
            "gross_profit": 17837,
            "gross_margin": 2.72,
            "gross_margin_4q_avg": 5.34,
            "net_income": 1036,
            "revenue": 656309,
            "common_shares": 1118618,
            "book_valuer_per_share": 13.09,
            "book_valuer_per_share_4q_avg": 13.02,
            "equity": 1463978,
            "current_ratio": 155.52,
            "debt_ratio": 33.82,
            "inventory_turnover_ratio": 1.71,
            "account_receivable_turnover_ratio": 1.72,
            "reinvestment_rate": -13.25,
            "research_to_sale_ratio": 0.17,
            "price_fair": 3.12,
            "eps_avg_yearly": 1.04,
            "eps_latest_yearly": 0.04,
            "eps_growth_yearly": -9.4
        },
        "20144": {
            "year_quarter": 20144,
            "year": 2014,
            "quarter": 4,
            "eps": 0.14,
            "eps_growth_year": -28.44,
            "eps_4q": 0.74,
            "eps_4q_growth_year": 171.87,
            "roe": 1.05,
            "roe_4q": 5.69,
            "gross_profit": 41283,
            "gross_margin": 5.84,
            "gross_margin_4q_avg": 5.16,
            "net_income": 15525,
            "revenue": 706959,
            "common_shares": 1118618,
            "book_valuer_per_share": 13.23,
            "book_valuer_per_share_4q_avg": 13.13,
            "equity": 1480103,
            "current_ratio": 155.6,
            "debt_ratio": 35.1,
            "inventory_turnover_ratio": 1.97,
            "account_receivable_turnover_ratio": 1.79,
            "reinvestment_rate": -62.94,
            "research_to_sale_ratio": 0.18,
            "price_fair": 28,
            "eps_avg_yearly": 0.8,
            "eps_latest_yearly": 0.56,
            "eps_growth_yearly": 481.76
        },
        "20151": {
            "year_quarter": 20151,
            "year": 2015,
            "quarter": 1,
            "eps": 0,
            "eps_growth_year": -100,
            "eps_4q": 0.42,
            "eps_4q_growth_year": -19.49,
            "roe": 0,
            "roe_4q": 3.2,
            "gross_profit": 35005,
            "gross_margin": 5.7,
            "gross_margin_4q_avg": 5.69,
            "net_income": 38,
            "revenue": 614192,
            "common_shares": 1118618,
            "book_valuer_per_share": 13.24,
            "book_valuer_per_share_4q_avg": 13.16,
            "equity": 1481605,
            "current_ratio": 127.81,
            "debt_ratio": 33.28,
            "inventory_turnover_ratio": 1.79,
            "account_receivable_turnover_ratio": 1.43,
            "reinvestment_rate": -21.27,
            "research_to_sale_ratio": 0.23,
            "price_fair": 28.62,
            "eps_avg_yearly": 0.82,
            "eps_latest_yearly": 0.56,
            "eps_growth_yearly": 570.13
        },
        "20152": {
            "year_quarter": 20152,
            "year": 2015,
            "quarter": 2,
            "eps": 0,
            "eps_growth_year": -100,
            "eps_4q": 0.15,
            "eps_4q_growth_year": -80,
            "roe": 0.03,
            "roe_4q": 1.1500000000000001,
            "gross_profit": 32413,
            "gross_margin": 5.62,
            "gross_margin_4q_avg": 4.97,
            "net_income": 488,
            "revenue": 576558,
            "common_shares": 1118618,
            "book_valuer_per_share": 12.94,
            "book_valuer_per_share_4q_avg": 13.13,
            "equity": 1447577,
            "current_ratio": 122.61,
            "debt_ratio": 34.59,
            "inventory_turnover_ratio": 1.42,
            "account_receivable_turnover_ratio": 1.68,
            "reinvestment_rate": -22.51,
            "research_to_sale_ratio": 0.21,
            "price_fair": 26.95,
            "eps_avg_yearly": 0.77,
            "eps_latest_yearly": 0.56,
            "eps_growth_yearly": 597.64
        },
        "20153": {
            "year_quarter": 20153,
            "year": 2015,
            "quarter": 3,
            "eps": 0.16,
            "eps_growth_year": 1500,
            "eps_4q": 0.3,
            "eps_4q_growth_year": -62.09,
            "roe": 1.23,
            "roe_4q": 2.31,
            "gross_profit": 48574,
            "gross_margin": 6.69,
            "gross_margin_4q_avg": 5.96,
            "net_income": 17838,
            "revenue": 726561,
            "common_shares": 1118618,
            "book_valuer_per_share": 13.09,
            "book_valuer_per_share_4q_avg": 13.13,
            "equity": 1464386,
            "current_ratio": 139.87,
            "debt_ratio": 36.72,
            "inventory_turnover_ratio": 1.69,
            "account_receivable_turnover_ratio": 1.97,
            "reinvestment_rate": -52.75,
            "research_to_sale_ratio": 0.18,
            "price_fair": 23.6,
            "eps_avg_yearly": 0.67,
            "eps_latest_yearly": 0.56,
            "eps_growth_yearly": 671.59
        },
        "20154": {
            "year_quarter": 20154,
            "year": 2015,
            "quarter": 4,
            "eps": -0.04,
            "eps_growth_year": -131.62,
            "eps_4q": 0.12,
            "eps_4q_growth_year": -83.83,
            "roe": -0.17,
            "roe_4q": 1.09,
            "gross_profit": 35722,
            "gross_margin": 7.49,
            "gross_margin_4q_avg": 6.38,
            "net_income": -2512,
            "revenue": 476636,
            "common_shares": 1118618,
            "book_valuer_per_share": 13.05,
            "book_valuer_per_share_4q_avg": 13.08,
            "equity": 1459999,
            "current_ratio": 153.6,
            "debt_ratio": 32.93,
            "inventory_turnover_ratio": 1.14,
            "account_receivable_turnover_ratio": 1.27,
            "reinvestment_rate": -112.86,
            "research_to_sale_ratio": 0.25,
            "price_fair": 23.6,
            "eps_avg_yearly": 0.67,
            "eps_latest_yearly": 0.56,
            "eps_growth_yearly": 671.59
        },
        "20161": {
            "year_quarter": 20161,
            "year": 2016,
            "quarter": 1,
            "eps": -0.09,
            "eps_growth_year": null,
            "eps_4q": 0.03,
            "eps_4q_growth_year": -92.14,
            "roe": -0.67,
            "roe_4q": 0.41999999999999993,
            "gross_profit": 26164,
            "gross_margin": 5.05,
            "gross_margin_4q_avg": 6.21,
            "net_income": -9711,
            "revenue": 518388,
            "common_shares": 1118618,
            "book_valuer_per_share": 12.97,
            "book_valuer_per_share_4q_avg": 13.01,
            "equity": 1450827,
            "current_ratio": 155.23,
            "debt_ratio": 31.74,
            "inventory_turnover_ratio": 1.31,
            "account_receivable_turnover_ratio": 1.72,
            "reinvestment_rate": -103.07,
            "research_to_sale_ratio": 0.23,
            "price_fair": 23.6,
            "eps_avg_yearly": 0.67,
            "eps_latest_yearly": 0.56,
            "eps_growth_yearly": 671.59
        },
        "20162": {
            "year_quarter": 20162,
            "year": 2016,
            "quarter": 2,
            "eps": 0.28,
            "eps_growth_year": null,
            "eps_4q": 0.31,
            "eps_4q_growth_year": 100.59,
            "roe": 2.14,
            "roe_4q": 2.5300000000000002,
            "gross_profit": 74131,
            "gross_margin": 13.65,
            "gross_margin_4q_avg": 8.22,
            "net_income": 31056,
            "revenue": 543181,
            "common_shares": 1118618,
            "book_valuer_per_share": 12.95,
            "book_valuer_per_share_4q_avg": 13.02,
            "equity": 1448245,
            "current_ratio": 138.35,
            "debt_ratio": 37.84,
            "inventory_turnover_ratio": 1.12,
            "account_receivable_turnover_ratio": 1.6,
            "reinvestment_rate": -138.12,
            "research_to_sale_ratio": 0.26,
            "price_fair": 19.6,
            "eps_avg_yearly": 0.56,
            "eps_latest_yearly": 0.56,
            "eps_growth_yearly": 766.24
        },
        "20163": {
            "year_quarter": 20163,
            "year": 2016,
            "quarter": 3,
            "eps": 0.28,
            "eps_growth_year": 75,
            "eps_4q": 0.42,
            "eps_4q_growth_year": 39.43,
            "roe": 2.11,
            "roe_4q": 3.41,
            "gross_profit": 67937,
            "gross_margin": 10.61,
            "gross_margin_4q_avg": 9.2,
            "net_income": 30816,
            "revenue": 640304,
            "common_shares": 1118618,
            "book_valuer_per_share": 13.22,
            "book_valuer_per_share_4q_avg": 13.05,
            "equity": 1478745,
            "current_ratio": 149.2,
            "debt_ratio": 35.09,
            "inventory_turnover_ratio": 1.21,
            "account_receivable_turnover_ratio": 1.84,
            "reinvestment_rate": -116.94,
            "research_to_sale_ratio": 0.19,
            "price_fair": 22.4,
            "eps_avg_yearly": 0.64,
            "eps_latest_yearly": 1.12,
            "eps_growth_yearly": 656.78
        },
        "20164": {
            "year_quarter": 20164,
            "year": 2016,
            "quarter": 4,
            "eps": 0.37,
            "eps_growth_year": null,
            "eps_4q": 0.84,
            "eps_4q_growth_year": 598.92,
            "roe": 2.8,
            "roe_4q": 6.380000000000001,
            "gross_profit": 88021,
            "gross_margin": 13.51,
            "gross_margin_4q_avg": 10.71,
            "net_income": 41878,
            "revenue": 651605,
            "common_shares": 1118618,
            "book_valuer_per_share": 13.53,
            "book_valuer_per_share_4q_avg": 13.17,
            "equity": 1513930,
            "current_ratio": 174.02,
            "debt_ratio": 30.54,
            "inventory_turnover_ratio": 1.48,
            "account_receivable_turnover_ratio": 1.78,
            "reinvestment_rate": -103.84,
            "research_to_sale_ratio": 0.19,
            "price_fair": 26.08,
            "eps_avg_yearly": 0.75,
            "eps_latest_yearly": 1.48,
            "eps_growth_yearly": 590.75
        },
        "20171": {
            "year_quarter": 20171,
            "year": 2017,
            "quarter": 1,
            "eps": 0.06,
            "eps_growth_year": null,
            "eps_4q": 0.99,
            "eps_4q_growth_year": 2874.06,
            "roe": 0.43,
            "roe_4q": 7.48,
            "gross_profit": 41103,
            "gross_margin": 8.42,
            "gross_margin_4q_avg": 11.55,
            "net_income": 6468,
            "revenue": 488267,
            "common_shares": 1118618,
            "book_valuer_per_share": 13.6,
            "book_valuer_per_share_4q_avg": 13.33,
            "equity": 1520965,
            "current_ratio": 196.54,
            "debt_ratio": 27.07,
            "inventory_turnover_ratio": 1.34,
            "account_receivable_turnover_ratio": 1.49,
            "reinvestment_rate": -85.53,
            "research_to_sale_ratio": 0.25,
            "price_fair": 25.9,
            "eps_avg_yearly": 0.74,
            "eps_latest_yearly": 0.24,
            "eps_growth_yearly": 573.86
        },
        "20172": {
            "year_quarter": 20172,
            "year": 2017,
            "quarter": 2,
            "eps": 0.42,
            "eps_growth_year": 50,
            "eps_4q": 1.12,
            "eps_4q_growth_year": 266.51,
            "roe": 3.06,
            "roe_4q": 8.4,
            "gross_profit": 73547,
            "gross_margin": 10.1,
            "gross_margin_4q_avg": 10.66,
            "net_income": 46454,
            "revenue": 727838,
            "common_shares": 1118618,
            "book_valuer_per_share": 13.51,
            "book_valuer_per_share_4q_avg": 13.47,
            "equity": 1510858,
            "current_ratio": 164.87,
            "debt_ratio": 32.88,
            "inventory_turnover_ratio": 1.9,
            "account_receivable_turnover_ratio": 2.18,
            "reinvestment_rate": -76.84,
            "research_to_sale_ratio": 0.15,
            "price_fair": 32.73,
            "eps_avg_yearly": 0.94,
            "eps_latest_yearly": 1.68,
            "eps_growth_yearly": 902.43
        },
        "20173": {
            "year_quarter": 20173,
            "year": 2017,
            "quarter": 3,
            "eps": 0.47,
            "eps_growth_year": 67.86,
            "eps_4q": 1.32,
            "eps_4q_growth_year": 211.47,
            "roe": 3.42,
            "roe_4q": 9.71,
            "gross_profit": 76239,
            "gross_margin": 10.32,
            "gross_margin_4q_avg": 10.59,
            "net_income": 52377,
            "revenue": 738946,
            "common_shares": 1118618,
            "book_valuer_per_share": 13.88,
            "book_valuer_per_share_4q_avg": 13.63,
            "equity": 1552481,
            "current_ratio": 247.78,
            "debt_ratio": 26.01,
            "inventory_turnover_ratio": 1.61,
            "account_receivable_turnover_ratio": 2.13,
            "reinvestment_rate": -107.34,
            "research_to_sale_ratio": 0.17,
            "price_fair": 36.4,
            "eps_avg_yearly": 1.04,
            "eps_latest_yearly": 1.88,
            "eps_growth_yearly": 807.45
        },
        "20174": {
            "year_quarter": 20174,
            "year": 2017,
            "quarter": 4,
            "eps": 0.37,
            "eps_growth_year": -0.96,
            "eps_4q": 1.31,
            "eps_4q_growth_year": 56.08,
            "roe": 2.64,
            "roe_4q": 9.55,
            "gross_profit": 78206,
            "gross_margin": 9.97,
            "gross_margin_4q_avg": 9.7,
            "net_income": 41475,
            "revenue": 784060,
            "common_shares": 1118618,
            "book_valuer_per_share": 14.25,
            "book_valuer_per_share_4q_avg": 13.81,
            "equity": 1593719,
            "current_ratio": 203.82,
            "debt_ratio": 32.25,
            "inventory_turnover_ratio": 1.38,
            "account_receivable_turnover_ratio": 2.14,
            "reinvestment_rate": -103.75,
            "research_to_sale_ratio": 0.12,
            "price_fair": 37.94,
            "eps_avg_yearly": 1.08,
            "eps_latest_yearly": 1.48,
            "eps_growth_yearly": 718.19
        },
        "20181": {
            "year_quarter": 20181,
            "year": 2018,
            "quarter": 1,
            "eps": 0.28,
            "eps_growth_year": 366.67,
            "eps_4q": 1.54,
            "eps_4q_growth_year": 55.8,
            "roe": 1.95,
            "roe_4q": 11.07,
            "gross_profit": 63543,
            "gross_margin": 8.16,
            "gross_margin_4q_avg": 9.64,
            "net_income": 31412,
            "revenue": 778839,
            "common_shares": 1118618,
            "book_valuer_per_share": 14.58,
            "book_valuer_per_share_4q_avg": 14.06,
            "equity": 1631488,
            "current_ratio": 212.46,
            "debt_ratio": 29.96,
            "inventory_turnover_ratio": 1.21,
            "account_receivable_turnover_ratio": 2.08,
            "reinvestment_rate": -106.14,
            "research_to_sale_ratio": 0.13,
            "price_fair": 37.38,
            "eps_avg_yearly": 1.07,
            "eps_latest_yearly": 1.12,
            "eps_growth_yearly": 681.1
        },
        "20182": {
            "year_quarter": 20182,
            "year": 2018,
            "quarter": 2,
            "eps": 0.47,
            "eps_growth_year": 11.9,
            "eps_4q": 1.59,
            "eps_4q_growth_year": 41.39,
            "roe": 3.26,
            "roe_4q": 11.27,
            "gross_profit": 97588,
            "gross_margin": 10.25,
            "gross_margin_4q_avg": 9.68,
            "net_income": 52350,
            "revenue": 952424,
            "common_shares": 1118618,
            "book_valuer_per_share": 14.15,
            "book_valuer_per_share_4q_avg": 14.22,
            "equity": 1582566,
            "current_ratio": 163.72,
            "debt_ratio": 39.34,
            "inventory_turnover_ratio": 1.31,
            "account_receivable_turnover_ratio": 2.23,
            "reinvestment_rate": -98.77,
            "research_to_sale_ratio": 0.1,
            "price_fair": 40.18,
            "eps_avg_yearly": 1.15,
            "eps_latest_yearly": 1.88,
            "eps_growth_yearly": 714.49
        },
        "20183": {
            "year_quarter": 20183,
            "year": 2018,
            "quarter": 3,
            "eps": 0.63,
            "eps_growth_year": 34.04,
            "eps_4q": 1.75,
            "eps_4q_growth_year": 33.21,
            "roe": 4.4,
            "roe_4q": 12.25,
            "gross_profit": 107810,
            "gross_margin": 12.86,
            "gross_margin_4q_avg": 10.31,
            "net_income": 70812,
            "revenue": 838103,
            "common_shares": 1118618,
            "book_valuer_per_share": 14.65,
            "book_valuer_per_share_4q_avg": 14.41,
            "equity": 1638319,
            "current_ratio": 178.02,
            "debt_ratio": 37.01,
            "inventory_turnover_ratio": 1.07,
            "account_receivable_turnover_ratio": 1.51,
            "reinvestment_rate": -81.76,
            "research_to_sale_ratio": 0.14,
            "price_fair": 48.86,
            "eps_avg_yearly": 1.4,
            "eps_latest_yearly": 2.52,
            "eps_growth_yearly": 766.63
        },
        "20184": {
            "year_quarter": 20184,
            "year": 2018,
            "quarter": 4,
            "eps": 0.38,
            "eps_growth_year": 1.34,
            "eps_4q": 1.76,
            "eps_4q_growth_year": 33.95,
            "roe": 2.55,
            "roe_4q": 12.16,
            "gross_profit": 73778,
            "gross_margin": 9.23,
            "gross_margin_4q_avg": 10.13,
            "net_income": 42031,
            "revenue": 799694,
            "common_shares": 1118618,
            "book_valuer_per_share": 14.87,
            "book_valuer_per_share_4q_avg": 14.56,
            "equity": 1663776,
            "current_ratio": 196.9,
            "debt_ratio": 31.59,
            "inventory_turnover_ratio": 1.18,
            "account_receivable_turnover_ratio": 1.62,
            "reinvestment_rate": -86.23,
            "research_to_sale_ratio": 0.12,
            "price_fair": 52.22,
            "eps_avg_yearly": 1.49,
            "eps_latest_yearly": 1.52,
            "eps_growth_yearly": 230.75
        },
        "20191": {
            "year_quarter": 20191,
            "year": 2019,
            "quarter": 1,
            "eps": 0.23,
            "eps_growth_year": -17.86,
            "eps_4q": 1.71,
            "eps_4q_growth_year": 11.17,
            "roe": 1.52,
            "roe_4q": 11.73,
            "gross_profit": 58412,
            "gross_margin": 9.38,
            "gross_margin_4q_avg": 10.43,
            "net_income": 25703,
            "revenue": 622761,
            "common_shares": 1118618,
            "book_valuer_per_share": 15.26,
            "book_valuer_per_share_4q_avg": 14.73,
            "equity": 1707030,
            "current_ratio": 236.79,
            "debt_ratio": 28.19,
            "inventory_turnover_ratio": 1,
            "account_receivable_turnover_ratio": 1.57,
            "reinvestment_rate": -79.82,
            "research_to_sale_ratio": 0.4,
            "price_fair": 50.4,
            "eps_avg_yearly": 1.44,
            "eps_latest_yearly": 0.92,
            "eps_growth_yearly": 195.42
        },
        "20192": {
            "year_quarter": 20192,
            "year": 2019,
            "quarter": 2,
            "eps": 0.53,
            "eps_growth_year": 12.77,
            "eps_4q": 1.77,
            "eps_4q_growth_year": 11.54,
            "roe": 3.58,
            "roe_4q": 12.05,
            "gross_profit": 99569,
            "gross_margin": 13.66,
            "gross_margin_4q_avg": 11.28,
            "net_income": 59558,
            "revenue": 729131,
            "common_shares": 1118618,
            "book_valuer_per_share": 14.48,
            "book_valuer_per_share_4q_avg": 14.82,
            "equity": 1619345,
            "current_ratio": 174.13,
            "debt_ratio": 37.34,
            "inventory_turnover_ratio": 1.02,
            "account_receivable_turnover_ratio": 1.68,
            "reinvestment_rate": -66.21,
            "research_to_sale_ratio": 0.16,
            "price_fair": 52.38,
            "eps_avg_yearly": 1.5,
            "eps_latest_yearly": 2.12,
            "eps_growth_yearly": 222.61
        },
        "20193": {
            "year_quarter": 20193,
            "year": 2019,
            "quarter": 3,
            "eps": 0.56,
            "eps_growth_year": -11.11,
            "eps_4q": 1.7,
            "eps_4q_growth_year": -2.85,
            "roe": 3.83,
            "roe_4q": 11.48,
            "gross_profit": 105753,
            "gross_margin": 13.04,
            "gross_margin_4q_avg": 11.33,
            "net_income": 63165,
            "revenue": 810844,
            "common_shares": 1118618,
            "book_valuer_per_share": 15.04,
            "book_valuer_per_share_4q_avg": 14.91,
            "equity": 1681996,
            "current_ratio": 212.14,
            "debt_ratio": 35.61,
            "inventory_turnover_ratio": 1.02,
            "account_receivable_turnover_ratio": 1.74,
            "reinvestment_rate": -60.8,
            "research_to_sale_ratio": 0.37,
            "price_fair": 54.38,
            "eps_avg_yearly": 1.55,
            "eps_latest_yearly": 2.24,
            "eps_growth_yearly": 207.23
        },
        "20194": {
            "year_quarter": 20194,
            "year": 2019,
            "quarter": 4,
            "eps": 0.86,
            "eps_growth_year": 128.16,
            "eps_4q": 2.18,
            "eps_4q_growth_year": 24.27,
            "roe": 5.49,
            "roe_4q": 14.42,
            "gross_profit": 163616,
            "gross_margin": 16.62,
            "gross_margin_4q_avg": 13.18,
            "net_income": 95897,
            "revenue": 984558,
            "common_shares": 1118618,
            "book_valuer_per_share": 16.18,
            "book_valuer_per_share_4q_avg": 15.24,
            "equity": 1809879,
            "current_ratio": 215.82,
            "debt_ratio": 35.35,
            "inventory_turnover_ratio": 1.16,
            "account_receivable_turnover_ratio": 1.86,
            "reinvestment_rate": -48.3,
            "research_to_sale_ratio": 0.21,
            "price_fair": 59.1,
            "eps_avg_yearly": 1.69,
            "eps_latest_yearly": 3.44,
            "eps_growth_yearly": 207.74
        },
        "20201": {
            "year_quarter": 20201,
            "year": 2020,
            "quarter": 1,
            "eps": 0.18,
            "eps_growth_year": -21.74,
            "eps_4q": 2.13,
            "eps_4q_growth_year": 25.05,
            "roe": 1.12,
            "roe_4q": 14.020000000000001,
            "gross_profit": 60491,
            "gross_margin": 10.86,
            "gross_margin_4q_avg": 13.55,
            "net_income": 20102,
            "revenue": 556778,
            "common_shares": 1118618,
            "book_valuer_per_share": 16.01,
            "book_valuer_per_share_4q_avg": 15.43,
            "equity": 1791376,
            "current_ratio": 176.4,
            "debt_ratio": 36.43,
            "inventory_turnover_ratio": 0.63,
            "account_receivable_turnover_ratio": 1.05,
            "reinvestment_rate": -45.66,
            "research_to_sale_ratio": 0.31,
            "price_fair": 56.84,
            "eps_avg_yearly": 1.62,
            "eps_latest_yearly": 0.72,
            "eps_growth_yearly": 172.8
        },
        "20202": {
            "year_quarter": 20202,
            "year": 2020,
            "quarter": 2,
            "eps": 0.63,
            "eps_growth_year": 18.87,
            "eps_4q": 2.09,
            "eps_4q_growth_year": 17.97,
            "roe": 4.33,
            "roe_4q": 14.770000000000001,
            "gross_profit": 132354,
            "gross_margin": 16.27,
            "gross_margin_4q_avg": 14.2,
            "net_income": 77909,
            "revenue": 813693,
            "common_shares": 1118618,
            "book_valuer_per_share": 16.14,
            "book_valuer_per_share_4q_avg": 15.84,
            "equity": 1805408,
            "current_ratio": 172.58,
            "debt_ratio": 36.28,
            "inventory_turnover_ratio": 0.78,
            "account_receivable_turnover_ratio": 1.93,
            "reinvestment_rate": -40.77,
            "research_to_sale_ratio": 0.2,
            "price_fair": 58.8,
            "eps_avg_yearly": 1.68,
            "eps_latest_yearly": 2.52,
            "eps_growth_yearly": 224.5
        },
        "20203": {
            "year_quarter": 20203,
            "year": 2020,
            "quarter": 3,
            "eps": 0.95,
            "eps_growth_year": 69.64,
            "eps_4q": 2.52,
            "eps_4q_growth_year": 48.24,
            "roe": 6.29,
            "roe_4q": 17.230000000000004,
            "gross_profit": 174223,
            "gross_margin": 18.63,
            "gross_margin_4q_avg": 15.6,
            "net_income": 116659,
            "revenue": 935320,
            "common_shares": 1230480,
            "book_valuer_per_share": 15.47,
            "book_valuer_per_share_4q_avg": 15.95,
            "equity": 1903526,
            "current_ratio": 172.05,
            "debt_ratio": 42.16,
            "inventory_turnover_ratio": 0.93,
            "account_receivable_turnover_ratio": 2.01,
            "reinvestment_rate": 14.05,
            "research_to_sale_ratio": 0.26,
            "price_fair": 64.66,
            "eps_avg_yearly": 1.85,
            "eps_latest_yearly": 3.8,
            "eps_growth_yearly": 237.2
        },
        "20204": {
            "year_quarter": 20204,
            "year": 2020,
            "quarter": 4,
            "eps": 0.93,
            "eps_growth_year": 8.15,
            "eps_4q": 2.67,
            "eps_4q_growth_year": 22.32,
            "roe": 5.8,
            "roe_4q": 17.540000000000003,
            "gross_profit": 175572,
            "gross_margin": 20.41,
            "gross_margin_4q_avg": 16.54,
            "net_income": 114080,
            "revenue": 860186,
            "common_shares": 1230480,
            "book_valuer_per_share": 16.5,
            "book_valuer_per_share_4q_avg": 16.03,
            "equity": 2029888,
            "current_ratio": 166.77,
            "debt_ratio": 40.6,
            "inventory_turnover_ratio": 0.85,
            "account_receivable_turnover_ratio": 1.47,
            "reinvestment_rate": 15.29,
            "research_to_sale_ratio": 0.2,
            "price_fair": 69.56,
            "eps_avg_yearly": 1.99,
            "eps_latest_yearly": 3.72,
            "eps_growth_yearly": 228.64
        },
        "20211": {
            "year_quarter": 20211,
            "year": 2021,
            "quarter": 1,
            "eps": 0.36,
            "eps_growth_year": 100,
            "eps_4q": 2.87,
            "eps_4q_growth_year": 34.59,
            "roe": 2.17,
            "roe_4q": 18.59,
            "gross_profit": 91799,
            "gross_margin": 11.67,
            "gross_margin_4q_avg": 16.75,
            "net_income": 44787,
            "revenue": 786897,
            "common_shares": 1230480,
            "book_valuer_per_share": 17,
            "book_valuer_per_share_4q_avg": 16.28,
            "equity": 2091636,
            "current_ratio": 160.04,
            "debt_ratio": 42.81,
            "inventory_turnover_ratio": 0.81,
            "account_receivable_turnover_ratio": 1.22,
            "reinvestment_rate": 15.47,
            "research_to_sale_ratio": 0.26,
            "price_fair": 72.19,
            "eps_avg_yearly": 2.06,
            "eps_latest_yearly": 1.44,
            "eps_growth_yearly": 234.26
        },
        "20212": {
            "year_quarter": 20212,
            "year": 2021,
            "quarter": 2,
            "eps": 1.66,
            "eps_growth_year": 163.49,
            "eps_4q": 3.89,
            "eps_4q_growth_year": 86.42,
            "roe": 9.4,
            "roe_4q": 23.66,
            "gross_profit": 280296,
            "gross_margin": 19.09,
            "gross_margin_4q_avg": 17.45,
            "net_income": 203716,
            "revenue": 1468092,
            "common_shares": 1230480,
            "book_valuer_per_share": 18.21,
            "book_valuer_per_share_4q_avg": 16.8,
            "equity": 2241101,
            "current_ratio": 164.25,
            "debt_ratio": 34.8,
            "inventory_turnover_ratio": 1.61,
            "account_receivable_turnover_ratio": 2.46,
            "reinvestment_rate": 16.29,
            "research_to_sale_ratio": 0.15,
            "price_fair": 83.04,
            "eps_avg_yearly": 2.37,
            "eps_latest_yearly": 6.64,
            "eps_growth_yearly": 174.54
        },
        "20213": {
            "year_quarter": 20213,
            "year": 2021,
            "quarter": 3,
            "eps": 0.47,
            "eps_growth_year": -50.53,
            "eps_4q": 3.1,
            "eps_4q_growth_year": 22.92,
            "roe": 2.87,
            "roe_4q": 20.24,
            "gross_profit": 106153,
            "gross_margin": 9.56,
            "gross_margin_4q_avg": 15.18,
            "net_income": 64988,
            "revenue": 1110723,
            "common_shares": 1378138,
            "book_valuer_per_share": 16.58,
            "book_valuer_per_share_4q_avg": 17.07,
            "equity": 2285189,
            "current_ratio": 164.84,
            "debt_ratio": 37.29,
            "inventory_turnover_ratio": 1.84,
            "account_receivable_turnover_ratio": 1.73,
            "reinvestment_rate": 31.21,
            "research_to_sale_ratio": 0.19,
            "price_fair": 83.04,
            "eps_avg_yearly": 2.37,
            "eps_latest_yearly": 1.88,
            "eps_growth_yearly": 153.64
        },
        "20214": {
            "year_quarter": 20214,
            "year": 2021,
            "quarter": 4,
            "eps": 1,
            "eps_growth_year": 7.86,
            "eps_4q": 3.27,
            "eps_4q_growth_year": 22.57,
            "roe": 5.8,
            "roe_4q": 20.240000000000002,
            "gross_profit": 179017,
            "gross_margin": 15.45,
            "gross_margin_4q_avg": 13.94,
            "net_income": 137807,
            "revenue": 1158856,
            "common_shares": 1378138,
            "book_valuer_per_share": 17.88,
            "book_valuer_per_share_4q_avg": 17.42,
            "equity": 2464583,
            "current_ratio": 198.3,
            "debt_ratio": 30.53,
            "inventory_turnover_ratio": 2.1,
            "account_receivable_turnover_ratio": 1.67,
            "reinvestment_rate": 30.37,
            "research_to_sale_ratio": 0.15,
            "price_fair": 88.55,
            "eps_avg_yearly": 2.53,
            "eps_latest_yearly": 4,
            "eps_growth_yearly": 187.15
        },
        "20221": {
            "year_quarter": 20221,
            "year": 2022,
            "quarter": 1,
            "eps": 0.78,
            "eps_growth_year": 116.67,
            "eps_4q": 3.73,
            "eps_4q_growth_year": 29.89,
            "roe": 4.25,
            "roe_4q": 22.32,
            "gross_profit": 129784,
            "gross_margin": 12.67,
            "gross_margin_4q_avg": 14.19,
            "net_income": 107667,
            "revenue": 1024546,
            "common_shares": 1378138,
            "book_valuer_per_share": 18.87,
            "book_valuer_per_share_4q_avg": 17.89,
            "equity": 2600376,
            "current_ratio": 193.89,
            "debt_ratio": 32.61,
            "inventory_turnover_ratio": 1.95,
            "account_receivable_turnover_ratio": 1.48,
            "reinvestment_rate": 33.91,
            "research_to_sale_ratio": 0.26,
            "price_fair": 92.93,
            "eps_avg_yearly": 2.66,
            "eps_latest_yearly": 3.12,
            "eps_growth_yearly": 187.73
        },
        "20222": {
            "year_quarter": 20222,
            "year": 2022,
            "quarter": 2,
            "eps": 0.62,
            "eps_growth_year": -62.65,
            "eps_4q": 2.66,
            "eps_4q_growth_year": -31.63,
            "roe": 3.49,
            "roe_4q": 16.41,
            "gross_profit": 151005,
            "gross_margin": 14.47,
            "gross_margin_4q_avg": 13.04,
            "net_income": 85856,
            "revenue": 1043839,
            "common_shares": 1378138,
            "book_valuer_per_share": 16.88,
            "book_valuer_per_share_4q_avg": 17.55,
            "equity": 2326431,
            "current_ratio": 181.22,
            "debt_ratio": 33.3,
            "inventory_turnover_ratio": 1.54,
            "account_receivable_turnover_ratio": 1.78,
            "reinvestment_rate": 34.98,
            "research_to_sale_ratio": 0.25,
            "price_fair": 94.24,
            "eps_avg_yearly": 2.69,
            "eps_latest_yearly": 2.48,
            "eps_growth_yearly": 165.64
        },
        "20223": {
            "year_quarter": 20223,
            "year": 2022,
            "quarter": 3,
            "eps": 0.47,
            "eps_growth_year": 0,
            "eps_4q": 2.7,
            "eps_4q_growth_year": -12.98,
            "roe": 3.01,
            "roe_4q": 16.55,
            "gross_profit": 120556,
            "gross_margin": 11.78,
            "gross_margin_4q_avg": 13.59,
            "net_income": 70521,
            "revenue": 1023041,
            "common_shares": 1488389,
            "book_valuer_per_share": 15.87,
            "book_valuer_per_share_4q_avg": 17.38,
            "equity": 2362545,
            "current_ratio": 189.42,
            "debt_ratio": 32.1,
            "inventory_turnover_ratio": 1.38,
            "account_receivable_turnover_ratio": 2,
            "reinvestment_rate": 36.49,
            "research_to_sale_ratio": 0.21,
            "price_fair": 92.84,
            "eps_avg_yearly": 2.65,
            "eps_latest_yearly": 1.88,
            "eps_growth_yearly": 151.08
        },
        "20224": {
            "year_quarter": 20224,
            "year": 2022,
            "quarter": 4,
            "eps": 1.13,
            "eps_growth_year": 12.55,
            "eps_4q": 2.9,
            "eps_4q_growth_year": -11.46,
            "roe": 6.81,
            "roe_4q": 17.560000000000002,
            "gross_profit": 248501,
            "gross_margin": 18.53,
            "gross_margin_4q_avg": 14.36,
            "net_income": 167516,
            "revenue": 1341377,
            "common_shares": 1488389,
            "book_valuer_per_share": 17.2,
            "book_valuer_per_share_4q_avg": 17.21,
            "equity": 2560653,
            "current_ratio": 195.46,
            "debt_ratio": 31.6,
            "inventory_turnover_ratio": 1.77,
            "account_receivable_turnover_ratio": 1.92,
            "reinvestment_rate": 40.94,
            "research_to_sale_ratio": 0.12,
            "price_fair": 99.4,
            "eps_avg_yearly": 2.84,
            "eps_latest_yearly": 4.52,
            "eps_growth_yearly": 196.11
        },
        "20231": {
            "year_quarter": 20231,
            "year": 2023,
            "quarter": 1,
            "eps": 0.67,
            "eps_growth_year": -14.1,
            "eps_4q": 2.85,
            "eps_4q_growth_year": -23.74,
            "roe": 3.78,
            "roe_4q": 17.09,
            "gross_profit": 168806,
            "gross_margin": 15.82,
            "gross_margin_4q_avg": 15.15,
            "net_income": 99613,
            "revenue": 1067273,
            "common_shares": 1488389,
            "book_valuer_per_share": 18.18,
            "book_valuer_per_share_4q_avg": 17.03,
            "equity": 2705303,
            "current_ratio": 196.03,
            "debt_ratio": 32.1,
            "inventory_turnover_ratio": 1.39,
            "account_receivable_turnover_ratio": 1.26,
            "reinvestment_rate": 39.12,
            "research_to_sale_ratio": 0.22,
            "price_fair": 103.25,
            "eps_avg_yearly": 2.95,
            "eps_latest_yearly": 2.68,
            "eps_growth_yearly": 195.8
        }
    },
    "months": {
        "2001-06": {
            "month": "2001-06",
            "price": "5.54",
            "revenue": 111216
        },
        "2001-07": {
            "month": "2001-07",
            "price": "5.20",
            "revenue": 132803
        },
        "2001-08": {
            "month": "2001-08",
            "price": "4.54",
            "revenue": 148448
        },
        "2001-09": {
            "month": "2001-09",
            "price": "3.95",
            "revenue": 137781
        },
        "2001-10": {
            "month": "2001-10",
            "price": "3.89",
            "revenue": 133624
        },
        "2001-11": {
            "month": "2001-11",
            "price": "3.88",
            "revenue": 144127
        },
        "2001-12": {
            "month": "2001-12",
            "price": "4.64",
            "revenue": 105658
        },
        "2002-01": {
            "month": "2002-01",
            "price": "5.38",
            "revenue": 83116
        },
        "2002-02": {
            "month": "2002-02",
            "price": "5.64",
            "revenue": 112089
        },
        "2002-03": {
            "month": "2002-03",
            "price": "7.12",
            "revenue": 146208
        },
        "2002-04": {
            "month": "2002-04",
            "price": "8.95",
            "revenue": 131564
        },
        "2002-05": {
            "month": "2002-05",
            "price": "8.56",
            "revenue": 97924
        },
        "2002-06": {
            "month": "2002-06",
            "price": "8.00",
            "revenue": 108937
        },
        "2002-07": {
            "month": "2002-07",
            "price": "7.39",
            "revenue": 194318
        },
        "2002-08": {
            "month": "2002-08",
            "price": "7.10",
            "revenue": 148954
        },
        "2002-09": {
            "month": "2002-09",
            "price": "6.92",
            "revenue": 150281
        },
        "2002-10": {
            "month": "2002-10",
            "price": "6.71",
            "revenue": 130109
        },
        "2002-11": {
            "month": "2002-11",
            "price": "7.01",
            "revenue": 91749
        },
        "2002-12": {
            "month": "2002-12",
            "price": "7.48",
            "revenue": 101107
        },
        "2003-01": {
            "month": "2003-01",
            "price": "8.33",
            "revenue": 110317
        },
        "2003-02": {
            "month": "2003-02",
            "price": "8.21",
            "revenue": 89316
        },
        "2003-03": {
            "month": "2003-03",
            "price": "8.41",
            "revenue": 113891
        },
        "2003-04": {
            "month": "2003-04",
            "price": "8.60",
            "revenue": 83203
        },
        "2003-05": {
            "month": "2003-05",
            "price": "8.49",
            "revenue": 96875
        },
        "2003-06": {
            "month": "2003-06",
            "price": "9.12",
            "revenue": 108546
        },
        "2003-07": {
            "month": "2003-07",
            "price": "8.72",
            "revenue": 133835
        },
        "2003-08": {
            "month": "2003-08",
            "price": "8.42",
            "revenue": 155263
        },
        "2003-09": {
            "month": "2003-09",
            "price": "8.17",
            "revenue": 111939
        },
        "2003-10": {
            "month": "2003-10",
            "price": "8.36",
            "revenue": 214132
        },
        "2003-11": {
            "month": "2003-11",
            "price": "10.69",
            "revenue": 180014
        },
        "2003-12": {
            "month": "2003-12",
            "price": "12.57",
            "revenue": 185906
        },
        "2004-01": {
            "month": "2004-01",
            "price": "15.69",
            "revenue": 144045
        },
        "2004-02": {
            "month": "2004-02",
            "price": "15.68",
            "revenue": 153362
        },
        "2004-03": {
            "month": "2004-03",
            "price": "16.43",
            "revenue": 180908
        },
        "2004-04": {
            "month": "2004-04",
            "price": "15.94",
            "revenue": 219564
        },
        "2004-05": {
            "month": "2004-05",
            "price": "15.15",
            "revenue": 139318
        },
        "2004-06": {
            "month": "2004-06",
            "price": "14.12",
            "revenue": 267949
        },
        "2004-07": {
            "month": "2004-07",
            "price": "13.56",
            "revenue": 182477
        },
        "2004-08": {
            "month": "2004-08",
            "price": "13.36",
            "revenue": 156542
        },
        "2004-09": {
            "month": "2004-09",
            "price": "13.54",
            "revenue": 295746
        },
        "2004-10": {
            "month": "2004-10",
            "price": "13.13",
            "revenue": 233616
        },
        "2004-11": {
            "month": "2004-11",
            "price": "13.18",
            "revenue": 104902
        },
        "2004-12": {
            "month": "2004-12",
            "price": "12.98",
            "revenue": 376863
        },
        "2005-01": {
            "month": "2005-01",
            "price": "12.89",
            "revenue": 153177
        },
        "2005-02": {
            "month": "2005-02",
            "price": "12.54",
            "revenue": 108463
        },
        "2005-03": {
            "month": "2005-03",
            "price": "9.79",
            "revenue": 246098
        },
        "2005-04": {
            "month": "2005-04",
            "price": "9.59",
            "revenue": 124329
        },
        "2005-05": {
            "month": "2005-05",
            "price": "9.19",
            "revenue": 192093
        },
        "2005-06": {
            "month": "2005-06",
            "price": "9.51",
            "revenue": 274309
        },
        "2005-07": {
            "month": "2005-07",
            "price": "9.31",
            "revenue": 216045
        },
        "2005-08": {
            "month": "2005-08",
            "price": "7.53",
            "revenue": 227542
        },
        "2005-09": {
            "month": "2005-09",
            "price": "6.43",
            "revenue": 206137
        },
        "2005-10": {
            "month": "2005-10",
            "price": "6.13",
            "revenue": 230990
        },
        "2005-11": {
            "month": "2005-11",
            "price": "5.64",
            "revenue": 153938
        },
        "2005-12": {
            "month": "2005-12",
            "price": "5.65",
            "revenue": 382106
        },
        "2006-01": {
            "month": "2006-01",
            "price": "5.92",
            "revenue": 108008
        },
        "2006-02": {
            "month": "2006-02",
            "price": "5.61",
            "revenue": 217287
        },
        "2006-03": {
            "month": "2006-03",
            "price": "5.32",
            "revenue": 397658
        },
        "2006-04": {
            "month": "2006-04",
            "price": "5.84",
            "revenue": 264049
        },
        "2006-05": {
            "month": "2006-05",
            "price": "7.10",
            "revenue": 358187
        },
        "2006-06": {
            "month": "2006-06",
            "price": "6.03",
            "revenue": 234849
        },
        "2006-07": {
            "month": "2006-07",
            "price": "6.15",
            "revenue": 307650
        },
        "2006-08": {
            "month": "2006-08",
            "price": "6.24",
            "revenue": 269411
        },
        "2006-09": {
            "month": "2006-09",
            "price": "7.01",
            "revenue": 282422
        },
        "2006-10": {
            "month": "2006-10",
            "price": "8.32",
            "revenue": 326500
        },
        "2006-11": {
            "month": "2006-11",
            "price": "10.17",
            "revenue": 314938
        },
        "2006-12": {
            "month": "2006-12",
            "price": "12.13",
            "revenue": 524735
        },
        "2007-01": {
            "month": "2007-01",
            "price": "12.27",
            "revenue": 339073
        },
        "2007-02": {
            "month": "2007-02",
            "price": "12.88",
            "revenue": 235090
        },
        "2007-03": {
            "month": "2007-03",
            "price": "12.50",
            "revenue": 358563
        },
        "2007-04": {
            "month": "2007-04",
            "price": "15.77",
            "revenue": 314192
        },
        "2007-05": {
            "month": "2007-05",
            "price": "13.70",
            "revenue": 444085
        },
        "2007-06": {
            "month": "2007-06",
            "price": "14.06",
            "revenue": 253468
        },
        "2007-07": {
            "month": "2007-07",
            "price": "15.10",
            "revenue": 614292
        },
        "2007-08": {
            "month": "2007-08",
            "price": "14.33",
            "revenue": 355107
        },
        "2007-09": {
            "month": "2007-09",
            "price": "15.50",
            "revenue": 316259
        },
        "2007-10": {
            "month": "2007-10",
            "price": "14.75",
            "revenue": 395817
        },
        "2007-11": {
            "month": "2007-11",
            "price": "13.52",
            "revenue": 270527
        },
        "2007-12": {
            "month": "2007-12",
            "price": "11.49",
            "revenue": 263588
        },
        "2008-01": {
            "month": "2008-01",
            "price": "10.76",
            "revenue": 424441
        },
        "2008-02": {
            "month": "2008-02",
            "price": "11.30",
            "revenue": 365456
        },
        "2008-03": {
            "month": "2008-03",
            "price": "13.10",
            "revenue": 414182
        },
        "2008-04": {
            "month": "2008-04",
            "price": "14.34",
            "revenue": 453095
        },
        "2008-05": {
            "month": "2008-05",
            "price": "16.74",
            "revenue": 489563
        },
        "2008-06": {
            "month": "2008-06",
            "price": "16.12",
            "revenue": 375786
        },
        "2008-07": {
            "month": "2008-07",
            "price": "13.90",
            "revenue": 414167
        },
        "2008-08": {
            "month": "2008-08",
            "price": "13.37",
            "revenue": 439426
        },
        "2008-09": {
            "month": "2008-09",
            "price": "11.46",
            "revenue": 324787
        },
        "2008-10": {
            "month": "2008-10",
            "price": "9.65",
            "revenue": 362689
        },
        "2008-11": {
            "month": "2008-11",
            "price": "8.07",
            "revenue": 280301
        },
        "2008-12": {
            "month": "2008-12",
            "price": "7.77",
            "revenue": 246177
        },
        "2009-01": {
            "month": "2009-01",
            "price": "7.70",
            "revenue": 183976
        },
        "2009-02": {
            "month": "2009-02",
            "price": "7.61",
            "revenue": 162427
        },
        "2009-03": {
            "month": "2009-03",
            "price": "8.16",
            "revenue": 288372
        },
        "2009-04": {
            "month": "2009-04",
            "price": "9.03",
            "revenue": 201467
        },
        "2009-05": {
            "month": "2009-05",
            "price": "8.84",
            "revenue": 171606
        },
        "2009-06": {
            "month": "2009-06",
            "price": "8.22",
            "revenue": 414289
        },
        "2009-07": {
            "month": "2009-07",
            "price": "8.05",
            "revenue": 285388
        },
        "2009-08": {
            "month": "2009-08",
            "price": "8.64",
            "revenue": 313932
        },
        "2009-09": {
            "month": "2009-09",
            "price": "9.14",
            "revenue": 291383
        },
        "2009-10": {
            "month": "2009-10",
            "price": "9.87",
            "revenue": 601779
        },
        "2009-11": {
            "month": "2009-11",
            "price": "11.97",
            "revenue": 519256
        },
        "2009-12": {
            "month": "2009-12",
            "price": "12.91",
            "revenue": 409584
        },
        "2010-01": {
            "month": "2010-01",
            "price": "13.43",
            "revenue": 270974
        },
        "2010-02": {
            "month": "2010-02",
            "price": "12.03",
            "revenue": 361412
        },
        "2010-03": {
            "month": "2010-03",
            "price": "12.96",
            "revenue": 363091
        },
        "2010-04": {
            "month": "2010-04",
            "price": "14.72",
            "revenue": 328050
        },
        "2010-05": {
            "month": "2010-05",
            "price": "18.92",
            "revenue": 353356
        },
        "2010-06": {
            "month": "2010-06",
            "price": "18.35",
            "revenue": 206640
        },
        "2010-07": {
            "month": "2010-07",
            "price": "18.20",
            "revenue": 336573
        },
        "2010-08": {
            "month": "2010-08",
            "price": "17.13",
            "revenue": 241403
        },
        "2010-09": {
            "month": "2010-09",
            "price": "14.66",
            "revenue": 341741
        },
        "2010-10": {
            "month": "2010-10",
            "price": "15.02",
            "revenue": 428201
        },
        "2010-11": {
            "month": "2010-11",
            "price": "14.61",
            "revenue": 310871
        },
        "2010-12": {
            "month": "2010-12",
            "price": "14.83",
            "revenue": 253928
        },
        "2011-01": {
            "month": "2011-01",
            "price": "14.88",
            "revenue": 281947
        },
        "2011-02": {
            "month": "2011-02",
            "price": "14.73",
            "revenue": 376494
        },
        "2011-03": {
            "month": "2011-03",
            "price": "14.53",
            "revenue": 320296
        },
        "2011-04": {
            "month": "2011-04",
            "price": "16.33",
            "revenue": 381648
        },
        "2011-05": {
            "month": "2011-05",
            "price": "16.71",
            "revenue": 278412
        },
        "2011-06": {
            "month": "2011-06",
            "price": "15.91",
            "revenue": 421325
        },
        "2011-07": {
            "month": "2011-07",
            "price": "14.51",
            "revenue": 474863
        },
        "2011-08": {
            "month": "2011-08",
            "price": "13.28",
            "revenue": 333115
        },
        "2011-09": {
            "month": "2011-09",
            "price": "12.37",
            "revenue": 354806
        },
        "2011-10": {
            "month": "2011-10",
            "price": "12.09",
            "revenue": 216651
        },
        "2011-11": {
            "month": "2011-11",
            "price": "12.02",
            "revenue": 212059
        },
        "2011-12": {
            "month": "2011-12",
            "price": "11.22",
            "revenue": 244358
        },
        "2012-01": {
            "month": "2012-01",
            "price": "11.12",
            "revenue": 269362
        },
        "2012-02": {
            "month": "2012-02",
            "price": "12.54",
            "revenue": 361260
        },
        "2012-03": {
            "month": "2012-03",
            "price": "12.82",
            "revenue": 329041
        },
        "2012-04": {
            "month": "2012-04",
            "price": "11.83",
            "revenue": 314998
        },
        "2012-05": {
            "month": "2012-05",
            "price": "11.17",
            "revenue": 293829
        },
        "2012-06": {
            "month": "2012-06",
            "price": "10.51",
            "revenue": 487566
        },
        "2012-07": {
            "month": "2012-07",
            "price": "10.52",
            "revenue": 271007
        },
        "2012-08": {
            "month": "2012-08",
            "price": "10.86",
            "revenue": 335860
        },
        "2012-09": {
            "month": "2012-09",
            "price": "11.61",
            "revenue": 280234
        },
        "2012-10": {
            "month": "2012-10",
            "price": "11.42",
            "revenue": 221051
        },
        "2012-11": {
            "month": "2012-11",
            "price": "10.46",
            "revenue": 313550
        },
        "2012-12": {
            "month": "2012-12",
            "price": "10.58",
            "revenue": 332349
        },
        "2013-01": {
            "month": "2013-01",
            "price": "11.32",
            "revenue": 277763
        },
        "2013-02": {
            "month": "2013-02",
            "price": "11.15",
            "revenue": 292688
        },
        "2013-03": {
            "month": "2013-03",
            "price": "10.94",
            "revenue": 246557
        },
        "2013-04": {
            "month": "2013-04",
            "price": "10.96",
            "revenue": 219895
        },
        "2013-05": {
            "month": "2013-05",
            "price": "10.95",
            "revenue": 242486
        },
        "2013-06": {
            "month": "2013-06",
            "price": "10.75",
            "revenue": 208105
        },
        "2013-07": {
            "month": "2013-07",
            "price": "10.47",
            "revenue": 219826
        },
        "2013-08": {
            "month": "2013-08",
            "price": "10.27",
            "revenue": 233137
        },
        "2013-09": {
            "month": "2013-09",
            "price": "9.99",
            "revenue": 167458
        },
        "2013-10": {
            "month": "2013-10",
            "price": "10.12",
            "revenue": 244816
        },
        "2013-11": {
            "month": "2013-11",
            "price": "9.96",
            "revenue": 259958
        },
        "2013-12": {
            "month": "2013-12",
            "price": "9.94",
            "revenue": 319593
        },
        "2014-01": {
            "month": "2014-01",
            "price": "10.43",
            "revenue": 242638
        },
        "2014-02": {
            "month": "2014-02",
            "price": "10.26",
            "revenue": 177821
        },
        "2014-03": {
            "month": "2014-03",
            "price": "10.60",
            "revenue": 231468
        },
        "2014-04": {
            "month": "2014-04",
            "price": "10.42",
            "revenue": 202167
        },
        "2014-05": {
            "month": "2014-05",
            "price": "10.61",
            "revenue": 351833
        },
        "2014-06": {
            "month": "2014-06",
            "price": "10.68",
            "revenue": 158840
        },
        "2014-07": {
            "month": "2014-07",
            "price": "10.51",
            "revenue": 273942
        },
        "2014-08": {
            "month": "2014-08",
            "price": "11.49",
            "revenue": 202782
        },
        "2014-09": {
            "month": "2014-09",
            "price": "12.22",
            "revenue": 179585
        },
        "2014-10": {
            "month": "2014-10",
            "price": "11.07",
            "revenue": 247500
        },
        "2014-11": {
            "month": "2014-11",
            "price": "10.78",
            "revenue": 240828
        },
        "2014-12": {
            "month": "2014-12",
            "price": "11.23",
            "revenue": 218631
        },
        "2015-01": {
            "month": "2015-01",
            "price": "11.48",
            "revenue": 176850
        },
        "2015-02": {
            "month": "2015-02",
            "price": "11.55",
            "revenue": 193876
        },
        "2015-03": {
            "month": "2015-03",
            "price": "11.40",
            "revenue": 243465
        },
        "2015-04": {
            "month": "2015-04",
            "price": "11.32",
            "revenue": 201082
        },
        "2015-05": {
            "month": "2015-05",
            "price": "10.99",
            "revenue": 243107
        },
        "2015-06": {
            "month": "2015-06",
            "price": "10.49",
            "revenue": 132370
        },
        "2015-07": {
            "month": "2015-07",
            "price": "10.17",
            "revenue": 228848
        },
        "2015-08": {
            "month": "2015-08",
            "price": "9.90",
            "revenue": 229950
        },
        "2015-09": {
            "month": "2015-09",
            "price": "9.85",
            "revenue": 267763
        },
        "2015-10": {
            "month": "2015-10",
            "price": "9.94",
            "revenue": 177081
        },
        "2015-11": {
            "month": "2015-11",
            "price": "9.89",
            "revenue": 134290
        },
        "2015-12": {
            "month": "2015-12",
            "price": "9.71",
            "revenue": 165265
        },
        "2016-01": {
            "month": "2016-01",
            "price": "10.31",
            "revenue": 138146
        },
        "2016-02": {
            "month": "2016-02",
            "price": "10.07",
            "revenue": 138867
        },
        "2016-03": {
            "month": "2016-03",
            "price": "9.79",
            "revenue": 241376
        },
        "2016-04": {
            "month": "2016-04",
            "price": "9.44",
            "revenue": 133505
        },
        "2016-05": {
            "month": "2016-05",
            "price": "9.00",
            "revenue": 161044
        },
        "2016-06": {
            "month": "2016-06",
            "price": "8.84",
            "revenue": 248632
        },
        "2016-07": {
            "month": "2016-07",
            "price": "9.02",
            "revenue": 284898
        },
        "2016-08": {
            "month": "2016-08",
            "price": "9.82",
            "revenue": 184211
        },
        "2016-09": {
            "month": "2016-09",
            "price": "10.04",
            "revenue": 171195
        },
        "2016-10": {
            "month": "2016-10",
            "price": "9.92",
            "revenue": 240139
        },
        "2016-11": {
            "month": "2016-11",
            "price": "10.06",
            "revenue": 201806
        },
        "2016-12": {
            "month": "2016-12",
            "price": "10.33",
            "revenue": 209660
        },
        "2017-01": {
            "month": "2017-01",
            "price": "10.55",
            "revenue": 148687
        },
        "2017-02": {
            "month": "2017-02",
            "price": "11.44",
            "revenue": 180328
        },
        "2017-03": {
            "month": "2017-03",
            "price": "11.62",
            "revenue": 159253
        },
        "2017-04": {
            "month": "2017-04",
            "price": "11.37",
            "revenue": 266053
        },
        "2017-05": {
            "month": "2017-05",
            "price": "11.68",
            "revenue": 179437
        },
        "2017-06": {
            "month": "2017-06",
            "price": "11.86",
            "revenue": 282350
        },
        "2017-07": {
            "month": "2017-07",
            "price": "11.22",
            "revenue": 257904
        },
        "2017-08": {
            "month": "2017-08",
            "price": "12.70",
            "revenue": 250842
        },
        "2017-09": {
            "month": "2017-09",
            "price": "14.02",
            "revenue": 230199
        },
        "2017-10": {
            "month": "2017-10",
            "price": "13.94",
            "revenue": 215890
        },
        "2017-11": {
            "month": "2017-11",
            "price": "14.17",
            "revenue": 260784
        },
        "2017-12": {
            "month": "2017-12",
            "price": "14.19",
            "revenue": 307384
        },
        "2018-01": {
            "month": "2018-01",
            "price": "15.65",
            "revenue": 276965
        },
        "2018-02": {
            "month": "2018-02",
            "price": "14.96",
            "revenue": 260141
        },
        "2018-03": {
            "month": "2018-03",
            "price": "16.10",
            "revenue": 241734
        },
        "2018-04": {
            "month": "2018-04",
            "price": "20.63",
            "revenue": 273273
        },
        "2018-05": {
            "month": "2018-05",
            "price": "19.61",
            "revenue": 394175
        },
        "2018-06": {
            "month": "2018-06",
            "price": "20.60",
            "revenue": 284976
        },
        "2018-07": {
            "month": "2018-07",
            "price": "17.32",
            "revenue": 207898
        },
        "2018-08": {
            "month": "2018-08",
            "price": "15.76",
            "revenue": 286726
        },
        "2018-09": {
            "month": "2018-09",
            "price": "15.87",
            "revenue": 343478
        },
        "2018-10": {
            "month": "2018-10",
            "price": "14.82",
            "revenue": 317475
        },
        "2018-11": {
            "month": "2018-11",
            "price": "15.42",
            "revenue": 233811
        },
        "2018-12": {
            "month": "2018-12",
            "price": "15.97",
            "revenue": 248407
        },
        "2019-01": {
            "month": "2019-01",
            "price": "16.05",
            "revenue": 192795
        },
        "2019-02": {
            "month": "2019-02",
            "price": "16.57",
            "revenue": 206188
        },
        "2019-03": {
            "month": "2019-03",
            "price": "17.23",
            "revenue": 223778
        },
        "2019-04": {
            "month": "2019-04",
            "price": "17.46",
            "revenue": 187053
        },
        "2019-05": {
            "month": "2019-05",
            "price": "17.18",
            "revenue": 264639
        },
        "2019-06": {
            "month": "2019-06",
            "price": "17.22",
            "revenue": 277439
        },
        "2019-07": {
            "month": "2019-07",
            "price": "16.69",
            "revenue": 319346
        },
        "2019-08": {
            "month": "2019-08",
            "price": "16.25",
            "revenue": 233109
        },
        "2019-09": {
            "month": "2019-09",
            "price": "16.58",
            "revenue": 258388
        },
        "2019-10": {
            "month": "2019-10",
            "price": "16.85",
            "revenue": 261253
        },
        "2019-11": {
            "month": "2019-11",
            "price": "16.91",
            "revenue": 290240
        },
        "2019-12": {
            "month": "2019-12",
            "price": "17.46",
            "revenue": 433065
        },
        "2020-01": {
            "month": "2020-01",
            "price": "18.92",
            "revenue": 175644
        },
        "2020-02": {
            "month": "2020-02",
            "price": "19.14",
            "revenue": 150167
        },
        "2020-03": {
            "month": "2020-03",
            "price": "18.28",
            "revenue": 230966
        },
        "2020-04": {
            "month": "2020-04",
            "price": "19.29",
            "revenue": 309542
        },
        "2020-05": {
            "month": "2020-05",
            "price": "22.07",
            "revenue": 303998
        },
        "2020-06": {
            "month": "2020-06",
            "price": "23.30",
            "revenue": 200154
        },
        "2020-07": {
            "month": "2020-07",
            "price": "22.96",
            "revenue": 365987
        },
        "2020-08": {
            "month": "2020-08",
            "price": "21.60",
            "revenue": 299534
        },
        "2020-09": {
            "month": "2020-09",
            "price": "22.14",
            "revenue": 269800
        },
        "2020-10": {
            "month": "2020-10",
            "price": "21.66",
            "revenue": 246924
        },
        "2020-11": {
            "month": "2020-11",
            "price": "22.46",
            "revenue": 255806
        },
        "2020-12": {
            "month": "2020-12",
            "price": "24.11",
            "revenue": 357448
        },
        "2021-01": {
            "month": "2021-01",
            "price": "24.06",
            "revenue": 261465
        },
        "2021-02": {
            "month": "2021-02",
            "price": "24.14",
            "revenue": 170999
        },
        "2021-03": {
            "month": "2021-03",
            "price": "28.06",
            "revenue": 354433
        },
        "2021-04": {
            "month": "2021-04",
            "price": "36.16",
            "revenue": 885445
        },
        "2021-05": {
            "month": "2021-05",
            "price": "39.10",
            "revenue": 343992
        },
        "2021-06": {
            "month": "2021-06",
            "price": "40.20",
            "revenue": 238655
        },
        "2021-07": {
            "month": "2021-07",
            "price": "35.56",
            "revenue": 384511
        },
        "2021-08": {
            "month": "2021-08",
            "price": "35.06",
            "revenue": 372934
        },
        "2021-09": {
            "month": "2021-09",
            "price": "32.37",
            "revenue": 353278
        },
        "2021-10": {
            "month": "2021-10",
            "price": "32.50",
            "revenue": 416617
        },
        "2021-11": {
            "month": "2021-11",
            "price": "32.86",
            "revenue": 346880
        },
        "2021-12": {
            "month": "2021-12",
            "price": "32.03",
            "revenue": 395359
        },
        "2022-01": {
            "month": "2022-01",
            "price": "31.85",
            "revenue": 326974
        },
        "2022-02": {
            "month": "2022-02",
            "price": "31.95",
            "revenue": 218138
        },
        "2022-03": {
            "month": "2022-03",
            "price": "33.27",
            "revenue": 479433
        },
        "2022-04": {
            "month": "2022-04",
            "price": "34.20",
            "revenue": 365709
        },
        "2022-05": {
            "month": "2022-05",
            "price": "33.43",
            "revenue": 335307
        },
        "2022-06": {
            "month": "2022-06",
            "price": "33.56",
            "revenue": 342722
        },
        "2022-07": {
            "month": "2022-07",
            "price": "31.98",
            "revenue": 263424
        },
        "2022-08": {
            "month": "2022-08",
            "price": "31.05",
            "revenue": 415238
        },
        "2022-09": {
            "month": "2022-09",
            "price": "29.55",
            "revenue": 344482
        },
        "2022-10": {
            "month": "2022-10",
            "price": "27.90",
            "revenue": 408602
        },
        "2022-11": {
            "month": "2022-11",
            "price": "28.20",
            "revenue": 403723
        },
        "2022-12": {
            "month": "2022-12",
            "price": "28.50",
            "revenue": 529050
        },
        "2023-01": {
            "month": "2023-01",
            "price": "29.29",
            "revenue": 207339
        },
        "2023-02": {
            "month": "2023-02",
            "price": "31.32",
            "revenue": 294217
        },
        "2023-03": {
            "month": "2023-03",
            "price": "32.97",
            "revenue": 565717
        },
        "2023-04": {
            "month": "2023-04",
            "price": "35.62",
            "revenue": 310062
        },
        "2023-05": {
            "month": "2023-05",
            "price": "37.30",
            "revenue": 297594
        }
    }
}
