{
    "summary": {
        "stock_name": "億泰",
        "stock_id": "1616",
        "category": "電器電纜",
        "main_business": "裸銅線,鍍錫線,電子線,電源線,電腦線,隔離線,同軸電纜,PVC電線<br>電纜,交連聚乙稀高低壓電力電纜及通信電纜,光纖光纜,區域網路<br>電纜,數位電纜,低煙無毒電纜,防火,耐熱電纜等製造,加工及買賣",
        "website_url": "http://www.evertop.com",
        "ceo": "張程浩(代理)",
        "pe_ratio": 22,
        "report_year_from": 2001,
        "report_year_to": 2023,
        "age": 22,
        "eps_negative_percentage": 43,
        "eps_growth_avg": {
            "last_all": -54.89,
            "last_2y": -82,
            "last_4y": -91,
            "last_8y": -94.02,
            "last_12y": -89.46,
            "last_16y": -74.6,
            "last_20y": -54.89,
            "at_2006_last_3y": 8.24,
            "at_2007_last_3y": 7.59,
            "at_2008_last_3y": -23.21,
            "at_2009_last_3y": -30,
            "at_2010_last_3y": -100,
            "at_2011_last_3y": null,
            "at_2012_last_3y": null,
            "at_2013_last_3y": -66.67,
            "at_2014_last_3y": -83.33,
            "at_2015_last_3y": -83.33,
            "at_2016_last_3y": -84.93,
            "at_2017_last_3y": -96.04,
            "at_2018_last_3y": -94.06,
            "at_2019_last_3y": -96.04,
            "at_2020_last_3y": -100,
            "at_2021_last_3y": -100,
            "at_2022_last_3y": -91,
            "at_2023_last_3y": -91,
            "at_2006_last_all": 8.24,
            "at_2007_last_all": -13.41,
            "at_2008_last_all": -13.41,
            "at_2009_last_all": -13.41,
            "at_2010_last_all": -13.41,
            "at_2011_last_all": -13.41,
            "at_2012_last_all": -13.41,
            "at_2013_last_all": -22.28,
            "at_2014_last_all": -33.39,
            "at_2015_last_all": -33.39,
            "at_2016_last_all": -40.23,
            "at_2017_last_all": -46.87,
            "at_2018_last_all": -46.87,
            "at_2019_last_all": -52.18,
            "at_2020_last_all": -52.18,
            "at_2021_last_all": -52.18,
            "at_2022_last_all": -54.89,
            "at_2023_last_all": -54.89
        },
        "latest_eps": 0.49,
        "latest_price": 10.8,
        "latest_roe": 5.54,
        "latest_gross_margin": 12.06,
        "latest_equity": 1736956,
        "latest_revenue": 1026156,
        "latest_gross_profit": 123779,
        "latest_net_income": 61840,
        "latest_debt_ratio": 46.27,
        "latest_current_ratio": 171.68,
        "latest_account_receivable_turnover_ratio": 1.44,
        "latest_inventory_turnover_ratio": 0.71,
        "latest_reinvestment_rate": 20.98,
        "latest_research_to_sale_ratio": 0.23
    },
    "eps_dividends": {
        "1994": {
            "cash": 0,
            "stock": 1.6,
            "eps": 0
        },
        "1995": {
            "cash": 0.6,
            "stock": 1.6,
            "eps": 0
        },
        "1996": {
            "cash": 0.4,
            "stock": 1.6,
            "eps": 0
        },
        "1997": {
            "cash": 0,
            "stock": 3.5,
            "eps": 0
        },
        "1998": {
            "cash": 0,
            "stock": 2.5,
            "eps": 0
        },
        "1999": {
            "cash": 0.5,
            "stock": 0.5,
            "eps": 0
        },
        "2001": {
            "cash": 0,
            "stock": 1,
            "eps": -0.57
        },
        "2002": {
            "cash": 0,
            "stock": 1,
            "eps": 0.77
        },
        "2003": {
            "cash": 0,
            "stock": 1,
            "eps": 0.02
        },
        "2004": {
            "cash": 0,
            "stock": 0.5,
            "eps": 0.83
        },
        "2005": {
            "cash": 0.3,
            "stock": 0.3,
            "eps": 0.75
        },
        "2006": {
            "cash": 0.28,
            "stock": 0.28,
            "eps": 1.05
        },
        "2007": {
            "cash": 0.2,
            "stock": 0.4,
            "eps": -0.78
        },
        "2008": {
            "cash": 0,
            "stock": 0.5,
            "eps": -1.29
        },
        "2009": {
            "cash": 0,
            "stock": 0,
            "eps": -0.31
        },
        "2010": {
            "cash": 0,
            "stock": 0,
            "eps": -0.37
        },
        "2011": {
            "cash": 0,
            "stock": 0,
            "eps": -1.03
        },
        "2012": {
            "cash": 0,
            "stock": 0,
            "eps": 0.06
        },
        "2013": {
            "cash": 0,
            "stock": 0,
            "eps": 0.02
        },
        "2014": {
            "cash": 0,
            "stock": 0,
            "eps": -0.99
        },
        "2015": {
            "cash": 0,
            "stock": 0,
            "eps": 1.01
        },
        "2016": {
            "cash": 0,
            "stock": 0,
            "eps": 0.12
        },
        "2017": {
            "cash": 0,
            "stock": 0,
            "eps": -0.58
        },
        "2018": {
            "cash": 0,
            "stock": 0,
            "eps": 0.06
        },
        "2019": {
            "cash": 0,
            "stock": 0,
            "eps": -0.31
        },
        "2020": {
            "cash": 0,
            "stock": 0,
            "eps": 0
        },
        "2021": {
            "cash": 0,
            "stock": 0,
            "eps": 0.5
        },
        "2022": {
            "cash": 0,
            "stock": 0,
            "eps": 0.09
        },
        "2023": {
            "cash": 0,
            "stock": 0,
            "eps": 0.42
        }
    },
    "dividends": {
        "1994-07-02": {
            "cash": 0,
            "stock": 1.6
        },
        "1995-06-30": {
            "cash": 0.6,
            "stock": 1.6
        },
        "1996-06-28": {
            "cash": 0.4,
            "stock": 1.6
        },
        "1997-03-15": {
            "cash": 0,
            "stock": 3.5
        },
        "1998-05-26": {
            "cash": 0,
            "stock": 2.5
        },
        "1999-05-31": {
            "cash": 0.5,
            "stock": 0.5
        },
        "2001-05-31": {
            "cash": 0,
            "stock": 1
        },
        "2002-06-17": {
            "cash": 0,
            "stock": 1
        },
        "2003-04-01": {
            "cash": 0,
            "stock": 1
        },
        "2004-03-31": {
            "cash": 0,
            "stock": 0.5
        },
        "2005-03-31": {
            "cash": 0.3,
            "stock": 0.3
        },
        "2006-03-30": {
            "cash": 0.28,
            "stock": 0.28
        },
        "2007-04-02": {
            "cash": 0.2,
            "stock": 0.4
        },
        "2008-03-27": {
            "cash": 0,
            "stock": 0.5
        }
    },
    "prices": {
        "200101": "8.01",
        "200102": "8.99",
        "200103": "8.84",
        "200104": "8.34",
        "200105": "6.28",
        "200106": "5.64",
        "200107": "4.86",
        "200108": "4.88",
        "200109": "4.47",
        "200110": "3.54",
        "200111": "3.48",
        "200112": "4.38",
        "200201": "6.09",
        "200202": "7.16",
        "200203": "7.45",
        "200204": "11.46",
        "200205": "14.00",
        "200206": "13.12",
        "200207": "12.10",
        "200208": "11.05",
        "200209": "9.03",
        "200210": "8.23",
        "200211": "9.83",
        "200212": "11.03",
        "200301": "12.78",
        "200302": "14.59",
        "200303": "12.08",
        "200304": "10.15",
        "200305": "8.99",
        "200306": "10.13",
        "200307": "10.42",
        "200308": "9.90",
        "200309": "8.59",
        "200310": "8.80",
        "200311": "8.79",
        "200312": "9.13",
        "200401": "11.01",
        "200402": "10.90",
        "200403": "14.48",
        "200404": "15.60",
        "200405": "13.60",
        "200406": "12.45",
        "200407": "12.17",
        "200408": "12.72",
        "200409": "12.60",
        "200410": "12.36",
        "200411": "11.66",
        "200412": "11.57",
        "200501": "11.88",
        "200502": "11.67",
        "200503": "11.27",
        "200504": "10.49",
        "200505": "9.89",
        "200506": "10.08",
        "200507": "10.05",
        "200508": "9.69",
        "200509": "8.39",
        "200510": "7.98",
        "200511": "7.88",
        "200512": "8.36",
        "200601": "8.47",
        "200602": "8.23",
        "200603": "7.96",
        "200604": "8.58",
        "200605": "9.15",
        "200606": "9.08",
        "200607": "10.84",
        "200608": "11.93",
        "200609": "10.92",
        "200610": "14.38",
        "200611": "17.02",
        "200612": "18.04",
        "200701": "17.13",
        "200702": "16.49",
        "200703": "16.01",
        "200704": "14.88",
        "200705": "12.57",
        "200706": "12.66",
        "200707": "13.77",
        "200708": "12.14",
        "200709": "11.30",
        "200710": "10.74",
        "200711": "8.80",
        "200712": "8.05",
        "200801": "7.85",
        "200802": "8.01",
        "200803": "8.79",
        "200804": "10.24",
        "200805": "11.78",
        "200806": "10.29",
        "200807": "8.39",
        "200808": "8.10",
        "200809": "6.23",
        "200810": "5.02",
        "200811": "4.18",
        "200812": "4.11",
        "200901": "4.15",
        "200902": "4.00",
        "200903": "4.55",
        "200904": "5.57",
        "200905": "5.59",
        "200906": "5.44",
        "200907": "5.46",
        "200908": "6.04",
        "200909": "5.86",
        "200910": "6.08",
        "200911": "6.06",
        "200912": "6.82",
        "201001": "7.29",
        "201002": "6.45",
        "201003": "6.74",
        "201004": "7.36",
        "201005": "6.76",
        "201006": "6.53",
        "201007": "6.91",
        "201008": "7.39",
        "201009": "7.02",
        "201010": "7.14",
        "201011": "6.80",
        "201012": "6.97",
        "201101": "7.29",
        "201102": "7.20",
        "201103": "7.11",
        "201104": "7.35",
        "201105": "6.60",
        "201106": "6.49",
        "201107": "6.29",
        "201108": "5.60",
        "201109": "5.17",
        "201110": "5.02",
        "201111": "4.37",
        "201112": "3.65",
        "201201": "3.67",
        "201202": "4.70",
        "201203": "4.63",
        "201204": "4.08",
        "201205": "4.15",
        "201206": "4.06",
        "201207": "4.02",
        "201208": "4.24",
        "201209": "5.05",
        "201210": "5.47",
        "201211": "5.36",
        "201212": "5.33",
        "201301": "6.28",
        "201302": "6.16",
        "201303": "6.09",
        "201304": "5.76",
        "201305": "5.83",
        "201306": "5.77",
        "201307": "5.62",
        "201308": "5.45",
        "201309": "5.20",
        "201310": "5.55",
        "201311": "5.44",
        "201312": "5.53",
        "201401": "5.64",
        "201402": "6.10",
        "201403": "6.49",
        "201404": "6.77",
        "201405": "6.06",
        "201406": "5.92",
        "201407": "6.16",
        "201408": "6.16",
        "201409": "6.22",
        "201410": "5.80",
        "201411": "5.50",
        "201412": "5.43",
        "201501": "5.41",
        "201502": "5.94",
        "201503": "6.84",
        "201504": "7.19",
        "201505": "7.10",
        "201506": "5.83",
        "201507": "5.41",
        "201508": "4.59",
        "201509": "4.75",
        "201510": "5.00",
        "201511": "4.72",
        "201512": "4.41",
        "201601": "4.17",
        "201602": "4.30",
        "201603": "4.59",
        "201604": "4.36",
        "201605": "4.06",
        "201606": "3.95",
        "201607": "4.07",
        "201608": "4.56",
        "201609": "4.84",
        "201610": "5.16",
        "201611": "5.20",
        "201612": "5.11",
        "201701": "5.18",
        "201702": "6.66",
        "201703": "6.71",
        "201704": "5.94",
        "201705": "5.81",
        "201706": "5.59",
        "201707": "5.60",
        "201708": "5.88",
        "201709": "5.90",
        "201710": "5.66",
        "201711": "5.52",
        "201712": "5.58",
        "201801": "5.91",
        "201802": "5.51",
        "201803": "5.94",
        "201804": "6.14",
        "201805": "6.00",
        "201806": "6.29",
        "201807": "5.99",
        "201808": "5.67",
        "201809": "5.16",
        "201810": "4.52",
        "201811": "4.47",
        "201812": "4.57",
        "201901": "4.47",
        "201902": "4.56",
        "201903": "4.57",
        "201904": "4.54",
        "201905": "4.55",
        "201906": "4.52",
        "201907": "4.50",
        "201908": "4.46",
        "201909": "4.75",
        "201910": "4.72",
        "201911": "4.60",
        "201912": "4.74",
        "202001": "4.94",
        "202002": "4.84",
        "202003": "4.06",
        "202004": "3.97",
        "202005": "4.19",
        "202006": "4.44",
        "202007": "4.69",
        "202008": "4.77",
        "202009": "5.40",
        "202010": "5.53",
        "202011": "5.68",
        "202012": "6.47",
        "202101": "5.84",
        "202102": "5.85",
        "202103": "6.14",
        "202104": "8.43",
        "202105": "9.31",
        "202106": "9.66",
        "202107": "10.26",
        "202108": "9.23",
        "202109": "8.42",
        "202110": "8.06",
        "202111": "8.94",
        "202112": "11.57",
        "202201": "10.99",
        "202202": "10.41",
        "202203": "10.16",
        "202204": "10.53",
        "202205": "9.45",
        "202206": "9.05",
        "202207": "7.58",
        "202208": "8.54",
        "202209": "8.07",
        "202210": "7.33",
        "202211": "7.38",
        "202212": "7.48",
        "202301": "7.40",
        "202302": "7.88",
        "202303": "8.64",
        "202304": "9.05",
        "202305": "9.64",
        "202306": "10.60",
        "202307": "10.43",
        "202308": "10.76",
        "202309": "11.34"
    },
    "quarters": {
        "20011": {
            "year_quarter": 20011,
            "year": 2001,
            "quarter": 1,
            "eps": -0.3,
            "eps_growth_year": -215.38,
            "eps_4q": 0.1,
            "eps_4q_growth_year": -89.96,
            "roe": -1.53,
            "roe_4q": -1.53,
            "gross_profit": -15990,
            "gross_margin": -4.72,
            "gross_margin_4q_avg": -4.72,
            "net_income": -27135,
            "revenue": 338665,
            "common_shares": 916631,
            "book_valuer_per_share": 19.17,
            "book_valuer_per_share_4q_avg": 19.17,
            "equity": 1757278,
            "current_ratio": 153.23,
            "debt_ratio": 27.82,
            "inventory_turnover_ratio": 0.98,
            "account_receivable_turnover_ratio": null,
            "reinvestment_rate": null,
            "research_to_sale_ratio": null,
            "price_fair": 0,
            "eps_avg_yearly": 0,
            "eps_latest_yearly": 0,
            "eps_growth_yearly": 0
        },
        "20012": {
            "year_quarter": 20012,
            "year": 2001,
            "quarter": 2,
            "eps": -0.46,
            "eps_growth_year": -197.87,
            "eps_4q": -0.86,
            "eps_4q_growth_year": -167.67,
            "roe": -2.56,
            "roe_4q": -4.09,
            "gross_profit": 7911,
            "gross_margin": 2.36,
            "gross_margin_4q_avg": -1.18,
            "net_income": -44545,
            "revenue": 335493,
            "common_shares": 916631,
            "book_valuer_per_share": 18.74,
            "book_valuer_per_share_4q_avg": 18.96,
            "equity": 1717636,
            "current_ratio": 185.46,
            "debt_ratio": 28.62,
            "inventory_turnover_ratio": 0.99,
            "account_receivable_turnover_ratio": null,
            "reinvestment_rate": null,
            "research_to_sale_ratio": null,
            "price_fair": 0,
            "eps_avg_yearly": 0,
            "eps_latest_yearly": 0,
            "eps_growth_yearly": 0
        },
        "20013": {
            "year_quarter": 20013,
            "year": 2001,
            "quarter": 3,
            "eps": 0.13,
            "eps_growth_year": null,
            "eps_4q": -0.54,
            "eps_4q_growth_year": -164.82,
            "roe": 0.74,
            "roe_4q": -3.35,
            "gross_profit": 25771,
            "gross_margin": 7.02,
            "gross_margin_4q_avg": 1.55,
            "net_income": 12814,
            "revenue": 366981,
            "common_shares": 1008294,
            "book_valuer_per_share": 17.16,
            "book_valuer_per_share_4q_avg": 18.36,
            "equity": 1730450,
            "current_ratio": 176.48,
            "debt_ratio": 29.38,
            "inventory_turnover_ratio": 0.98,
            "account_receivable_turnover_ratio": null,
            "reinvestment_rate": null,
            "research_to_sale_ratio": null,
            "price_fair": 0,
            "eps_avg_yearly": 0,
            "eps_latest_yearly": 0,
            "eps_growth_yearly": 0
        },
        "20014": {
            "year_quarter": 20014,
            "year": 2001,
            "quarter": 4,
            "eps": 0.06,
            "eps_growth_year": 0,
            "eps_4q": -0.51,
            "eps_4q_growth_year": -182.34,
            "roe": 0.36,
            "roe_4q": -2.99,
            "gross_profit": 18850,
            "gross_margin": 5.39,
            "gross_margin_4q_avg": 2.51,
            "net_income": 6245,
            "revenue": 349655,
            "common_shares": 1008294,
            "book_valuer_per_share": 17.32,
            "book_valuer_per_share_4q_avg": 18.1,
            "equity": 1745959,
            "current_ratio": 183.43,
            "debt_ratio": 31.83,
            "inventory_turnover_ratio": 0.87,
            "account_receivable_turnover_ratio": null,
            "reinvestment_rate": null,
            "research_to_sale_ratio": null,
            "price_fair": 0,
            "eps_avg_yearly": 0,
            "eps_latest_yearly": 0,
            "eps_growth_yearly": 0
        },
        "20021": {
            "year_quarter": 20021,
            "year": 2002,
            "quarter": 1,
            "eps": 0.15,
            "eps_growth_year": null,
            "eps_4q": -0.11,
            "eps_4q_growth_year": -205.49,
            "roe": 0.86,
            "roe_4q": -0.6000000000000001,
            "gross_profit": 19307,
            "gross_margin": 5.63,
            "gross_margin_4q_avg": 5.1,
            "net_income": 14956,
            "revenue": 343074,
            "common_shares": 1008294,
            "book_valuer_per_share": 17.33,
            "book_valuer_per_share_4q_avg": 17.64,
            "equity": 1747048,
            "current_ratio": 156.99,
            "debt_ratio": 28.93,
            "inventory_turnover_ratio": 0.85,
            "account_receivable_turnover_ratio": null,
            "reinvestment_rate": null,
            "research_to_sale_ratio": null,
            "price_fair": 21,
            "eps_avg_yearly": 0.6,
            "eps_latest_yearly": 0.6,
            "eps_growth_yearly": 600
        },
        "20022": {
            "year_quarter": 20022,
            "year": 2002,
            "quarter": 2,
            "eps": 0.11,
            "eps_growth_year": null,
            "eps_4q": 0.42,
            "eps_4q_growth_year": null,
            "roe": 0.69,
            "roe_4q": 2.6499999999999995,
            "gross_profit": 42235,
            "gross_margin": 10.12,
            "gross_margin_4q_avg": 7.04,
            "net_income": 11980,
            "revenue": 417348,
            "common_shares": 1008294,
            "book_valuer_per_share": 17.26,
            "book_valuer_per_share_4q_avg": 17.27,
            "equity": 1739903,
            "current_ratio": 149.62,
            "debt_ratio": 30.85,
            "inventory_turnover_ratio": 1.02,
            "account_receivable_turnover_ratio": null,
            "reinvestment_rate": null,
            "research_to_sale_ratio": null,
            "price_fair": 18.2,
            "eps_avg_yearly": 0.52,
            "eps_latest_yearly": 0.44,
            "eps_growth_yearly": 246.67
        },
        "20023": {
            "year_quarter": 20023,
            "year": 2002,
            "quarter": 3,
            "eps": 0.35,
            "eps_growth_year": 169.23,
            "eps_4q": 0.65,
            "eps_4q_growth_year": null,
            "roe": 2.16,
            "roe_4q": 4.07,
            "gross_profit": 59767,
            "gross_margin": 10.44,
            "gross_margin_4q_avg": 7.9,
            "net_income": 38123,
            "revenue": 572567,
            "common_shares": 1109124,
            "book_valuer_per_share": 16.18,
            "book_valuer_per_share_4q_avg": 17.02,
            "equity": 1794833,
            "current_ratio": 163.31,
            "debt_ratio": 28.61,
            "inventory_turnover_ratio": 1.38,
            "account_receivable_turnover_ratio": null,
            "reinvestment_rate": null,
            "research_to_sale_ratio": null,
            "price_fair": 28.47,
            "eps_avg_yearly": 0.81,
            "eps_latest_yearly": 1.4,
            "eps_growth_yearly": 455.35
        },
        "20024": {
            "year_quarter": 20024,
            "year": 2002,
            "quarter": 4,
            "eps": 0.16,
            "eps_growth_year": 166.67,
            "eps_4q": 0.76,
            "eps_4q_growth_year": null,
            "roe": 0.97,
            "roe_4q": 4.68,
            "gross_profit": 37340,
            "gross_margin": 6.45,
            "gross_margin_4q_avg": 8.16,
            "net_income": 17452,
            "revenue": 578782,
            "common_shares": 1109123,
            "book_valuer_per_share": 16.3,
            "book_valuer_per_share_4q_avg": 16.77,
            "equity": 1808205,
            "current_ratio": 166.57,
            "debt_ratio": 34.45,
            "inventory_turnover_ratio": 1.22,
            "account_receivable_turnover_ratio": null,
            "reinvestment_rate": 78.28,
            "research_to_sale_ratio": null,
            "price_fair": 26.95,
            "eps_avg_yearly": 0.77,
            "eps_latest_yearly": 0.64,
            "eps_growth_yearly": 287.23
        },
        "20031": {
            "year_quarter": 20031,
            "year": 2003,
            "quarter": 1,
            "eps": 0.15,
            "eps_growth_year": 0,
            "eps_4q": 0.8,
            "eps_4q_growth_year": null,
            "roe": 0.86,
            "roe_4q": 4.68,
            "gross_profit": 32347,
            "gross_margin": 6.15,
            "gross_margin_4q_avg": 8.29,
            "net_income": 15684,
            "revenue": 526135,
            "common_shares": 1109124,
            "book_valuer_per_share": 16.46,
            "book_valuer_per_share_4q_avg": 16.55,
            "equity": 1825671,
            "current_ratio": 148.13,
            "debt_ratio": 28.82,
            "inventory_turnover_ratio": 1.08,
            "account_receivable_turnover_ratio": null,
            "reinvestment_rate": -5.86,
            "research_to_sale_ratio": null,
            "price_fair": 25.76,
            "eps_avg_yearly": 0.74,
            "eps_latest_yearly": 0.6,
            "eps_growth_yearly": 224.78
        },
        "20032": {
            "year_quarter": 20032,
            "year": 2003,
            "quarter": 2,
            "eps": -0.09,
            "eps_growth_year": -181.82,
            "eps_4q": 0.56,
            "eps_4q_growth_year": 31.6,
            "roe": -0.53,
            "roe_4q": 3.46,
            "gross_profit": 14152,
            "gross_margin": 2.89,
            "gross_margin_4q_avg": 6.48,
            "net_income": -9615,
            "revenue": 489441,
            "common_shares": 1109123,
            "book_valuer_per_share": 16.33,
            "book_valuer_per_share_4q_avg": 16.32,
            "equity": 1811637,
            "current_ratio": 135.85,
            "debt_ratio": 30.96,
            "inventory_turnover_ratio": 1.27,
            "account_receivable_turnover_ratio": null,
            "reinvestment_rate": -38.72,
            "research_to_sale_ratio": null,
            "price_fair": 25.76,
            "eps_avg_yearly": 0.74,
            "eps_latest_yearly": 0.6,
            "eps_growth_yearly": 224.78
        },
        "20033": {
            "year_quarter": 20033,
            "year": 2003,
            "quarter": 3,
            "eps": -0.2,
            "eps_growth_year": -157.14,
            "eps_4q": -0,
            "eps_4q_growth_year": -100.52,
            "roe": -1.33,
            "roe_4q": -0.030000000000000027,
            "gross_profit": 12332,
            "gross_margin": 2.41,
            "gross_margin_4q_avg": 4.48,
            "net_income": -23935,
            "revenue": 512037,
            "common_shares": 1220036,
            "book_valuer_per_share": 14.58,
            "book_valuer_per_share_4q_avg": 15.92,
            "equity": 1779345,
            "current_ratio": 130.98,
            "debt_ratio": 33.88,
            "inventory_turnover_ratio": 1.39,
            "account_receivable_turnover_ratio": null,
            "reinvestment_rate": -118.74,
            "research_to_sale_ratio": null,
            "price_fair": 25.76,
            "eps_avg_yearly": 0.74,
            "eps_latest_yearly": 0.6,
            "eps_growth_yearly": 224.78
        },
        "20034": {
            "year_quarter": 20034,
            "year": 2003,
            "quarter": 4,
            "eps": 0.16,
            "eps_growth_year": 0,
            "eps_4q": 0.01,
            "eps_4q_growth_year": -99.05,
            "roe": 1.05,
            "roe_4q": 0.04999999999999993,
            "gross_profit": 33734,
            "gross_margin": 5.48,
            "gross_margin_4q_avg": 4.23,
            "net_income": 18708,
            "revenue": 615299,
            "common_shares": 1220036,
            "book_valuer_per_share": 14.73,
            "book_valuer_per_share_4q_avg": 15.53,
            "equity": 1797314,
            "current_ratio": 138.77,
            "debt_ratio": 43,
            "inventory_turnover_ratio": 1.19,
            "account_receivable_turnover_ratio": null,
            "reinvestment_rate": 34.7,
            "research_to_sale_ratio": null,
            "price_fair": 25.76,
            "eps_avg_yearly": 0.74,
            "eps_latest_yearly": 0.6,
            "eps_growth_yearly": 224.78
        },
        "20041": {
            "year_quarter": 20041,
            "year": 2004,
            "quarter": 1,
            "eps": 0.24,
            "eps_growth_year": 60,
            "eps_4q": 0.11,
            "eps_4q_growth_year": -85.93,
            "roe": 1.54,
            "roe_4q": 0.7299999999999998,
            "gross_profit": 37391,
            "gross_margin": 6.11,
            "gross_margin_4q_avg": 4.22,
            "net_income": 27827,
            "revenue": 612183,
            "common_shares": 1220036,
            "book_valuer_per_share": 14.87,
            "book_valuer_per_share_4q_avg": 15.13,
            "equity": 1814130,
            "current_ratio": 125.07,
            "debt_ratio": 37.18,
            "inventory_turnover_ratio": 1.01,
            "account_receivable_turnover_ratio": null,
            "reinvestment_rate": -233.03,
            "research_to_sale_ratio": null,
            "price_fair": 27.07,
            "eps_avg_yearly": 0.77,
            "eps_latest_yearly": 0.96,
            "eps_growth_yearly": 220.65
        },
        "20042": {
            "year_quarter": 20042,
            "year": 2004,
            "quarter": 2,
            "eps": 0.14,
            "eps_growth_year": null,
            "eps_4q": 0.33,
            "eps_4q_growth_year": -39.84,
            "roe": 0.89,
            "roe_4q": 2.1500000000000004,
            "gross_profit": 48788,
            "gross_margin": 6.21,
            "gross_margin_4q_avg": 5.05,
            "net_income": 16278,
            "revenue": 785555,
            "common_shares": 1220036,
            "book_valuer_per_share": 15.22,
            "book_valuer_per_share_4q_avg": 14.85,
            "equity": 1856765,
            "current_ratio": 143.51,
            "debt_ratio": 39.83,
            "inventory_turnover_ratio": 1.38,
            "account_receivable_turnover_ratio": null,
            "reinvestment_rate": -626.06,
            "research_to_sale_ratio": null,
            "price_fair": 26,
            "eps_avg_yearly": 0.74,
            "eps_latest_yearly": 0.56,
            "eps_growth_yearly": 165.32
        },
        "20043": {
            "year_quarter": 20043,
            "year": 2004,
            "quarter": 3,
            "eps": 0.47,
            "eps_growth_year": null,
            "eps_4q": 1,
            "eps_4q_growth_year": null,
            "roe": 2.94,
            "roe_4q": 6.42,
            "gross_profit": 90601,
            "gross_margin": 9.93,
            "gross_margin_4q_avg": 6.93,
            "net_income": 55245,
            "revenue": 912497,
            "common_shares": 1220036,
            "book_valuer_per_share": 15.57,
            "book_valuer_per_share_4q_avg": 15.1,
            "equity": 1899267,
            "current_ratio": 209.07,
            "debt_ratio": 42.87,
            "inventory_turnover_ratio": 1.51,
            "account_receivable_turnover_ratio": null,
            "reinvestment_rate": -330.02,
            "research_to_sale_ratio": null,
            "price_fair": 30.98,
            "eps_avg_yearly": 0.89,
            "eps_latest_yearly": 1.88,
            "eps_growth_yearly": 262.51
        },
        "20044": {
            "year_quarter": 20044,
            "year": 2004,
            "quarter": 4,
            "eps": -0.02,
            "eps_growth_year": -112.5,
            "eps_4q": 0.78,
            "eps_4q_growth_year": 10731.83,
            "roe": -0.12,
            "roe_4q": 5.25,
            "gross_profit": 67849,
            "gross_margin": 7.77,
            "gross_margin_4q_avg": 7.51,
            "net_income": -2234,
            "revenue": 873559,
            "common_shares": 1281117,
            "book_valuer_per_share": 14.59,
            "book_valuer_per_share_4q_avg": 15.06,
            "equity": 1869412,
            "current_ratio": 220.79,
            "debt_ratio": 45.95,
            "inventory_turnover_ratio": 1.26,
            "account_receivable_turnover_ratio": null,
            "reinvestment_rate": -233.93,
            "research_to_sale_ratio": null,
            "price_fair": 30.98,
            "eps_avg_yearly": 0.89,
            "eps_latest_yearly": 1.88,
            "eps_growth_yearly": 262.51
        },
        "20051": {
            "year_quarter": 20051,
            "year": 2005,
            "quarter": 1,
            "eps": 0.34,
            "eps_growth_year": 41.67,
            "eps_4q": 0.9,
            "eps_4q_growth_year": 699.95,
            "roe": 2.24,
            "roe_4q": 5.95,
            "gross_profit": 73724,
            "gross_margin": 9.14,
            "gross_margin_4q_avg": 8.26,
            "net_income": 42380,
            "revenue": 806596,
            "common_shares": 1281117,
            "book_valuer_per_share": 14.9,
            "book_valuer_per_share_4q_avg": 15.07,
            "equity": 1908687,
            "current_ratio": 187.55,
            "debt_ratio": 39.97,
            "inventory_turnover_ratio": 1.07,
            "account_receivable_turnover_ratio": null,
            "reinvestment_rate": -228.24,
            "research_to_sale_ratio": null,
            "price_fair": 30.98,
            "eps_avg_yearly": 0.89,
            "eps_latest_yearly": 1.88,
            "eps_growth_yearly": 262.51
        },
        "20052": {
            "year_quarter": 20052,
            "year": 2005,
            "quarter": 2,
            "eps": 0.14,
            "eps_growth_year": 0,
            "eps_4q": 0.93,
            "eps_4q_growth_year": 179.04,
            "roe": 0.89,
            "roe_4q": 5.95,
            "gross_profit": 76357,
            "gross_margin": 7.97,
            "gross_margin_4q_avg": 8.7,
            "net_income": 16840,
            "revenue": 958496,
            "common_shares": 1281117,
            "book_valuer_per_share": 14.71,
            "book_valuer_per_share_4q_avg": 14.94,
            "equity": 1884264,
            "current_ratio": 168.84,
            "debt_ratio": 43.08,
            "inventory_turnover_ratio": 1.33,
            "account_receivable_turnover_ratio": null,
            "reinvestment_rate": -110.98,
            "research_to_sale_ratio": null,
            "price_fair": 29.71,
            "eps_avg_yearly": 0.85,
            "eps_latest_yearly": 0.56,
            "eps_growth_yearly": 207.2
        },
        "20053": {
            "year_quarter": 20053,
            "year": 2005,
            "quarter": 3,
            "eps": 0.3,
            "eps_growth_year": -36.17,
            "eps_4q": 0.74,
            "eps_4q_growth_year": -26.38,
            "roe": 2.03,
            "roe_4q": 5.04,
            "gross_profit": 59389,
            "gross_margin": 5.95,
            "gross_margin_4q_avg": 7.71,
            "net_income": 38907,
            "revenue": 998315,
            "common_shares": 1319551,
            "book_valuer_per_share": 14.78,
            "book_valuer_per_share_4q_avg": 14.75,
            "equity": 1950767,
            "current_ratio": 153.41,
            "debt_ratio": 46.42,
            "inventory_turnover_ratio": 1.22,
            "account_receivable_turnover_ratio": null,
            "reinvestment_rate": -99.47,
            "research_to_sale_ratio": null,
            "price_fair": 30.94,
            "eps_avg_yearly": 0.88,
            "eps_latest_yearly": 1.2,
            "eps_growth_yearly": 232.2
        },
        "20054": {
            "year_quarter": 20054,
            "year": 2005,
            "quarter": 4,
            "eps": -0.03,
            "eps_growth_year": null,
            "eps_4q": 0.73,
            "eps_4q_growth_year": -6.41,
            "roe": -0.22,
            "roe_4q": 4.9399999999999995,
            "gross_profit": 45908,
            "gross_margin": 4.92,
            "gross_margin_4q_avg": 7,
            "net_income": -4351,
            "revenue": 932950,
            "common_shares": 1319551,
            "book_valuer_per_share": 14.73,
            "book_valuer_per_share_4q_avg": 14.78,
            "equity": 1943674,
            "current_ratio": 157.04,
            "debt_ratio": 54.09,
            "inventory_turnover_ratio": 0.87,
            "account_receivable_turnover_ratio": null,
            "reinvestment_rate": 9.7,
            "research_to_sale_ratio": null,
            "price_fair": 30.94,
            "eps_avg_yearly": 0.88,
            "eps_latest_yearly": 1.2,
            "eps_growth_yearly": 232.2
        },
        "20061": {
            "year_quarter": 20061,
            "year": 2006,
            "quarter": 1,
            "eps": 0.1,
            "eps_growth_year": -70.59,
            "eps_4q": 0.51,
            "eps_4q_growth_year": -43.52,
            "roe": 0.65,
            "roe_4q": 3.35,
            "gross_profit": 22469,
            "gross_margin": 3.14,
            "gross_margin_4q_avg": 5.5,
            "net_income": 12658,
            "revenue": 714962,
            "common_shares": 1319551,
            "book_valuer_per_share": 14.77,
            "book_valuer_per_share_4q_avg": 14.75,
            "equity": 1949622,
            "current_ratio": 144.76,
            "debt_ratio": 50.07,
            "inventory_turnover_ratio": 0.66,
            "account_receivable_turnover_ratio": null,
            "reinvestment_rate": -99.7,
            "research_to_sale_ratio": null,
            "price_fair": 32.04,
            "eps_avg_yearly": 0.92,
            "eps_latest_yearly": 1.2,
            "eps_growth_yearly": 191.33
        },
        "20062": {
            "year_quarter": 20062,
            "year": 2006,
            "quarter": 2,
            "eps": 1.1,
            "eps_growth_year": 685.71,
            "eps_4q": 1.47,
            "eps_4q_growth_year": 57.51,
            "roe": 7.03,
            "roe_4q": 9.49,
            "gross_profit": 73113,
            "gross_margin": 6.65,
            "gross_margin_4q_avg": 5.17,
            "net_income": 140494,
            "revenue": 1099682,
            "common_shares": 1319551,
            "book_valuer_per_share": 15.53,
            "book_valuer_per_share_4q_avg": 14.95,
            "equity": 2049209,
            "current_ratio": 177.17,
            "debt_ratio": 52.3,
            "inventory_turnover_ratio": 1.17,
            "account_receivable_turnover_ratio": null,
            "reinvestment_rate": -65.75,
            "research_to_sale_ratio": null,
            "price_fair": 47.44,
            "eps_avg_yearly": 1.36,
            "eps_latest_yearly": 4.4,
            "eps_growth_yearly": 647.62
        },
        "20063": {
            "year_quarter": 20063,
            "year": 2006,
            "quarter": 3,
            "eps": 0.33,
            "eps_growth_year": 10,
            "eps_4q": 1.45,
            "eps_4q_growth_year": 95.43,
            "roe": 2.08,
            "roe_4q": 9.54,
            "gross_profit": 40157,
            "gross_margin": 2.86,
            "gross_margin_4q_avg": 4.39,
            "net_income": 44039,
            "revenue": 1406532,
            "common_shares": 1436189,
            "book_valuer_per_share": 15.24,
            "book_valuer_per_share_4q_avg": 15.07,
            "equity": 2189277,
            "current_ratio": 173.74,
            "debt_ratio": 53.12,
            "inventory_turnover_ratio": 1.5,
            "account_receivable_turnover_ratio": null,
            "reinvestment_rate": -62.55,
            "research_to_sale_ratio": null,
            "price_fair": 47.13,
            "eps_avg_yearly": 1.35,
            "eps_latest_yearly": 1.32,
            "eps_growth_yearly": 519.54
        },
        "20064": {
            "year_quarter": 20064,
            "year": 2006,
            "quarter": 4,
            "eps": -0.48,
            "eps_growth_year": null,
            "eps_4q": 0.93,
            "eps_4q_growth_year": 27.4,
            "roe": -2.9,
            "roe_4q": 6.860000000000001,
            "gross_profit": 36047,
            "gross_margin": 2.83,
            "gross_margin_4q_avg": 3.87,
            "net_income": -67235,
            "revenue": 1271800,
            "common_shares": 1768923,
            "book_valuer_per_share": 13.79,
            "book_valuer_per_share_4q_avg": 14.83,
            "equity": 2439825,
            "current_ratio": 169.49,
            "debt_ratio": 60.18,
            "inventory_turnover_ratio": 0.86,
            "account_receivable_turnover_ratio": null,
            "reinvestment_rate": 13.22,
            "research_to_sale_ratio": null,
            "price_fair": 50.23,
            "eps_avg_yearly": 1.44,
            "eps_latest_yearly": 1.32,
            "eps_growth_yearly": 611.63
        },
        "20071": {
            "year_quarter": 20071,
            "year": 2007,
            "quarter": 1,
            "eps": -0.68,
            "eps_growth_year": -780,
            "eps_4q": 0,
            "eps_4q_growth_year": -99.61,
            "roe": -4.89,
            "roe_4q": 1.3200000000000012,
            "gross_profit": 26250,
            "gross_margin": 2.9,
            "gross_margin_4q_avg": 3.81,
            "net_income": -116960,
            "revenue": 905135,
            "common_shares": 1773345,
            "book_valuer_per_share": 13.19,
            "book_valuer_per_share_4q_avg": 14.44,
            "equity": 2339519,
            "current_ratio": 158.34,
            "debt_ratio": 49.81,
            "inventory_turnover_ratio": 0.53,
            "account_receivable_turnover_ratio": null,
            "reinvestment_rate": -129.91,
            "research_to_sale_ratio": null,
            "price_fair": 54.4,
            "eps_avg_yearly": 1.55,
            "eps_latest_yearly": 1.32,
            "eps_growth_yearly": 702.58
        },
        "20072": {
            "year_quarter": 20072,
            "year": 2007,
            "quarter": 2,
            "eps": -0.15,
            "eps_growth_year": -113.64,
            "eps_4q": -0.93,
            "eps_4q_growth_year": -163.5,
            "roe": -1.1,
            "roe_4q": -6.8100000000000005,
            "gross_profit": 41603,
            "gross_margin": 2.52,
            "gross_margin_4q_avg": 2.78,
            "net_income": -25478,
            "revenue": 1653201,
            "common_shares": 1774923,
            "book_valuer_per_share": 12.8,
            "book_valuer_per_share_4q_avg": 13.76,
            "equity": 2271732,
            "current_ratio": 132.98,
            "debt_ratio": 47.44,
            "inventory_turnover_ratio": 1.36,
            "account_receivable_turnover_ratio": null,
            "reinvestment_rate": -134.2,
            "research_to_sale_ratio": null,
            "price_fair": 54.4,
            "eps_avg_yearly": 1.55,
            "eps_latest_yearly": 1.32,
            "eps_growth_yearly": 702.58
        },
        "20073": {
            "year_quarter": 20073,
            "year": 2007,
            "quarter": 3,
            "eps": 0.07,
            "eps_growth_year": -78.79,
            "eps_4q": -1.2,
            "eps_4q_growth_year": -182.97,
            "roe": 0.51,
            "roe_4q": -8.379999999999999,
            "gross_profit": 60127,
            "gross_margin": 4.87,
            "gross_margin_4q_avg": 3.28,
            "net_income": 11566,
            "revenue": 1234817,
            "common_shares": 1846952,
            "book_valuer_per_share": 12.26,
            "book_valuer_per_share_4q_avg": 13.01,
            "equity": 2264300,
            "current_ratio": 123.41,
            "debt_ratio": 50.36,
            "inventory_turnover_ratio": 1.06,
            "account_receivable_turnover_ratio": null,
            "reinvestment_rate": -106.34,
            "research_to_sale_ratio": null,
            "price_fair": 54.4,
            "eps_avg_yearly": 1.55,
            "eps_latest_yearly": 1.32,
            "eps_growth_yearly": 702.58
        },
        "20074": {
            "year_quarter": 20074,
            "year": 2007,
            "quarter": 4,
            "eps": -0.02,
            "eps_growth_year": null,
            "eps_4q": -0.74,
            "eps_4q_growth_year": -179.57,
            "roe": -0.12,
            "roe_4q": -5.6,
            "gross_profit": 86184,
            "gross_margin": 7.28,
            "gross_margin_4q_avg": 4.39,
            "net_income": -2744,
            "revenue": 1184637,
            "common_shares": 1849033,
            "book_valuer_per_share": 12.44,
            "book_valuer_per_share_4q_avg": 12.67,
            "equity": 2299291,
            "current_ratio": 132.2,
            "debt_ratio": 57.23,
            "inventory_turnover_ratio": 0.72,
            "account_receivable_turnover_ratio": null,
            "reinvestment_rate": -0.86,
            "research_to_sale_ratio": null,
            "price_fair": 54.4,
            "eps_avg_yearly": 1.55,
            "eps_latest_yearly": 1.32,
            "eps_growth_yearly": 702.58
        },
        "20081": {
            "year_quarter": 20081,
            "year": 2008,
            "quarter": 1,
            "eps": 0.21,
            "eps_growth_year": null,
            "eps_4q": 0.12,
            "eps_4q_growth_year": 5825.29,
            "roe": 1.62,
            "roe_4q": 0.9099999999999997,
            "gross_profit": 155818,
            "gross_margin": 7.34,
            "gross_margin_4q_avg": 5.5,
            "net_income": 37382,
            "revenue": 2122768,
            "common_shares": 1849033,
            "book_valuer_per_share": 12.47,
            "book_valuer_per_share_4q_avg": 12.49,
            "equity": 2305415,
            "current_ratio": 149.5,
            "debt_ratio": 52.51,
            "inventory_turnover_ratio": 1.24,
            "account_receivable_turnover_ratio": null,
            "reinvestment_rate": 194.27,
            "research_to_sale_ratio": null,
            "price_fair": 57.87,
            "eps_avg_yearly": 1.65,
            "eps_latest_yearly": 1.32,
            "eps_growth_yearly": 786.34
        },
        "20082": {
            "year_quarter": 20082,
            "year": 2008,
            "quarter": 2,
            "eps": -0.07,
            "eps_growth_year": null,
            "eps_4q": 0.18,
            "eps_4q_growth_year": null,
            "roe": -0.55,
            "roe_4q": 1.46,
            "gross_profit": 99343,
            "gross_margin": 5.11,
            "gross_margin_4q_avg": 6.15,
            "net_income": -12769,
            "revenue": 1945905,
            "common_shares": 1849033,
            "book_valuer_per_share": 12.45,
            "book_valuer_per_share_4q_avg": 12.41,
            "equity": 2301361,
            "current_ratio": 145.17,
            "debt_ratio": 57.1,
            "inventory_turnover_ratio": 1.24,
            "account_receivable_turnover_ratio": null,
            "reinvestment_rate": 221.78,
            "research_to_sale_ratio": null,
            "price_fair": 65.52,
            "eps_avg_yearly": 1.87,
            "eps_latest_yearly": 1.32,
            "eps_growth_yearly": 976.94
        },
        "20083": {
            "year_quarter": 20083,
            "year": 2008,
            "quarter": 3,
            "eps": -0.02,
            "eps_growth_year": -128.57,
            "eps_4q": 0.1,
            "eps_4q_growth_year": null,
            "roe": -0.13,
            "roe_4q": 0.8200000000000001,
            "gross_profit": 101597,
            "gross_margin": 4.56,
            "gross_margin_4q_avg": 6.07,
            "net_income": -3133,
            "revenue": 2229373,
            "common_shares": 1941485,
            "book_valuer_per_share": 12.12,
            "book_valuer_per_share_4q_avg": 12.37,
            "equity": 2352188,
            "current_ratio": 144.88,
            "debt_ratio": 57.26,
            "inventory_turnover_ratio": 1.27,
            "account_receivable_turnover_ratio": null,
            "reinvestment_rate": 363.89,
            "research_to_sale_ratio": null,
            "price_fair": 65.45,
            "eps_avg_yearly": 1.87,
            "eps_latest_yearly": 1.32,
            "eps_growth_yearly": 985.46
        },
        "20084": {
            "year_quarter": 20084,
            "year": 2008,
            "quarter": 4,
            "eps": -1.41,
            "eps_growth_year": null,
            "eps_4q": -1.24,
            "eps_4q_growth_year": null,
            "roe": -12.46,
            "roe_4q": -11.520000000000003,
            "gross_profit": -188734,
            "gross_margin": -10.83,
            "gross_margin_4q_avg": 1.55,
            "net_income": -276788,
            "revenue": 1742321,
            "common_shares": 1941485,
            "book_valuer_per_share": 10.76,
            "book_valuer_per_share_4q_avg": 11.95,
            "equity": 2091717,
            "current_ratio": 150.69,
            "debt_ratio": 48.36,
            "inventory_turnover_ratio": 1.46,
            "account_receivable_turnover_ratio": 2.53,
            "reinvestment_rate": null,
            "research_to_sale_ratio": null,
            "price_fair": 65.45,
            "eps_avg_yearly": 1.87,
            "eps_latest_yearly": 1.32,
            "eps_growth_yearly": 985.46
        },
        "20091": {
            "year_quarter": 20091,
            "year": 2009,
            "quarter": 1,
            "eps": 0.07,
            "eps_growth_year": -66.67,
            "eps_4q": -1.6,
            "eps_4q_growth_year": -1478.1,
            "roe": 0.56,
            "roe_4q": -12.580000000000002,
            "gross_profit": 60209,
            "gross_margin": 6.57,
            "gross_margin_4q_avg": 1.35,
            "net_income": 11768,
            "revenue": 916614,
            "common_shares": 1941485,
            "book_valuer_per_share": 10.93,
            "book_valuer_per_share_4q_avg": 11.57,
            "equity": 2123457,
            "current_ratio": 179.68,
            "debt_ratio": 39.14,
            "inventory_turnover_ratio": 1.02,
            "account_receivable_turnover_ratio": 0.83,
            "reinvestment_rate": null,
            "research_to_sale_ratio": null,
            "price_fair": 65.45,
            "eps_avg_yearly": 1.87,
            "eps_latest_yearly": 1.32,
            "eps_growth_yearly": 985.46
        },
        "20092": {
            "year_quarter": 20092,
            "year": 2009,
            "quarter": 2,
            "eps": -0.22,
            "eps_growth_year": null,
            "eps_4q": -1.54,
            "eps_4q_growth_year": -949.32,
            "roe": -1.99,
            "roe_4q": -14.020000000000001,
            "gross_profit": 30743,
            "gross_margin": 3.16,
            "gross_margin_4q_avg": 0.87,
            "net_income": -41496,
            "revenue": 973916,
            "common_shares": 1941485,
            "book_valuer_per_share": 10.58,
            "book_valuer_per_share_4q_avg": 11.1,
            "equity": 2055275,
            "current_ratio": 171.13,
            "debt_ratio": 41.43,
            "inventory_turnover_ratio": 1.17,
            "account_receivable_turnover_ratio": 1.11,
            "reinvestment_rate": null,
            "research_to_sale_ratio": null,
            "price_fair": 80.73,
            "eps_avg_yearly": 2.31,
            "eps_latest_yearly": 1.32,
            "eps_growth_yearly": 1392.38
        },
        "20093": {
            "year_quarter": 20093,
            "year": 2009,
            "quarter": 3,
            "eps": -0.03,
            "eps_growth_year": null,
            "eps_4q": -1.55,
            "eps_4q_growth_year": -1701.28,
            "roe": -0.27,
            "roe_4q": -14.16,
            "gross_profit": 65075,
            "gross_margin": 6.39,
            "gross_margin_4q_avg": 1.32,
            "net_income": -5572,
            "revenue": 1018294,
            "common_shares": 1941485,
            "book_valuer_per_share": 10.49,
            "book_valuer_per_share_4q_avg": 10.69,
            "equity": 2036509,
            "current_ratio": 158.86,
            "debt_ratio": 44.14,
            "inventory_turnover_ratio": 0.99,
            "account_receivable_turnover_ratio": 1.16,
            "reinvestment_rate": null,
            "research_to_sale_ratio": null,
            "price_fair": 100.1,
            "eps_avg_yearly": 2.86,
            "eps_latest_yearly": 1.32,
            "eps_growth_yearly": 1860
        },
        "20094": {
            "year_quarter": 20094,
            "year": 2009,
            "quarter": 4,
            "eps": -0.13,
            "eps_growth_year": null,
            "eps_4q": -0.31,
            "eps_4q_growth_year": null,
            "roe": -1.34,
            "roe_4q": -3.04,
            "gross_profit": 58905,
            "gross_margin": 5.39,
            "gross_margin_4q_avg": 5.38,
            "net_income": -27011,
            "revenue": 1093636,
            "common_shares": 1941485,
            "book_valuer_per_share": 10.58,
            "book_valuer_per_share_4q_avg": 10.65,
            "equity": 2004388,
            "current_ratio": 161.41,
            "debt_ratio": 44.73,
            "inventory_turnover_ratio": 0.95,
            "account_receivable_turnover_ratio": 2.44,
            "reinvestment_rate": null,
            "research_to_sale_ratio": null,
            "price_fair": 100.1,
            "eps_avg_yearly": 2.86,
            "eps_latest_yearly": 1.32,
            "eps_growth_yearly": 1860
        },
        "20101": {
            "year_quarter": 20101,
            "year": 2010,
            "quarter": 1,
            "eps": -0.2,
            "eps_growth_year": -385.71,
            "eps_4q": -0.58,
            "eps_4q_growth_year": null,
            "roe": -2.07,
            "roe_4q": -5.67,
            "gross_profit": 39468,
            "gross_margin": 4.56,
            "gross_margin_4q_avg": 4.88,
            "net_income": -40939,
            "revenue": 864918,
            "common_shares": 1941485,
            "book_valuer_per_share": 10.35,
            "book_valuer_per_share_4q_avg": 10.5,
            "equity": 1957536,
            "current_ratio": 155.89,
            "debt_ratio": 46.56,
            "inventory_turnover_ratio": 0.75,
            "account_receivable_turnover_ratio": 0.95,
            "reinvestment_rate": null,
            "research_to_sale_ratio": 0.32,
            "price_fair": 100.1,
            "eps_avg_yearly": 2.86,
            "eps_latest_yearly": 1.32,
            "eps_growth_yearly": 1860
        },
        "20102": {
            "year_quarter": 20102,
            "year": 2010,
            "quarter": 2,
            "eps": -0.38,
            "eps_growth_year": null,
            "eps_4q": -0.74,
            "eps_4q_growth_year": null,
            "roe": -3.73,
            "roe_4q": -7.41,
            "gross_profit": 14203,
            "gross_margin": 0.99,
            "gross_margin_4q_avg": 4.33,
            "net_income": -71825,
            "revenue": 1441236,
            "common_shares": 1941485,
            "book_valuer_per_share": 10.02,
            "book_valuer_per_share_4q_avg": 10.36,
            "equity": 1895472,
            "current_ratio": 145.03,
            "debt_ratio": 51.25,
            "inventory_turnover_ratio": 1.3,
            "account_receivable_turnover_ratio": 1.42,
            "reinvestment_rate": null,
            "research_to_sale_ratio": 0.16,
            "price_fair": 3.96,
            "eps_avg_yearly": 1.32,
            "eps_latest_yearly": 1.32,
            "eps_growth_yearly": -280
        },
        "20103": {
            "year_quarter": 20103,
            "year": 2010,
            "quarter": 3,
            "eps": 0.07,
            "eps_growth_year": null,
            "eps_4q": -0.65,
            "eps_4q_growth_year": null,
            "roe": 0.69,
            "roe_4q": -6.449999999999999,
            "gross_profit": 97162,
            "gross_margin": 7.03,
            "gross_margin_4q_avg": 4.49,
            "net_income": 13125,
            "revenue": 1382339,
            "common_shares": 1941485,
            "book_valuer_per_share": 10,
            "book_valuer_per_share_4q_avg": 10.24,
            "equity": 1892345,
            "current_ratio": 148.86,
            "debt_ratio": 49.96,
            "inventory_turnover_ratio": 1.13,
            "account_receivable_turnover_ratio": 1.27,
            "reinvestment_rate": null,
            "research_to_sale_ratio": 0.17,
            "price_fair": 0,
            "eps_avg_yearly": 0,
            "eps_latest_yearly": 0,
            "eps_growth_yearly": 0
        },
        "20104": {
            "year_quarter": 20104,
            "year": 2010,
            "quarter": 4,
            "eps": 0.14,
            "eps_growth_year": null,
            "eps_4q": -0.38,
            "eps_4q_growth_year": null,
            "roe": 1.27,
            "roe_4q": -3.84,
            "gross_profit": 7168,
            "gross_margin": 0.49,
            "gross_margin_4q_avg": 3.27,
            "net_income": 24109,
            "revenue": 1472341,
            "common_shares": 1941485,
            "book_valuer_per_share": 10,
            "book_valuer_per_share_4q_avg": 10.09,
            "equity": 1890730,
            "current_ratio": 137.97,
            "debt_ratio": 51.51,
            "inventory_turnover_ratio": 1.35,
            "account_receivable_turnover_ratio": 1.36,
            "reinvestment_rate": null,
            "research_to_sale_ratio": 0.16,
            "price_fair": 19.6,
            "eps_avg_yearly": 0.56,
            "eps_latest_yearly": 0.56,
            "eps_growth_yearly": 400
        },
        "20111": {
            "year_quarter": 20111,
            "year": 2011,
            "quarter": 1,
            "eps": -0.31,
            "eps_growth_year": null,
            "eps_4q": -0.48,
            "eps_4q_growth_year": null,
            "roe": -3.19,
            "roe_4q": -4.96,
            "gross_profit": 9848,
            "gross_margin": 0.76,
            "gross_margin_4q_avg": 2.32,
            "net_income": -59588,
            "revenue": 1297039,
            "common_shares": 1941485,
            "book_valuer_per_share": 9.75,
            "book_valuer_per_share_4q_avg": 9.94,
            "equity": 1841140,
            "current_ratio": 131.35,
            "debt_ratio": 55.88,
            "inventory_turnover_ratio": 1.13,
            "account_receivable_turnover_ratio": 1.11,
            "reinvestment_rate": null,
            "research_to_sale_ratio": 0.17,
            "price_fair": 19.6,
            "eps_avg_yearly": 0.56,
            "eps_latest_yearly": 0.56,
            "eps_growth_yearly": 400
        },
        "20112": {
            "year_quarter": 20112,
            "year": 2011,
            "quarter": 2,
            "eps": 0.03,
            "eps_growth_year": null,
            "eps_4q": -0.07,
            "eps_4q_growth_year": null,
            "roe": 0.28,
            "roe_4q": -0.9500000000000002,
            "gross_profit": 36606,
            "gross_margin": 2.43,
            "gross_margin_4q_avg": 2.68,
            "net_income": 5096,
            "revenue": 1505683,
            "common_shares": 1941485,
            "book_valuer_per_share": 9.68,
            "book_valuer_per_share_4q_avg": 9.86,
            "equity": 1833386,
            "current_ratio": 137.48,
            "debt_ratio": 55.56,
            "inventory_turnover_ratio": 1.21,
            "account_receivable_turnover_ratio": 1.17,
            "reinvestment_rate": null,
            "research_to_sale_ratio": 0.15,
            "price_fair": 19.6,
            "eps_avg_yearly": 0.56,
            "eps_latest_yearly": 0.56,
            "eps_growth_yearly": 400
        },
        "20113": {
            "year_quarter": 20113,
            "year": 2011,
            "quarter": 3,
            "eps": -0.53,
            "eps_growth_year": -855.23,
            "eps_4q": -0.67,
            "eps_4q_growth_year": null,
            "roe": -5.56,
            "roe_4q": -7.199999999999999,
            "gross_profit": -895,
            "gross_margin": -0.07,
            "gross_margin_4q_avg": 0.9,
            "net_income": -99776,
            "revenue": 1293419,
            "common_shares": 1941485,
            "book_valuer_per_share": 9.29,
            "book_valuer_per_share_4q_avg": 9.68,
            "equity": 1752793,
            "current_ratio": 134.17,
            "debt_ratio": 56.52,
            "inventory_turnover_ratio": 1.08,
            "account_receivable_turnover_ratio": 1,
            "reinvestment_rate": null,
            "research_to_sale_ratio": 0.18,
            "price_fair": 19.6,
            "eps_avg_yearly": 0.56,
            "eps_latest_yearly": 0.56,
            "eps_growth_yearly": 400
        },
        "20114": {
            "year_quarter": 20114,
            "year": 2011,
            "quarter": 4,
            "eps": -0.22,
            "eps_growth_year": -258.55,
            "eps_4q": -1.02,
            "eps_4q_growth_year": null,
            "roe": -2.35,
            "roe_4q": -10.82,
            "gross_profit": -13944,
            "gross_margin": -1.19,
            "gross_margin_4q_avg": 0.48,
            "net_income": -40785,
            "revenue": 1168765,
            "common_shares": 1941485,
            "book_valuer_per_share": 9.07,
            "book_valuer_per_share_4q_avg": 9.45,
            "equity": 1717833,
            "current_ratio": 138.77,
            "debt_ratio": 53.33,
            "inventory_turnover_ratio": 1.01,
            "account_receivable_turnover_ratio": 1.05,
            "reinvestment_rate": null,
            "research_to_sale_ratio": 0.19,
            "price_fair": 19.6,
            "eps_avg_yearly": 0.56,
            "eps_latest_yearly": 0.56,
            "eps_growth_yearly": 400
        },
        "20121": {
            "year_quarter": 20121,
            "year": 2012,
            "quarter": 1,
            "eps": 0.08,
            "eps_growth_year": null,
            "eps_4q": -0.63,
            "eps_4q_growth_year": null,
            "roe": 0.93,
            "roe_4q": -6.699999999999999,
            "gross_profit": 37512,
            "gross_margin": 3.85,
            "gross_margin_4q_avg": 1.26,
            "net_income": 15927,
            "revenue": 975122,
            "common_shares": 1941485,
            "book_valuer_per_share": 9.08,
            "book_valuer_per_share_4q_avg": 9.28,
            "equity": 1721010,
            "current_ratio": 141.52,
            "debt_ratio": 51.78,
            "inventory_turnover_ratio": 0.88,
            "account_receivable_turnover_ratio": 1.05,
            "reinvestment_rate": null,
            "research_to_sale_ratio": 0.25,
            "price_fair": 19.6,
            "eps_avg_yearly": 0.56,
            "eps_latest_yearly": 0.56,
            "eps_growth_yearly": 400
        },
        "20122": {
            "year_quarter": 20122,
            "year": 2012,
            "quarter": 2,
            "eps": 0.01,
            "eps_growth_year": -57.46,
            "eps_4q": -0.65,
            "eps_4q_growth_year": null,
            "roe": 0.12,
            "roe_4q": -6.859999999999999,
            "gross_profit": 61497,
            "gross_margin": 5.36,
            "gross_margin_4q_avg": 1.99,
            "net_income": 2163,
            "revenue": 1148286,
            "common_shares": 1941485,
            "book_valuer_per_share": 9.31,
            "book_valuer_per_share_4q_avg": 9.19,
            "equity": 1764293,
            "current_ratio": 133.49,
            "debt_ratio": 55.74,
            "inventory_turnover_ratio": 1,
            "account_receivable_turnover_ratio": 1.18,
            "reinvestment_rate": null,
            "research_to_sale_ratio": 0.22,
            "price_fair": 10.5,
            "eps_avg_yearly": 0.3,
            "eps_latest_yearly": 0.04,
            "eps_growth_yearly": 25
        },
        "20123": {
            "year_quarter": 20123,
            "year": 2012,
            "quarter": 3,
            "eps": 0.11,
            "eps_growth_year": null,
            "eps_4q": -0.01,
            "eps_4q_growth_year": null,
            "roe": 1.17,
            "roe_4q": -0.1299999999999999,
            "gross_profit": 54832,
            "gross_margin": 4.68,
            "gross_margin_4q_avg": 3.18,
            "net_income": 20638,
            "revenue": 1171060,
            "common_shares": 1941485,
            "book_valuer_per_share": 9.36,
            "book_valuer_per_share_4q_avg": 9.21,
            "equity": 1773199,
            "current_ratio": 139.33,
            "debt_ratio": 53.22,
            "inventory_turnover_ratio": 1.03,
            "account_receivable_turnover_ratio": 1.09,
            "reinvestment_rate": null,
            "research_to_sale_ratio": 0.22,
            "price_fair": 12.13,
            "eps_avg_yearly": 0.35,
            "eps_latest_yearly": 0.44,
            "eps_growth_yearly": 1350
        },
        "20124": {
            "year_quarter": 20124,
            "year": 2012,
            "quarter": 4,
            "eps": -0.14,
            "eps_growth_year": null,
            "eps_4q": 0.07,
            "eps_4q_growth_year": null,
            "roe": -1.49,
            "roe_4q": 0.73,
            "gross_profit": 26379,
            "gross_margin": 2.6,
            "gross_margin_4q_avg": 4.12,
            "net_income": -26153,
            "revenue": 1013674,
            "common_shares": 1941485,
            "book_valuer_per_share": 9.22,
            "book_valuer_per_share_4q_avg": 9.24,
            "equity": 1746368,
            "current_ratio": 148.78,
            "debt_ratio": 50.63,
            "inventory_turnover_ratio": 1.05,
            "account_receivable_turnover_ratio": 1,
            "reinvestment_rate": null,
            "research_to_sale_ratio": 0.31,
            "price_fair": 12.13,
            "eps_avg_yearly": 0.35,
            "eps_latest_yearly": 0.44,
            "eps_growth_yearly": 1350
        },
        "20131": {
            "year_quarter": 20131,
            "year": 2013,
            "quarter": 1,
            "eps": 0.31,
            "eps_growth_year": 287.5,
            "eps_4q": 0.3,
            "eps_4q_growth_year": null,
            "roe": 3.35,
            "roe_4q": 3.1500000000000004,
            "gross_profit": 17316,
            "gross_margin": 2.46,
            "gross_margin_4q_avg": 3.78,
            "net_income": 59398,
            "revenue": 702660,
            "common_shares": 1941485,
            "book_valuer_per_share": 9.51,
            "book_valuer_per_share_4q_avg": 9.35,
            "equity": 1802913,
            "current_ratio": 154.2,
            "debt_ratio": 48.59,
            "inventory_turnover_ratio": 0.7,
            "account_receivable_turnover_ratio": 0.84,
            "reinvestment_rate": null,
            "research_to_sale_ratio": 0.44,
            "price_fair": 12.13,
            "eps_avg_yearly": 0.35,
            "eps_latest_yearly": 0.44,
            "eps_growth_yearly": 1350
        },
        "20132": {
            "year_quarter": 20132,
            "year": 2013,
            "quarter": 2,
            "eps": -0.18,
            "eps_growth_year": -1676.87,
            "eps_4q": 0.1,
            "eps_4q_growth_year": null,
            "roe": -1.96,
            "roe_4q": 1.07,
            "gross_profit": 8221,
            "gross_margin": 0.9,
            "gross_margin_4q_avg": 2.66,
            "net_income": -35072,
            "revenue": 913924,
            "common_shares": 1941485,
            "book_valuer_per_share": 9.36,
            "book_valuer_per_share_4q_avg": 9.36,
            "equity": 1773745,
            "current_ratio": 150.67,
            "debt_ratio": 48.78,
            "inventory_turnover_ratio": 0.9,
            "account_receivable_turnover_ratio": 1.1,
            "reinvestment_rate": null,
            "research_to_sale_ratio": 0.43,
            "price_fair": 12.13,
            "eps_avg_yearly": 0.35,
            "eps_latest_yearly": 0.44,
            "eps_growth_yearly": 1350
        },
        "20133": {
            "year_quarter": 20133,
            "year": 2013,
            "quarter": 3,
            "eps": -0.1,
            "eps_growth_year": -191.82,
            "eps_4q": -0.11,
            "eps_4q_growth_year": null,
            "roe": -1.05,
            "roe_4q": -1.1499999999999997,
            "gross_profit": 20396,
            "gross_margin": 2.34,
            "gross_margin_4q_avg": 2.08,
            "net_income": -18474,
            "revenue": 873170,
            "common_shares": 1941485,
            "book_valuer_per_share": 9.22,
            "book_valuer_per_share_4q_avg": 9.33,
            "equity": 1746380,
            "current_ratio": 148.13,
            "debt_ratio": 49.59,
            "inventory_turnover_ratio": 0.89,
            "account_receivable_turnover_ratio": 0.99,
            "reinvestment_rate": null,
            "research_to_sale_ratio": 0.76,
            "price_fair": 12.13,
            "eps_avg_yearly": 0.35,
            "eps_latest_yearly": 0.44,
            "eps_growth_yearly": 1350
        },
        "20134": {
            "year_quarter": 20134,
            "year": 2013,
            "quarter": 4,
            "eps": -0.01,
            "eps_growth_year": null,
            "eps_4q": 0.02,
            "eps_4q_growth_year": -74.03,
            "roe": -0.15,
            "roe_4q": 0.18999999999999995,
            "gross_profit": 39275,
            "gross_margin": 4.25,
            "gross_margin_4q_avg": 2.49,
            "net_income": -2586,
            "revenue": 925080,
            "common_shares": 1941485,
            "book_valuer_per_share": 9.22,
            "book_valuer_per_share_4q_avg": 9.33,
            "equity": 1747813,
            "current_ratio": 145.63,
            "debt_ratio": 50.73,
            "inventory_turnover_ratio": 0.87,
            "account_receivable_turnover_ratio": 1.06,
            "reinvestment_rate": null,
            "research_to_sale_ratio": 0.42,
            "price_fair": 12.13,
            "eps_avg_yearly": 0.35,
            "eps_latest_yearly": 0.44,
            "eps_growth_yearly": 1350
        },
        "20141": {
            "year_quarter": 20141,
            "year": 2014,
            "quarter": 1,
            "eps": -0.54,
            "eps_growth_year": -274.19,
            "eps_4q": -0.84,
            "eps_4q_growth_year": -383.19,
            "roe": -6.02,
            "roe_4q": -9.18,
            "gross_profit": 13435,
            "gross_margin": 1.29,
            "gross_margin_4q_avg": 2.2,
            "net_income": -102585,
            "revenue": 1045092,
            "common_shares": 1941485,
            "book_valuer_per_share": 8.75,
            "book_valuer_per_share_4q_avg": 9.14,
            "equity": 1658701,
            "current_ratio": 129.79,
            "debt_ratio": 57.42,
            "inventory_turnover_ratio": 0.96,
            "account_receivable_turnover_ratio": 1.06,
            "reinvestment_rate": null,
            "research_to_sale_ratio": 0.33,
            "price_fair": 12.13,
            "eps_avg_yearly": 0.35,
            "eps_latest_yearly": 0.44,
            "eps_growth_yearly": 1350
        },
        "20142": {
            "year_quarter": 20142,
            "year": 2014,
            "quarter": 2,
            "eps": 0.05,
            "eps_growth_year": null,
            "eps_4q": -0.61,
            "eps_4q_growth_year": -710.38,
            "roe": 0.53,
            "roe_4q": -6.6899999999999995,
            "gross_profit": 24478,
            "gross_margin": 2.55,
            "gross_margin_4q_avg": 2.61,
            "net_income": 8826,
            "revenue": 958137,
            "common_shares": 1941485,
            "book_valuer_per_share": 8.68,
            "book_valuer_per_share_4q_avg": 8.97,
            "equity": 1643968,
            "current_ratio": 126.52,
            "debt_ratio": 60.09,
            "inventory_turnover_ratio": 0.73,
            "account_receivable_turnover_ratio": 0.92,
            "reinvestment_rate": null,
            "research_to_sale_ratio": 0.33,
            "price_fair": 12.13,
            "eps_avg_yearly": 0.35,
            "eps_latest_yearly": 0.44,
            "eps_growth_yearly": 1350
        },
        "20143": {
            "year_quarter": 20143,
            "year": 2014,
            "quarter": 3,
            "eps": -0.11,
            "eps_growth_year": null,
            "eps_4q": -0.62,
            "eps_4q_growth_year": null,
            "roe": -1.3,
            "roe_4q": -6.9399999999999995,
            "gross_profit": 13544,
            "gross_margin": 1.5,
            "gross_margin_4q_avg": 2.4,
            "net_income": -21283,
            "revenue": 902824,
            "common_shares": 1941485,
            "book_valuer_per_share": 8.62,
            "book_valuer_per_share_4q_avg": 8.82,
            "equity": 1633706,
            "current_ratio": 125.83,
            "debt_ratio": 60.32,
            "inventory_turnover_ratio": 0.61,
            "account_receivable_turnover_ratio": 0.92,
            "reinvestment_rate": null,
            "research_to_sale_ratio": 0.24,
            "price_fair": 12.13,
            "eps_avg_yearly": 0.35,
            "eps_latest_yearly": 0.44,
            "eps_growth_yearly": 1350
        },
        "20144": {
            "year_quarter": 20144,
            "year": 2014,
            "quarter": 4,
            "eps": -0.39,
            "eps_growth_year": null,
            "eps_4q": -1,
            "eps_4q_growth_year": -5903.49,
            "roe": -4.65,
            "roe_4q": -11.44,
            "gross_profit": 16435,
            "gross_margin": 1.77,
            "gross_margin_4q_avg": 1.78,
            "net_income": -74496,
            "revenue": 928698,
            "common_shares": 1941485,
            "book_valuer_per_share": 8.27,
            "book_valuer_per_share_4q_avg": 8.58,
            "equity": 1567051,
            "current_ratio": 130.1,
            "debt_ratio": 59.32,
            "inventory_turnover_ratio": 0.66,
            "account_receivable_turnover_ratio": 0.98,
            "reinvestment_rate": null,
            "research_to_sale_ratio": 0.2,
            "price_fair": 8.4,
            "eps_avg_yearly": 0.24,
            "eps_latest_yearly": 0.44,
            "eps_growth_yearly": 1825
        },
        "20151": {
            "year_quarter": 20151,
            "year": 2015,
            "quarter": 1,
            "eps": 1.92,
            "eps_growth_year": null,
            "eps_4q": 1.46,
            "eps_4q_growth_year": null,
            "roe": 20.87,
            "roe_4q": 15.449999999999998,
            "gross_profit": 7384,
            "gross_margin": 0.79,
            "gross_margin_4q_avg": 1.65,
            "net_income": 364360,
            "revenue": 936116,
            "common_shares": 1941485,
            "book_valuer_per_share": 10.16,
            "book_valuer_per_share_4q_avg": 8.93,
            "equity": 1925024,
            "current_ratio": 153.48,
            "debt_ratio": 52.97,
            "inventory_turnover_ratio": 0.75,
            "account_receivable_turnover_ratio": 1.03,
            "reinvestment_rate": -1639.12,
            "research_to_sale_ratio": 0.17,
            "price_fair": 8.4,
            "eps_avg_yearly": 0.24,
            "eps_latest_yearly": 0.44,
            "eps_growth_yearly": 1825
        },
        "20152": {
            "year_quarter": 20152,
            "year": 2015,
            "quarter": 2,
            "eps": -0.27,
            "eps_growth_year": -640,
            "eps_4q": 1.14,
            "eps_4q_growth_year": null,
            "roe": -2.73,
            "roe_4q": 12.19,
            "gross_profit": 16575,
            "gross_margin": 1.91,
            "gross_margin_4q_avg": 1.49,
            "net_income": -51704,
            "revenue": 869815,
            "common_shares": 1941485,
            "book_valuer_per_share": 9.82,
            "book_valuer_per_share_4q_avg": 9.22,
            "equity": 1861043,
            "current_ratio": 157.81,
            "debt_ratio": 51.26,
            "inventory_turnover_ratio": 0.81,
            "account_receivable_turnover_ratio": 1,
            "reinvestment_rate": null,
            "research_to_sale_ratio": 0.16,
            "price_fair": 8.4,
            "eps_avg_yearly": 0.24,
            "eps_latest_yearly": 0.44,
            "eps_growth_yearly": 1825
        },
        "20153": {
            "year_quarter": 20153,
            "year": 2015,
            "quarter": 3,
            "eps": -0.5,
            "eps_growth_year": null,
            "eps_4q": 0.75,
            "eps_4q_growth_year": null,
            "roe": -5.21,
            "roe_4q": 8.280000000000001,
            "gross_profit": 41884,
            "gross_margin": 4.82,
            "gross_margin_4q_avg": 2.32,
            "net_income": -95482,
            "revenue": 869732,
            "common_shares": 1941485,
            "book_valuer_per_share": 9.53,
            "book_valuer_per_share_4q_avg": 9.45,
            "equity": 1805909,
            "current_ratio": 149.94,
            "debt_ratio": 54.56,
            "inventory_turnover_ratio": 0.89,
            "account_receivable_turnover_ratio": 0.99,
            "reinvestment_rate": -31591.57,
            "research_to_sale_ratio": 0.1,
            "price_fair": 8.4,
            "eps_avg_yearly": 0.24,
            "eps_latest_yearly": 0.44,
            "eps_growth_yearly": 1825
        },
        "20154": {
            "year_quarter": 20154,
            "year": 2015,
            "quarter": 4,
            "eps": -0.14,
            "eps_growth_year": null,
            "eps_4q": 1.01,
            "eps_4q_growth_year": null,
            "roe": -1.44,
            "roe_4q": 11.49,
            "gross_profit": 7043,
            "gross_margin": 0.87,
            "gross_margin_4q_avg": 2.1,
            "net_income": -25615,
            "revenue": 812161,
            "common_shares": 1941485,
            "book_valuer_per_share": 9.29,
            "book_valuer_per_share_4q_avg": 9.7,
            "equity": 1760960,
            "current_ratio": 141.23,
            "debt_ratio": 55.12,
            "inventory_turnover_ratio": 0.91,
            "account_receivable_turnover_ratio": 0.92,
            "reinvestment_rate": -4665.39,
            "research_to_sale_ratio": 0.15,
            "price_fair": 8.4,
            "eps_avg_yearly": 0.24,
            "eps_latest_yearly": 0.44,
            "eps_growth_yearly": 1825
        },
        "20161": {
            "year_quarter": 20161,
            "year": 2016,
            "quarter": 1,
            "eps": -0.05,
            "eps_growth_year": -102.6,
            "eps_4q": -0.96,
            "eps_4q_growth_year": -165.75,
            "roe": -0.55,
            "roe_4q": -9.93,
            "gross_profit": 36098,
            "gross_margin": 5.27,
            "gross_margin_4q_avg": 3.22,
            "net_income": -9583,
            "revenue": 685296,
            "common_shares": 1941485,
            "book_valuer_per_share": 9.18,
            "book_valuer_per_share_4q_avg": 9.46,
            "equity": 1740284,
            "current_ratio": 147.95,
            "debt_ratio": 50.91,
            "inventory_turnover_ratio": 0.77,
            "account_receivable_turnover_ratio": 0.92,
            "reinvestment_rate": null,
            "research_to_sale_ratio": 0.22,
            "price_fair": 8.4,
            "eps_avg_yearly": 0.24,
            "eps_latest_yearly": 0.44,
            "eps_growth_yearly": 1825
        },
        "20162": {
            "year_quarter": 20162,
            "year": 2016,
            "quarter": 2,
            "eps": 0.15,
            "eps_growth_year": null,
            "eps_4q": -0.54,
            "eps_4q_growth_year": -146.98,
            "roe": 1.64,
            "roe_4q": -5.5600000000000005,
            "gross_profit": 67144,
            "gross_margin": 8.5,
            "gross_margin_4q_avg": 4.87,
            "net_income": 28783,
            "revenue": 789700,
            "common_shares": 1941485,
            "book_valuer_per_share": 9.31,
            "book_valuer_per_share_4q_avg": 9.33,
            "equity": 1763492,
            "current_ratio": 155.14,
            "debt_ratio": 48.41,
            "inventory_turnover_ratio": 0.84,
            "account_receivable_turnover_ratio": 1.15,
            "reinvestment_rate": -4471.37,
            "research_to_sale_ratio": 0.17,
            "price_fair": 15.4,
            "eps_avg_yearly": 0.44,
            "eps_latest_yearly": 0.44,
            "eps_growth_yearly": 4000
        },
        "20163": {
            "year_quarter": 20163,
            "year": 2016,
            "quarter": 3,
            "eps": 0.15,
            "eps_growth_year": null,
            "eps_4q": 0.11,
            "eps_4q_growth_year": -85.19,
            "roe": 1.56,
            "roe_4q": 1.2100000000000004,
            "gross_profit": 64105,
            "gross_margin": 8.73,
            "gross_margin_4q_avg": 5.84,
            "net_income": 27542,
            "revenue": 734553,
            "common_shares": 1941485,
            "book_valuer_per_share": 9.32,
            "book_valuer_per_share_4q_avg": 9.28,
            "equity": 1766312,
            "current_ratio": 154.22,
            "debt_ratio": 48.79,
            "inventory_turnover_ratio": 0.75,
            "account_receivable_turnover_ratio": 1.1,
            "reinvestment_rate": -3268.68,
            "research_to_sale_ratio": 0.17,
            "price_fair": 6,
            "eps_avg_yearly": 0.6,
            "eps_latest_yearly": 0.6,
            "eps_growth_yearly": 0
        },
        "20164": {
            "year_quarter": 20164,
            "year": 2016,
            "quarter": 4,
            "eps": -0.13,
            "eps_growth_year": null,
            "eps_4q": 0.11,
            "eps_4q_growth_year": -88.85,
            "roe": -1.45,
            "roe_4q": 1.2,
            "gross_profit": 42519,
            "gross_margin": 5.86,
            "gross_margin_4q_avg": 7.09,
            "net_income": -25374,
            "revenue": 726082,
            "common_shares": 1941485,
            "book_valuer_per_share": 9.19,
            "book_valuer_per_share_4q_avg": 9.25,
            "equity": 1742346,
            "current_ratio": 154.2,
            "debt_ratio": 49.57,
            "inventory_turnover_ratio": 0.78,
            "account_receivable_turnover_ratio": 1.17,
            "reinvestment_rate": -3160.31,
            "research_to_sale_ratio": 0.18,
            "price_fair": 6,
            "eps_avg_yearly": 0.6,
            "eps_latest_yearly": 0.6,
            "eps_growth_yearly": 0
        },
        "20171": {
            "year_quarter": 20171,
            "year": 2017,
            "quarter": 1,
            "eps": -0.06,
            "eps_growth_year": null,
            "eps_4q": 0.1,
            "eps_4q_growth_year": null,
            "roe": -0.65,
            "roe_4q": 1.0999999999999999,
            "gross_profit": 19310,
            "gross_margin": 3.15,
            "gross_margin_4q_avg": 6.56,
            "net_income": -11062,
            "revenue": 613716,
            "common_shares": 1941485,
            "book_valuer_per_share": 8.89,
            "book_valuer_per_share_4q_avg": 9.18,
            "equity": 1684934,
            "current_ratio": 150.6,
            "debt_ratio": 50.69,
            "inventory_turnover_ratio": 0.67,
            "account_receivable_turnover_ratio": 0.97,
            "reinvestment_rate": null,
            "research_to_sale_ratio": 0.23,
            "price_fair": 6,
            "eps_avg_yearly": 0.6,
            "eps_latest_yearly": 0.6,
            "eps_growth_yearly": 0
        },
        "20172": {
            "year_quarter": 20172,
            "year": 2017,
            "quarter": 2,
            "eps": 0.06,
            "eps_growth_year": -60,
            "eps_4q": 0.01,
            "eps_4q_growth_year": null,
            "roe": 0.64,
            "roe_4q": 0.10000000000000009,
            "gross_profit": 46582,
            "gross_margin": 6.66,
            "gross_margin_4q_avg": 6.1,
            "net_income": 10764,
            "revenue": 699603,
            "common_shares": 1941485,
            "book_valuer_per_share": 8.97,
            "book_valuer_per_share_4q_avg": 9.09,
            "equity": 1700152,
            "current_ratio": 145.65,
            "debt_ratio": 53,
            "inventory_turnover_ratio": 0.67,
            "account_receivable_turnover_ratio": 1.08,
            "reinvestment_rate": -8165.44,
            "research_to_sale_ratio": 0.25,
            "price_fair": 6,
            "eps_avg_yearly": 0.6,
            "eps_latest_yearly": 0.6,
            "eps_growth_yearly": 0
        },
        "20173": {
            "year_quarter": 20173,
            "year": 2017,
            "quarter": 3,
            "eps": -0.21,
            "eps_growth_year": -240,
            "eps_4q": -0.34,
            "eps_4q_growth_year": -407.59,
            "roe": -2.34,
            "roe_4q": -3.8,
            "gross_profit": 16758,
            "gross_margin": 2.14,
            "gross_margin_4q_avg": 4.45,
            "net_income": -39312,
            "revenue": 783024,
            "common_shares": 1941485,
            "book_valuer_per_share": 8.76,
            "book_valuer_per_share_4q_avg": 8.95,
            "equity": 1660093,
            "current_ratio": 143.82,
            "debt_ratio": 53.66,
            "inventory_turnover_ratio": 0.75,
            "account_receivable_turnover_ratio": 1.19,
            "reinvestment_rate": null,
            "research_to_sale_ratio": 0.2,
            "price_fair": 6,
            "eps_avg_yearly": 0.6,
            "eps_latest_yearly": 0.6,
            "eps_growth_yearly": 0
        },
        "20174": {
            "year_quarter": 20174,
            "year": 2017,
            "quarter": 4,
            "eps": -0.37,
            "eps_growth_year": null,
            "eps_4q": -0.58,
            "eps_4q_growth_year": -615.62,
            "roe": -4.36,
            "roe_4q": -6.710000000000001,
            "gross_profit": -26771,
            "gross_margin": -3.48,
            "gross_margin_4q_avg": 2.12,
            "net_income": -70567,
            "revenue": 770178,
            "common_shares": 1941485,
            "book_valuer_per_share": 8.33,
            "book_valuer_per_share_4q_avg": 8.74,
            "equity": 1578630,
            "current_ratio": 141.08,
            "debt_ratio": 53.95,
            "inventory_turnover_ratio": 0.78,
            "account_receivable_turnover_ratio": 1.19,
            "reinvestment_rate": null,
            "research_to_sale_ratio": 0.21,
            "price_fair": 6,
            "eps_avg_yearly": 0.6,
            "eps_latest_yearly": 0.6,
            "eps_growth_yearly": 0
        },
        "20181": {
            "year_quarter": 20181,
            "year": 2018,
            "quarter": 1,
            "eps": 0.08,
            "eps_growth_year": null,
            "eps_4q": -0.44,
            "eps_4q_growth_year": -522.28,
            "roe": 0.96,
            "roe_4q": -5.1000000000000005,
            "gross_profit": 41933,
            "gross_margin": 5.2,
            "gross_margin_4q_avg": 2.63,
            "net_income": 15128,
            "revenue": 806600,
            "common_shares": 1941485,
            "book_valuer_per_share": 8.32,
            "book_valuer_per_share_4q_avg": 8.6,
            "equity": 1577138,
            "current_ratio": 153.59,
            "debt_ratio": 47.94,
            "inventory_turnover_ratio": 0.81,
            "account_receivable_turnover_ratio": 1.31,
            "reinvestment_rate": -772.57,
            "research_to_sale_ratio": 0.21,
            "price_fair": 6,
            "eps_avg_yearly": 0.6,
            "eps_latest_yearly": 0.6,
            "eps_growth_yearly": 0
        },
        "20182": {
            "year_quarter": 20182,
            "year": 2018,
            "quarter": 2,
            "eps": 0.04,
            "eps_growth_year": -33.33,
            "eps_4q": -0.46,
            "eps_4q_growth_year": -4779.75,
            "roe": 0.45,
            "roe_4q": -5.29,
            "gross_profit": 63217,
            "gross_margin": 8.14,
            "gross_margin_4q_avg": 3,
            "net_income": 7243,
            "revenue": 776768,
            "common_shares": 1941485,
            "book_valuer_per_share": 8.51,
            "book_valuer_per_share_4q_avg": 8.48,
            "equity": 1613339,
            "current_ratio": 156.69,
            "debt_ratio": 47.95,
            "inventory_turnover_ratio": 0.78,
            "account_receivable_turnover_ratio": 1.37,
            "reinvestment_rate": -813.08,
            "research_to_sale_ratio": 0.2,
            "price_fair": 1.14,
            "eps_avg_yearly": 0.38,
            "eps_latest_yearly": 0.16,
            "eps_growth_yearly": -100
        },
        "20183": {
            "year_quarter": 20183,
            "year": 2018,
            "quarter": 3,
            "eps": -0.02,
            "eps_growth_year": null,
            "eps_4q": -0.27,
            "eps_4q_growth_year": null,
            "roe": -0.23,
            "roe_4q": -3.1800000000000006,
            "gross_profit": 63508,
            "gross_margin": 8.62,
            "gross_margin_4q_avg": 4.62,
            "net_income": -3669,
            "revenue": 737114,
            "common_shares": 1941485,
            "book_valuer_per_share": 8.47,
            "book_valuer_per_share_4q_avg": 8.41,
            "equity": 1605420,
            "current_ratio": 149.84,
            "debt_ratio": 50.35,
            "inventory_turnover_ratio": 0.66,
            "account_receivable_turnover_ratio": 1.35,
            "reinvestment_rate": -528.15,
            "research_to_sale_ratio": 0.2,
            "price_fair": 1.14,
            "eps_avg_yearly": 0.38,
            "eps_latest_yearly": 0.16,
            "eps_growth_yearly": -100
        },
        "20184": {
            "year_quarter": 20184,
            "year": 2018,
            "quarter": 4,
            "eps": -0.04,
            "eps_growth_year": null,
            "eps_4q": 0.06,
            "eps_4q_growth_year": null,
            "roe": -0.51,
            "roe_4q": 0.6699999999999999,
            "gross_profit": 46579,
            "gross_margin": 6.28,
            "gross_margin_4q_avg": 7.06,
            "net_income": -8221,
            "revenue": 742278,
            "common_shares": 1941485,
            "book_valuer_per_share": 8.48,
            "book_valuer_per_share_4q_avg": 8.45,
            "equity": 1607661,
            "current_ratio": 156.76,
            "debt_ratio": 48.13,
            "inventory_turnover_ratio": 0.65,
            "account_receivable_turnover_ratio": 1.44,
            "reinvestment_rate": -147.12,
            "research_to_sale_ratio": 0.2,
            "price_fair": 1.14,
            "eps_avg_yearly": 0.38,
            "eps_latest_yearly": 0.16,
            "eps_growth_yearly": -100
        },
        "20191": {
            "year_quarter": 20191,
            "year": 2019,
            "quarter": 1,
            "eps": 0.02,
            "eps_growth_year": -75,
            "eps_4q": -0,
            "eps_4q_growth_year": null,
            "roe": 0.26,
            "roe_4q": -0.02999999999999997,
            "gross_profit": 29861,
            "gross_margin": 4.85,
            "gross_margin_4q_avg": 6.97,
            "net_income": 4231,
            "revenue": 615923,
            "common_shares": 1941485,
            "book_valuer_per_share": 8.51,
            "book_valuer_per_share_4q_avg": 8.49,
            "equity": 1612600,
            "current_ratio": 158.22,
            "debt_ratio": 47.71,
            "inventory_turnover_ratio": 0.55,
            "account_receivable_turnover_ratio": 1.14,
            "reinvestment_rate": null,
            "research_to_sale_ratio": 0.25,
            "price_fair": 1.14,
            "eps_avg_yearly": 0.38,
            "eps_latest_yearly": 0.16,
            "eps_growth_yearly": -100
        },
        "20192": {
            "year_quarter": 20192,
            "year": 2019,
            "quarter": 2,
            "eps": -0.06,
            "eps_growth_year": -250,
            "eps_4q": -0.1,
            "eps_4q_growth_year": null,
            "roe": -0.76,
            "roe_4q": -1.24,
            "gross_profit": 51767,
            "gross_margin": 6.89,
            "gross_margin_4q_avg": 6.66,
            "net_income": -12215,
            "revenue": 751028,
            "common_shares": 1941485,
            "book_valuer_per_share": 8.45,
            "book_valuer_per_share_4q_avg": 8.48,
            "equity": 1601393,
            "current_ratio": 154.18,
            "debt_ratio": 48,
            "inventory_turnover_ratio": 0.65,
            "account_receivable_turnover_ratio": 1.37,
            "reinvestment_rate": null,
            "research_to_sale_ratio": 0.21,
            "price_fair": 1.14,
            "eps_avg_yearly": 0.38,
            "eps_latest_yearly": 0.16,
            "eps_growth_yearly": -100
        },
        "20193": {
            "year_quarter": 20193,
            "year": 2019,
            "quarter": 3,
            "eps": -0.13,
            "eps_growth_year": null,
            "eps_4q": -0.22,
            "eps_4q_growth_year": null,
            "roe": -1.55,
            "roe_4q": -2.5599999999999996,
            "gross_profit": 43367,
            "gross_margin": 5.37,
            "gross_margin_4q_avg": 5.85,
            "net_income": -24588,
            "revenue": 807392,
            "common_shares": 1941485,
            "book_valuer_per_share": 8.31,
            "book_valuer_per_share_4q_avg": 8.44,
            "equity": 1575091,
            "current_ratio": 141.05,
            "debt_ratio": 54,
            "inventory_turnover_ratio": 0.61,
            "account_receivable_turnover_ratio": 1.64,
            "reinvestment_rate": null,
            "research_to_sale_ratio": 0.18,
            "price_fair": 1.14,
            "eps_avg_yearly": 0.38,
            "eps_latest_yearly": 0.16,
            "eps_growth_yearly": -100
        },
        "20194": {
            "year_quarter": 20194,
            "year": 2019,
            "quarter": 4,
            "eps": -0.14,
            "eps_growth_year": null,
            "eps_4q": -0.31,
            "eps_4q_growth_year": -655.16,
            "roe": -1.65,
            "roe_4q": -3.7,
            "gross_profit": 24128,
            "gross_margin": 2.47,
            "gross_margin_4q_avg": 4.9,
            "net_income": -25614,
            "revenue": 978303,
            "common_shares": 1941485,
            "book_valuer_per_share": 8.11,
            "book_valuer_per_share_4q_avg": 8.35,
            "equity": 1536646,
            "current_ratio": 154.2,
            "debt_ratio": 46.95,
            "inventory_turnover_ratio": 0.76,
            "account_receivable_turnover_ratio": 2.33,
            "reinvestment_rate": null,
            "research_to_sale_ratio": 0.23,
            "price_fair": 1.14,
            "eps_avg_yearly": 0.38,
            "eps_latest_yearly": 0.16,
            "eps_growth_yearly": -100
        },
        "20201": {
            "year_quarter": 20201,
            "year": 2020,
            "quarter": 1,
            "eps": -0.1,
            "eps_growth_year": -600,
            "eps_4q": -0.43,
            "eps_4q_growth_year": null,
            "roe": -1.2,
            "roe_4q": -5.159999999999999,
            "gross_profit": 31885,
            "gross_margin": 5.15,
            "gross_margin_4q_avg": 4.97,
            "net_income": -18270,
            "revenue": 618589,
            "common_shares": 1941485,
            "book_valuer_per_share": 8.02,
            "book_valuer_per_share_4q_avg": 8.22,
            "equity": 1520427,
            "current_ratio": 150.89,
            "debt_ratio": 48.02,
            "inventory_turnover_ratio": 0.55,
            "account_receivable_turnover_ratio": 1.47,
            "reinvestment_rate": null,
            "research_to_sale_ratio": 0.3,
            "price_fair": 1.14,
            "eps_avg_yearly": 0.38,
            "eps_latest_yearly": 0.16,
            "eps_growth_yearly": -100
        },
        "20202": {
            "year_quarter": 20202,
            "year": 2020,
            "quarter": 2,
            "eps": 0.08,
            "eps_growth_year": null,
            "eps_4q": -0.28,
            "eps_4q_growth_year": null,
            "roe": 1.01,
            "roe_4q": -3.3899999999999997,
            "gross_profit": 51467,
            "gross_margin": 7.42,
            "gross_margin_4q_avg": 5.1,
            "net_income": 15394,
            "revenue": 693450,
            "common_shares": 1941485,
            "book_valuer_per_share": 8.07,
            "book_valuer_per_share_4q_avg": 8.13,
            "equity": 1528445,
            "current_ratio": 155.09,
            "debt_ratio": 46.63,
            "inventory_turnover_ratio": 0.63,
            "account_receivable_turnover_ratio": 1.65,
            "reinvestment_rate": null,
            "research_to_sale_ratio": 0.52,
            "price_fair": 1.14,
            "eps_avg_yearly": 0.38,
            "eps_latest_yearly": 0.16,
            "eps_growth_yearly": -100
        },
        "20203": {
            "year_quarter": 20203,
            "year": 2020,
            "quarter": 3,
            "eps": 0.04,
            "eps_growth_year": null,
            "eps_4q": -0.11,
            "eps_4q_growth_year": null,
            "roe": 0.54,
            "roe_4q": -1.2999999999999998,
            "gross_profit": 29653,
            "gross_margin": 4.58,
            "gross_margin_4q_avg": 4.91,
            "net_income": 8183,
            "revenue": 646989,
            "common_shares": 1941485,
            "book_valuer_per_share": 8.05,
            "book_valuer_per_share_4q_avg": 8.06,
            "equity": 1524563,
            "current_ratio": 165.79,
            "debt_ratio": 42.72,
            "inventory_turnover_ratio": 0.63,
            "account_receivable_turnover_ratio": 1.8,
            "reinvestment_rate": null,
            "research_to_sale_ratio": 0.33,
            "price_fair": 0.48,
            "eps_avg_yearly": 0.16,
            "eps_latest_yearly": 0.16,
            "eps_growth_yearly": -200
        },
        "20204": {
            "year_quarter": 20204,
            "year": 2020,
            "quarter": 4,
            "eps": -0.02,
            "eps_growth_year": null,
            "eps_4q": 0.01,
            "eps_4q_growth_year": null,
            "roe": -0.24,
            "roe_4q": 0.1100000000000001,
            "gross_profit": 15307,
            "gross_margin": 2.12,
            "gross_margin_4q_avg": 4.82,
            "net_income": -3604,
            "revenue": 723705,
            "common_shares": 1941485,
            "book_valuer_per_share": 7.95,
            "book_valuer_per_share_4q_avg": 8.02,
            "equity": 1506404,
            "current_ratio": 159.34,
            "debt_ratio": 45.74,
            "inventory_turnover_ratio": 0.75,
            "account_receivable_turnover_ratio": 1.58,
            "reinvestment_rate": null,
            "research_to_sale_ratio": 0.47,
            "price_fair": 0.48,
            "eps_avg_yearly": 0.16,
            "eps_latest_yearly": 0.16,
            "eps_growth_yearly": -200
        },
        "20211": {
            "year_quarter": 20211,
            "year": 2021,
            "quarter": 1,
            "eps": 0.03,
            "eps_growth_year": null,
            "eps_4q": 0.13,
            "eps_4q_growth_year": null,
            "roe": 0.34,
            "roe_4q": 1.6500000000000001,
            "gross_profit": 57622,
            "gross_margin": 9.17,
            "gross_margin_4q_avg": 5.82,
            "net_income": 5134,
            "revenue": 628280,
            "common_shares": 1941485,
            "book_valuer_per_share": 8.01,
            "book_valuer_per_share_4q_avg": 8.02,
            "equity": 1517391,
            "current_ratio": 162.19,
            "debt_ratio": 45.16,
            "inventory_turnover_ratio": 0.62,
            "account_receivable_turnover_ratio": 1.22,
            "reinvestment_rate": null,
            "research_to_sale_ratio": 0.3,
            "price_fair": 0.48,
            "eps_avg_yearly": 0.16,
            "eps_latest_yearly": 0.16,
            "eps_growth_yearly": -200
        },
        "20212": {
            "year_quarter": 20212,
            "year": 2021,
            "quarter": 2,
            "eps": 0.2,
            "eps_growth_year": 150,
            "eps_4q": 0.25,
            "eps_4q_growth_year": null,
            "roe": 2.52,
            "roe_4q": 3.16,
            "gross_profit": 62855,
            "gross_margin": 7.9,
            "gross_margin_4q_avg": 5.94,
            "net_income": 38553,
            "revenue": 795366,
            "common_shares": 1941485,
            "book_valuer_per_share": 8.16,
            "book_valuer_per_share_4q_avg": 8.04,
            "equity": 1546355,
            "current_ratio": 153.12,
            "debt_ratio": 49.86,
            "inventory_turnover_ratio": 0.73,
            "account_receivable_turnover_ratio": 1.76,
            "reinvestment_rate": null,
            "research_to_sale_ratio": 0.27,
            "price_fair": 13.07,
            "eps_avg_yearly": 0.37,
            "eps_latest_yearly": 0.8,
            "eps_growth_yearly": 622.22
        },
        "20213": {
            "year_quarter": 20213,
            "year": 2021,
            "quarter": 3,
            "eps": 0.12,
            "eps_growth_year": 200,
            "eps_4q": 0.33,
            "eps_4q_growth_year": null,
            "roe": 1.4,
            "roe_4q": 4.02,
            "gross_profit": 53589,
            "gross_margin": 6.99,
            "gross_margin_4q_avg": 6.55,
            "net_income": 21769,
            "revenue": 766472,
            "common_shares": 1941485,
            "book_valuer_per_share": 8.28,
            "book_valuer_per_share_4q_avg": 8.1,
            "equity": 1568348,
            "current_ratio": 151.92,
            "debt_ratio": 50.79,
            "inventory_turnover_ratio": 0.62,
            "account_receivable_turnover_ratio": 1.55,
            "reinvestment_rate": null,
            "research_to_sale_ratio": 0.25,
            "price_fair": 14,
            "eps_avg_yearly": 0.4,
            "eps_latest_yearly": 0.48,
            "eps_growth_yearly": 426.67
        },
        "20214": {
            "year_quarter": 20214,
            "year": 2021,
            "quarter": 4,
            "eps": 0.15,
            "eps_growth_year": null,
            "eps_4q": 0.5,
            "eps_4q_growth_year": 5452.84,
            "roe": 1.84,
            "roe_4q": 6.1,
            "gross_profit": 104018,
            "gross_margin": 10.21,
            "gross_margin_4q_avg": 8.57,
            "net_income": 29108,
            "revenue": 1018679,
            "common_shares": 1941485,
            "book_valuer_per_share": 8.4,
            "book_valuer_per_share_4q_avg": 8.21,
            "equity": 1592549,
            "current_ratio": 162.33,
            "debt_ratio": 49.07,
            "inventory_turnover_ratio": 0.78,
            "account_receivable_turnover_ratio": 1.83,
            "reinvestment_rate": -174.22,
            "research_to_sale_ratio": 0.42,
            "price_fair": 15.4,
            "eps_avg_yearly": 0.44,
            "eps_latest_yearly": 0.6,
            "eps_growth_yearly": 361.33
        },
        "20221": {
            "year_quarter": 20221,
            "year": 2022,
            "quarter": 1,
            "eps": 0.04,
            "eps_growth_year": 33.33,
            "eps_4q": 0.52,
            "eps_4q_growth_year": 289.74,
            "roe": 0.53,
            "roe_4q": 6.29,
            "gross_profit": 69803,
            "gross_margin": 8.13,
            "gross_margin_4q_avg": 8.31,
            "net_income": 8422,
            "revenue": 858356,
            "common_shares": 1941485,
            "book_valuer_per_share": 8.5,
            "book_valuer_per_share_4q_avg": 8.34,
            "equity": 1610681,
            "current_ratio": 153.17,
            "debt_ratio": 52.82,
            "inventory_turnover_ratio": 0.65,
            "account_receivable_turnover_ratio": 1.39,
            "reinvestment_rate": -187.82,
            "research_to_sale_ratio": 0.23,
            "price_fair": 13.77,
            "eps_avg_yearly": 0.39,
            "eps_latest_yearly": 0.16,
            "eps_growth_yearly": 252.22
        },
        "20222": {
            "year_quarter": 20222,
            "year": 2022,
            "quarter": 2,
            "eps": -0.02,
            "eps_growth_year": -110,
            "eps_4q": 0.29,
            "eps_4q_growth_year": 14.63,
            "roe": -0.25,
            "roe_4q": 3.52,
            "gross_profit": 54961,
            "gross_margin": 5.97,
            "gross_margin_4q_avg": 7.83,
            "net_income": -3971,
            "revenue": 920220,
            "common_shares": 1941485,
            "book_valuer_per_share": 8.57,
            "book_valuer_per_share_4q_avg": 8.44,
            "equity": 1624051,
            "current_ratio": 160.66,
            "debt_ratio": 50,
            "inventory_turnover_ratio": 0.65,
            "account_receivable_turnover_ratio": 1.64,
            "reinvestment_rate": -185.71,
            "research_to_sale_ratio": 0.91,
            "price_fair": 15.4,
            "eps_avg_yearly": 0.44,
            "eps_latest_yearly": 0.16,
            "eps_growth_yearly": 342.67
        },
        "20223": {
            "year_quarter": 20223,
            "year": 2022,
            "quarter": 3,
            "eps": -0.28,
            "eps_growth_year": -333.33,
            "eps_4q": -0.1,
            "eps_4q_growth_year": -131.27,
            "roe": -3.28,
            "roe_4q": -1.16,
            "gross_profit": 81533,
            "gross_margin": 7.83,
            "gross_margin_4q_avg": 8.04,
            "net_income": -52900,
            "revenue": 1040996,
            "common_shares": 1941485,
            "book_valuer_per_share": 8.44,
            "book_valuer_per_share_4q_avg": 8.48,
            "equity": 1598558,
            "current_ratio": 147.8,
            "debt_ratio": 52.79,
            "inventory_turnover_ratio": 0.71,
            "account_receivable_turnover_ratio": 1.77,
            "reinvestment_rate": null,
            "research_to_sale_ratio": 0.61,
            "price_fair": 15.4,
            "eps_avg_yearly": 0.44,
            "eps_latest_yearly": 0.16,
            "eps_growth_yearly": 342.67
        },
        "20224": {
            "year_quarter": 20224,
            "year": 2022,
            "quarter": 4,
            "eps": 0.35,
            "eps_growth_year": 129.84,
            "eps_4q": 0.1,
            "eps_4q_growth_year": -80.49,
            "roe": 4.11,
            "roe_4q": 1.1100000000000005,
            "gross_profit": 88948,
            "gross_margin": 9.91,
            "gross_margin_4q_avg": 7.96,
            "net_income": 66903,
            "revenue": 897900,
            "common_shares": 1941485,
            "book_valuer_per_share": 8.73,
            "book_valuer_per_share_4q_avg": 8.56,
            "equity": 1655070,
            "current_ratio": 159.48,
            "debt_ratio": 48.8,
            "inventory_turnover_ratio": 0.61,
            "account_receivable_turnover_ratio": 1.38,
            "reinvestment_rate": 98.07,
            "research_to_sale_ratio": 0.12,
            "price_fair": 15.4,
            "eps_avg_yearly": 0.44,
            "eps_latest_yearly": 0.16,
            "eps_growth_yearly": 342.67
        },
        "20231": {
            "year_quarter": 20231,
            "year": 2023,
            "quarter": 1,
            "eps": 0.09,
            "eps_growth_year": 125,
            "eps_4q": 0.14,
            "eps_4q_growth_year": -72.19,
            "roe": 1.03,
            "roe_4q": 1.6100000000000008,
            "gross_profit": 92130,
            "gross_margin": 10.38,
            "gross_margin_4q_avg": 8.52,
            "net_income": 17183,
            "revenue": 887954,
            "common_shares": 1941485,
            "book_valuer_per_share": 8.82,
            "book_valuer_per_share_4q_avg": 8.64,
            "equity": 1671104,
            "current_ratio": 163.99,
            "debt_ratio": 48.7,
            "inventory_turnover_ratio": 0.61,
            "account_receivable_turnover_ratio": 1.39,
            "reinvestment_rate": 75.3,
            "research_to_sale_ratio": 0.31,
            "price_fair": 14.93,
            "eps_avg_yearly": 0.43,
            "eps_latest_yearly": 0.36,
            "eps_growth_yearly": 236.03
        },
        "20232": {
            "year_quarter": 20232,
            "year": 2023,
            "quarter": 2,
            "eps": 0.33,
            "eps_growth_year": null,
            "eps_4q": 0.49,
            "eps_4q_growth_year": 68.14,
            "roe": 3.63,
            "roe_4q": 5.49,
            "gross_profit": 123779,
            "gross_margin": 12.06,
            "gross_margin_4q_avg": 10.05,
            "net_income": 61840,
            "revenue": 1026156,
            "common_shares": 1941485,
            "book_valuer_per_share": 9.17,
            "book_valuer_per_share_4q_avg": 8.79,
            "equity": 1736956,
            "current_ratio": 171.68,
            "debt_ratio": 46.27,
            "inventory_turnover_ratio": 0.71,
            "account_receivable_turnover_ratio": 1.44,
            "reinvestment_rate": 20.98,
            "research_to_sale_ratio": 0.23,
            "price_fair": 19.4,
            "eps_avg_yearly": 0.55,
            "eps_latest_yearly": 1.32,
            "eps_growth_yearly": 354.69
        }
    },
    "months": {
        "2001-06": {
            "month": "2001-06",
            "price": "5.64",
            "revenue": 100212
        },
        "2001-07": {
            "month": "2001-07",
            "price": "4.86",
            "revenue": 111602
        },
        "2001-08": {
            "month": "2001-08",
            "price": "4.88",
            "revenue": 132192
        },
        "2001-09": {
            "month": "2001-09",
            "price": "4.47",
            "revenue": 121233
        },
        "2001-10": {
            "month": "2001-10",
            "price": "3.54",
            "revenue": 124204
        },
        "2001-11": {
            "month": "2001-11",
            "price": "3.48",
            "revenue": 98867
        },
        "2001-12": {
            "month": "2001-12",
            "price": "4.38",
            "revenue": 126586
        },
        "2002-01": {
            "month": "2002-01",
            "price": "6.09",
            "revenue": 115582
        },
        "2002-02": {
            "month": "2002-02",
            "price": "7.16",
            "revenue": 76281
        },
        "2002-03": {
            "month": "2002-03",
            "price": "7.45",
            "revenue": 151211
        },
        "2002-04": {
            "month": "2002-04",
            "price": "11.46",
            "revenue": 124723
        },
        "2002-05": {
            "month": "2002-05",
            "price": "14.00",
            "revenue": 138879
        },
        "2002-06": {
            "month": "2002-06",
            "price": "13.12",
            "revenue": 153747
        },
        "2002-07": {
            "month": "2002-07",
            "price": "12.10",
            "revenue": 233116
        },
        "2002-08": {
            "month": "2002-08",
            "price": "11.05",
            "revenue": 177983
        },
        "2002-09": {
            "month": "2002-09",
            "price": "9.03",
            "revenue": 161468
        },
        "2002-10": {
            "month": "2002-10",
            "price": "8.23",
            "revenue": 151804
        },
        "2002-11": {
            "month": "2002-11",
            "price": "9.83",
            "revenue": 241271
        },
        "2002-12": {
            "month": "2002-12",
            "price": "11.03",
            "revenue": 185707
        },
        "2003-01": {
            "month": "2003-01",
            "price": "12.78",
            "revenue": 199521
        },
        "2003-02": {
            "month": "2003-02",
            "price": "14.59",
            "revenue": 156280
        },
        "2003-03": {
            "month": "2003-03",
            "price": "12.08",
            "revenue": 170334
        },
        "2003-04": {
            "month": "2003-04",
            "price": "10.15",
            "revenue": 161317
        },
        "2003-05": {
            "month": "2003-05",
            "price": "8.99",
            "revenue": 183024
        },
        "2003-06": {
            "month": "2003-06",
            "price": "10.13",
            "revenue": 145100
        },
        "2003-07": {
            "month": "2003-07",
            "price": "10.42",
            "revenue": 178048
        },
        "2003-08": {
            "month": "2003-08",
            "price": "9.90",
            "revenue": 129268
        },
        "2003-09": {
            "month": "2003-09",
            "price": "8.59",
            "revenue": 204721
        },
        "2003-10": {
            "month": "2003-10",
            "price": "8.80",
            "revenue": 198945
        },
        "2003-11": {
            "month": "2003-11",
            "price": "8.79",
            "revenue": 198689
        },
        "2003-12": {
            "month": "2003-12",
            "price": "9.13",
            "revenue": 217666
        },
        "2004-01": {
            "month": "2004-01",
            "price": "11.01",
            "revenue": 166471
        },
        "2004-02": {
            "month": "2004-02",
            "price": "10.90",
            "revenue": 185702
        },
        "2004-03": {
            "month": "2004-03",
            "price": "14.48",
            "revenue": 260010
        },
        "2004-04": {
            "month": "2004-04",
            "price": "15.60",
            "revenue": 242623
        },
        "2004-05": {
            "month": "2004-05",
            "price": "13.60",
            "revenue": 260595
        },
        "2004-06": {
            "month": "2004-06",
            "price": "12.45",
            "revenue": 282337
        },
        "2004-07": {
            "month": "2004-07",
            "price": "12.17",
            "revenue": 294084
        },
        "2004-08": {
            "month": "2004-08",
            "price": "12.72",
            "revenue": 303030
        },
        "2004-09": {
            "month": "2004-09",
            "price": "12.60",
            "revenue": 315382
        },
        "2004-10": {
            "month": "2004-10",
            "price": "12.36",
            "revenue": 321147
        },
        "2004-11": {
            "month": "2004-11",
            "price": "11.66",
            "revenue": 319768
        },
        "2004-12": {
            "month": "2004-12",
            "price": "11.57",
            "revenue": 232644
        },
        "2005-01": {
            "month": "2005-01",
            "price": "11.88",
            "revenue": 262582
        },
        "2005-02": {
            "month": "2005-02",
            "price": "11.67",
            "revenue": 222195
        },
        "2005-03": {
            "month": "2005-03",
            "price": "11.27",
            "revenue": 321820
        },
        "2005-04": {
            "month": "2005-04",
            "price": "10.49",
            "revenue": 324030
        },
        "2005-05": {
            "month": "2005-05",
            "price": "9.89",
            "revenue": 270112
        },
        "2005-06": {
            "month": "2005-06",
            "price": "10.08",
            "revenue": 364353
        },
        "2005-07": {
            "month": "2005-07",
            "price": "10.05",
            "revenue": 311071
        },
        "2005-08": {
            "month": "2005-08",
            "price": "9.69",
            "revenue": 327273
        },
        "2005-09": {
            "month": "2005-09",
            "price": "8.39",
            "revenue": 384962
        },
        "2005-10": {
            "month": "2005-10",
            "price": "7.98",
            "revenue": 375594
        },
        "2005-11": {
            "month": "2005-11",
            "price": "7.88",
            "revenue": 383764
        },
        "2005-12": {
            "month": "2005-12",
            "price": "8.36",
            "revenue": 316519
        },
        "2006-01": {
            "month": "2006-01",
            "price": "8.47",
            "revenue": 197125
        },
        "2006-02": {
            "month": "2006-02",
            "price": "8.23",
            "revenue": 394256
        },
        "2006-03": {
            "month": "2006-03",
            "price": "7.96",
            "revenue": 485487
        },
        "2006-04": {
            "month": "2006-04",
            "price": "8.58",
            "revenue": 605651
        },
        "2006-05": {
            "month": "2006-05",
            "price": "9.15",
            "revenue": 808543
        },
        "2006-06": {
            "month": "2006-06",
            "price": "9.08",
            "revenue": 666413
        },
        "2006-07": {
            "month": "2006-07",
            "price": "10.84",
            "revenue": 549355
        },
        "2006-08": {
            "month": "2006-08",
            "price": "11.93",
            "revenue": 804411
        },
        "2006-09": {
            "month": "2006-09",
            "price": "10.92",
            "revenue": 922182
        },
        "2006-10": {
            "month": "2006-10",
            "price": "14.38",
            "revenue": 593914
        },
        "2006-11": {
            "month": "2006-11",
            "price": "17.02",
            "revenue": 504016
        },
        "2006-12": {
            "month": "2006-12",
            "price": "18.04",
            "revenue": 890100
        },
        "2007-01": {
            "month": "2007-01",
            "price": "17.13",
            "revenue": 462268
        },
        "2007-02": {
            "month": "2007-02",
            "price": "16.49",
            "revenue": 564150
        },
        "2007-03": {
            "month": "2007-03",
            "price": "16.01",
            "revenue": 584642
        },
        "2007-04": {
            "month": "2007-04",
            "price": "14.88",
            "revenue": 913537
        },
        "2007-05": {
            "month": "2007-05",
            "price": "12.57",
            "revenue": 652776
        },
        "2007-06": {
            "month": "2007-06",
            "price": "12.66",
            "revenue": 631725
        },
        "2007-07": {
            "month": "2007-07",
            "price": "13.77",
            "revenue": 664169
        },
        "2007-08": {
            "month": "2007-08",
            "price": "12.14",
            "revenue": 492643
        },
        "2007-09": {
            "month": "2007-09",
            "price": "11.30",
            "revenue": 709533
        },
        "2007-10": {
            "month": "2007-10",
            "price": "10.74",
            "revenue": 749724
        },
        "2007-11": {
            "month": "2007-11",
            "price": "8.80",
            "revenue": 643777
        },
        "2007-12": {
            "month": "2007-12",
            "price": "8.05",
            "revenue": 459586
        },
        "2008-01": {
            "month": "2008-01",
            "price": "7.85",
            "revenue": 628881
        },
        "2008-02": {
            "month": "2008-02",
            "price": "8.01",
            "revenue": 462603
        },
        "2008-03": {
            "month": "2008-03",
            "price": "8.79",
            "revenue": 995078
        },
        "2008-04": {
            "month": "2008-04",
            "price": "10.24",
            "revenue": 651232
        },
        "2008-05": {
            "month": "2008-05",
            "price": "11.78",
            "revenue": 618314
        },
        "2008-06": {
            "month": "2008-06",
            "price": "10.29",
            "revenue": 712986
        },
        "2008-07": {
            "month": "2008-07",
            "price": "8.39",
            "revenue": 655632
        },
        "2008-08": {
            "month": "2008-08",
            "price": "8.10",
            "revenue": 694160
        },
        "2008-09": {
            "month": "2008-09",
            "price": "6.23",
            "revenue": 867593
        },
        "2008-10": {
            "month": "2008-10",
            "price": "5.02",
            "revenue": 590169
        },
        "2008-11": {
            "month": "2008-11",
            "price": "4.18",
            "revenue": 745136
        },
        "2008-12": {
            "month": "2008-12",
            "price": "4.11",
            "revenue": 480496
        },
        "2009-01": {
            "month": "2009-01",
            "price": "4.15",
            "revenue": 268501
        },
        "2009-02": {
            "month": "2009-02",
            "price": "4.00",
            "revenue": 314955
        },
        "2009-03": {
            "month": "2009-03",
            "price": "4.55",
            "revenue": 342449
        },
        "2009-04": {
            "month": "2009-04",
            "price": "5.57",
            "revenue": 307588
        },
        "2009-05": {
            "month": "2009-05",
            "price": "5.59",
            "revenue": 306928
        },
        "2009-06": {
            "month": "2009-06",
            "price": "5.44",
            "revenue": 385291
        },
        "2009-07": {
            "month": "2009-07",
            "price": "5.46",
            "revenue": 380008
        },
        "2009-08": {
            "month": "2009-08",
            "price": "6.04",
            "revenue": 313641
        },
        "2009-09": {
            "month": "2009-09",
            "price": "5.86",
            "revenue": 317617
        },
        "2009-10": {
            "month": "2009-10",
            "price": "6.08",
            "revenue": 376763
        },
        "2009-11": {
            "month": "2009-11",
            "price": "6.06",
            "revenue": 375769
        },
        "2009-12": {
            "month": "2009-12",
            "price": "6.82",
            "revenue": 390171
        },
        "2010-01": {
            "month": "2010-01",
            "price": "7.29",
            "revenue": 322686
        },
        "2010-02": {
            "month": "2010-02",
            "price": "6.45",
            "revenue": 197108
        },
        "2010-03": {
            "month": "2010-03",
            "price": "6.74",
            "revenue": 451429
        },
        "2010-04": {
            "month": "2010-04",
            "price": "7.36",
            "revenue": 436085
        },
        "2010-05": {
            "month": "2010-05",
            "price": "6.76",
            "revenue": 465701
        },
        "2010-06": {
            "month": "2010-06",
            "price": "6.53",
            "revenue": 474572
        },
        "2010-07": {
            "month": "2010-07",
            "price": "6.91",
            "revenue": 468021
        },
        "2010-08": {
            "month": "2010-08",
            "price": "7.39",
            "revenue": 437119
        },
        "2010-09": {
            "month": "2010-09",
            "price": "7.02",
            "revenue": 498404
        },
        "2010-10": {
            "month": "2010-10",
            "price": "7.14",
            "revenue": 484214
        },
        "2010-11": {
            "month": "2010-11",
            "price": "6.80",
            "revenue": 537999
        },
        "2010-12": {
            "month": "2010-12",
            "price": "6.97",
            "revenue": 470782
        },
        "2011-01": {
            "month": "2011-01",
            "price": "7.29",
            "revenue": 402090
        },
        "2011-02": {
            "month": "2011-02",
            "price": "7.20",
            "revenue": 357722
        },
        "2011-03": {
            "month": "2011-03",
            "price": "7.11",
            "revenue": 550036
        },
        "2011-04": {
            "month": "2011-04",
            "price": "7.35",
            "revenue": 482179
        },
        "2011-05": {
            "month": "2011-05",
            "price": "6.60",
            "revenue": 519208
        },
        "2011-06": {
            "month": "2011-06",
            "price": "6.49",
            "revenue": 520001
        },
        "2011-07": {
            "month": "2011-07",
            "price": "6.29",
            "revenue": 490176
        },
        "2011-08": {
            "month": "2011-08",
            "price": "5.60",
            "revenue": 409474
        },
        "2011-09": {
            "month": "2011-09",
            "price": "5.17",
            "revenue": 388751
        },
        "2011-10": {
            "month": "2011-10",
            "price": "5.02",
            "revenue": 402752
        },
        "2011-11": {
            "month": "2011-11",
            "price": "4.37",
            "revenue": 503681
        },
        "2011-12": {
            "month": "2011-12",
            "price": "3.65",
            "revenue": 291810
        },
        "2012-01": {
            "month": "2012-01",
            "price": "3.67",
            "revenue": 268479
        },
        "2012-02": {
            "month": "2012-02",
            "price": "4.70",
            "revenue": 311328
        },
        "2012-03": {
            "month": "2012-03",
            "price": "4.63",
            "revenue": 391960
        },
        "2012-04": {
            "month": "2012-04",
            "price": "4.08",
            "revenue": 371237
        },
        "2012-05": {
            "month": "2012-05",
            "price": "4.15",
            "revenue": 346979
        },
        "2012-06": {
            "month": "2012-06",
            "price": "4.06",
            "revenue": 426723
        },
        "2012-07": {
            "month": "2012-07",
            "price": "4.02",
            "revenue": 424702
        },
        "2012-08": {
            "month": "2012-08",
            "price": "4.24",
            "revenue": 370642
        },
        "2012-09": {
            "month": "2012-09",
            "price": "5.05",
            "revenue": 368967
        },
        "2012-10": {
            "month": "2012-10",
            "price": "5.47",
            "revenue": 355787
        },
        "2012-11": {
            "month": "2012-11",
            "price": "5.36",
            "revenue": 347707
        },
        "2012-12": {
            "month": "2012-12",
            "price": "5.33",
            "revenue": 319260
        },
        "2013-01": {
            "month": "2013-01",
            "price": "6.28",
            "revenue": 239593
        },
        "2013-02": {
            "month": "2013-02",
            "price": "6.16",
            "revenue": 222389
        },
        "2013-03": {
            "month": "2013-03",
            "price": "6.09",
            "revenue": 241463
        },
        "2013-04": {
            "month": "2013-04",
            "price": "5.76",
            "revenue": 262027
        },
        "2013-05": {
            "month": "2013-05",
            "price": "5.83",
            "revenue": 304915
        },
        "2013-06": {
            "month": "2013-06",
            "price": "5.77",
            "revenue": 346683
        },
        "2013-07": {
            "month": "2013-07",
            "price": "5.62",
            "revenue": 272679
        },
        "2013-08": {
            "month": "2013-08",
            "price": "5.45",
            "revenue": 268768
        },
        "2013-09": {
            "month": "2013-09",
            "price": "5.20",
            "revenue": 338967
        },
        "2013-10": {
            "month": "2013-10",
            "price": "5.55",
            "revenue": 286618
        },
        "2013-11": {
            "month": "2013-11",
            "price": "5.44",
            "revenue": 318712
        },
        "2013-12": {
            "month": "2013-12",
            "price": "5.53",
            "revenue": 308751
        },
        "2014-01": {
            "month": "2014-01",
            "price": "5.64",
            "revenue": 328325
        },
        "2014-02": {
            "month": "2014-02",
            "price": "6.10",
            "revenue": 337149
        },
        "2014-03": {
            "month": "2014-03",
            "price": "6.49",
            "revenue": 370984
        },
        "2014-04": {
            "month": "2014-04",
            "price": "6.77",
            "revenue": 323629
        },
        "2014-05": {
            "month": "2014-05",
            "price": "6.06",
            "revenue": 312710
        },
        "2014-06": {
            "month": "2014-06",
            "price": "5.92",
            "revenue": 318380
        },
        "2014-07": {
            "month": "2014-07",
            "price": "6.16",
            "revenue": 317983
        },
        "2014-08": {
            "month": "2014-08",
            "price": "6.16",
            "revenue": 289798
        },
        "2014-09": {
            "month": "2014-09",
            "price": "6.22",
            "revenue": 283605
        },
        "2014-10": {
            "month": "2014-10",
            "price": "5.80",
            "revenue": 292083
        },
        "2014-11": {
            "month": "2014-11",
            "price": "5.50",
            "revenue": 343017
        },
        "2014-12": {
            "month": "2014-12",
            "price": "5.43",
            "revenue": 285385
        },
        "2015-01": {
            "month": "2015-01",
            "price": "5.41",
            "revenue": 337298
        },
        "2015-02": {
            "month": "2015-02",
            "price": "5.94",
            "revenue": 250637
        },
        "2015-03": {
            "month": "2015-03",
            "price": "6.84",
            "revenue": 339116
        },
        "2015-04": {
            "month": "2015-04",
            "price": "7.19",
            "revenue": 309344
        },
        "2015-05": {
            "month": "2015-05",
            "price": "7.10",
            "revenue": 288924
        },
        "2015-06": {
            "month": "2015-06",
            "price": "5.83",
            "revenue": 262979
        },
        "2015-07": {
            "month": "2015-07",
            "price": "5.41",
            "revenue": 290560
        },
        "2015-08": {
            "month": "2015-08",
            "price": "4.59",
            "revenue": 317190
        },
        "2015-09": {
            "month": "2015-09",
            "price": "4.75",
            "revenue": 272733
        },
        "2015-10": {
            "month": "2015-10",
            "price": "5.00",
            "revenue": 274437
        },
        "2015-11": {
            "month": "2015-11",
            "price": "4.72",
            "revenue": 250439
        },
        "2015-12": {
            "month": "2015-12",
            "price": "4.41",
            "revenue": 281288
        },
        "2016-01": {
            "month": "2016-01",
            "price": "4.17",
            "revenue": 261576
        },
        "2016-02": {
            "month": "2016-02",
            "price": "4.30",
            "revenue": 179598
        },
        "2016-03": {
            "month": "2016-03",
            "price": "4.59",
            "revenue": 234686
        },
        "2016-04": {
            "month": "2016-04",
            "price": "4.36",
            "revenue": 266272
        },
        "2016-05": {
            "month": "2016-05",
            "price": "4.06",
            "revenue": 251105
        },
        "2016-06": {
            "month": "2016-06",
            "price": "3.95",
            "revenue": 258212
        },
        "2016-07": {
            "month": "2016-07",
            "price": "4.07",
            "revenue": 205654
        },
        "2016-08": {
            "month": "2016-08",
            "price": "4.56",
            "revenue": 300164
        },
        "2016-09": {
            "month": "2016-09",
            "price": "4.84",
            "revenue": 212756
        },
        "2016-10": {
            "month": "2016-10",
            "price": "5.16",
            "revenue": 235558
        },
        "2016-11": {
            "month": "2016-11",
            "price": "5.20",
            "revenue": 237296
        },
        "2016-12": {
            "month": "2016-12",
            "price": "5.11",
            "revenue": 254610
        },
        "2017-01": {
            "month": "2017-01",
            "price": "5.18",
            "revenue": 152688
        },
        "2017-02": {
            "month": "2017-02",
            "price": "6.66",
            "revenue": 198042
        },
        "2017-03": {
            "month": "2017-03",
            "price": "6.71",
            "revenue": 240488
        },
        "2017-04": {
            "month": "2017-04",
            "price": "5.94",
            "revenue": 215313
        },
        "2017-05": {
            "month": "2017-05",
            "price": "5.81",
            "revenue": 199228
        },
        "2017-06": {
            "month": "2017-06",
            "price": "5.59",
            "revenue": 275572
        },
        "2017-07": {
            "month": "2017-07",
            "price": "5.60",
            "revenue": 277755
        },
        "2017-08": {
            "month": "2017-08",
            "price": "5.88",
            "revenue": 263151
        },
        "2017-09": {
            "month": "2017-09",
            "price": "5.90",
            "revenue": 227118
        },
        "2017-10": {
            "month": "2017-10",
            "price": "5.66",
            "revenue": 234131
        },
        "2017-11": {
            "month": "2017-11",
            "price": "5.52",
            "revenue": 303664
        },
        "2017-12": {
            "month": "2017-12",
            "price": "5.58",
            "revenue": 225211
        },
        "2018-01": {
            "month": "2018-01",
            "price": "5.91",
            "revenue": 243899
        },
        "2018-02": {
            "month": "2018-02",
            "price": "5.51",
            "revenue": 274339
        },
        "2018-03": {
            "month": "2018-03",
            "price": "5.94",
            "revenue": 278420
        },
        "2018-04": {
            "month": "2018-04",
            "price": "6.14",
            "revenue": 216830
        },
        "2018-05": {
            "month": "2018-05",
            "price": "6.00",
            "revenue": 258151
        },
        "2018-06": {
            "month": "2018-06",
            "price": "6.29",
            "revenue": 292847
        },
        "2018-07": {
            "month": "2018-07",
            "price": "5.99",
            "revenue": 300012
        },
        "2018-08": {
            "month": "2018-08",
            "price": "5.67",
            "revenue": 226912
        },
        "2018-09": {
            "month": "2018-09",
            "price": "5.16",
            "revenue": 209607
        },
        "2018-10": {
            "month": "2018-10",
            "price": "4.52",
            "revenue": 294209
        },
        "2018-11": {
            "month": "2018-11",
            "price": "4.47",
            "revenue": 219369
        },
        "2018-12": {
            "month": "2018-12",
            "price": "4.57",
            "revenue": 225591
        },
        "2019-01": {
            "month": "2019-01",
            "price": "4.47",
            "revenue": 192355
        },
        "2019-02": {
            "month": "2019-02",
            "price": "4.56",
            "revenue": 167740
        },
        "2019-03": {
            "month": "2019-03",
            "price": "4.57",
            "revenue": 255063
        },
        "2019-04": {
            "month": "2019-04",
            "price": "4.54",
            "revenue": 200227
        },
        "2019-05": {
            "month": "2019-05",
            "price": "4.55",
            "revenue": 299727
        },
        "2019-06": {
            "month": "2019-06",
            "price": "4.52",
            "revenue": 251832
        },
        "2019-07": {
            "month": "2019-07",
            "price": "4.50",
            "revenue": 329983
        },
        "2019-08": {
            "month": "2019-08",
            "price": "4.46",
            "revenue": 323009
        },
        "2019-09": {
            "month": "2019-09",
            "price": "4.75",
            "revenue": 155261
        },
        "2019-10": {
            "month": "2019-10",
            "price": "4.72",
            "revenue": 281937
        },
        "2019-11": {
            "month": "2019-11",
            "price": "4.60",
            "revenue": 348622
        },
        "2019-12": {
            "month": "2019-12",
            "price": "4.74",
            "revenue": 341576
        },
        "2020-01": {
            "month": "2020-01",
            "price": "4.94",
            "revenue": 172405
        },
        "2020-02": {
            "month": "2020-02",
            "price": "4.84",
            "revenue": 214446
        },
        "2020-03": {
            "month": "2020-03",
            "price": "4.06",
            "revenue": 232330
        },
        "2020-04": {
            "month": "2020-04",
            "price": "3.97",
            "revenue": 282964
        },
        "2020-05": {
            "month": "2020-05",
            "price": "4.19",
            "revenue": 224775
        },
        "2020-06": {
            "month": "2020-06",
            "price": "4.44",
            "revenue": 185338
        },
        "2020-07": {
            "month": "2020-07",
            "price": "4.69",
            "revenue": 218417
        },
        "2020-08": {
            "month": "2020-08",
            "price": "4.77",
            "revenue": 212801
        },
        "2020-09": {
            "month": "2020-09",
            "price": "5.40",
            "revenue": 216050
        },
        "2020-10": {
            "month": "2020-10",
            "price": "5.53",
            "revenue": 192755
        },
        "2020-11": {
            "month": "2020-11",
            "price": "5.68",
            "revenue": 244007
        },
        "2020-12": {
            "month": "2020-12",
            "price": "6.47",
            "revenue": 286586
        },
        "2021-01": {
            "month": "2021-01",
            "price": "5.84",
            "revenue": 201227
        },
        "2021-02": {
            "month": "2021-02",
            "price": "5.85",
            "revenue": 161672
        },
        "2021-03": {
            "month": "2021-03",
            "price": "6.14",
            "revenue": 264305
        },
        "2021-04": {
            "month": "2021-04",
            "price": "8.43",
            "revenue": 204612
        },
        "2021-05": {
            "month": "2021-05",
            "price": "9.31",
            "revenue": 284397
        },
        "2021-06": {
            "month": "2021-06",
            "price": "9.66",
            "revenue": 305540
        },
        "2021-07": {
            "month": "2021-07",
            "price": "10.26",
            "revenue": 258305
        },
        "2021-08": {
            "month": "2021-08",
            "price": "9.23",
            "revenue": 248488
        },
        "2021-09": {
            "month": "2021-09",
            "price": "8.42",
            "revenue": 257191
        },
        "2021-10": {
            "month": "2021-10",
            "price": "8.06",
            "revenue": 317339
        },
        "2021-11": {
            "month": "2021-11",
            "price": "8.94",
            "revenue": 336867
        },
        "2021-12": {
            "month": "2021-12",
            "price": "11.57",
            "revenue": 363726
        },
        "2022-01": {
            "month": "2022-01",
            "price": "10.99",
            "revenue": 235391
        },
        "2022-02": {
            "month": "2022-02",
            "price": "10.41",
            "revenue": 251291
        },
        "2022-03": {
            "month": "2022-03",
            "price": "10.16",
            "revenue": 371036
        },
        "2022-04": {
            "month": "2022-04",
            "price": "10.53",
            "revenue": 330991
        },
        "2022-05": {
            "month": "2022-05",
            "price": "9.45",
            "revenue": 312977
        },
        "2022-06": {
            "month": "2022-06",
            "price": "9.05",
            "revenue": 278272
        },
        "2022-07": {
            "month": "2022-07",
            "price": "7.58",
            "revenue": 308203
        },
        "2022-08": {
            "month": "2022-08",
            "price": "8.54",
            "revenue": 366545
        },
        "2022-09": {
            "month": "2022-09",
            "price": "8.07",
            "revenue": 313106
        },
        "2022-10": {
            "month": "2022-10",
            "price": "7.33",
            "revenue": 308583
        },
        "2022-11": {
            "month": "2022-11",
            "price": "7.38",
            "revenue": 318808
        },
        "2022-12": {
            "month": "2022-12",
            "price": "7.48",
            "revenue": 328810
        },
        "2023-01": {
            "month": "2023-01",
            "price": "7.40",
            "revenue": 262935
        },
        "2023-02": {
            "month": "2023-02",
            "price": "7.88",
            "revenue": 280606
        },
        "2023-03": {
            "month": "2023-03",
            "price": "8.64",
            "revenue": 344723
        },
        "2023-04": {
            "month": "2023-04",
            "price": "9.05",
            "revenue": 393611
        },
        "2023-05": {
            "month": "2023-05",
            "price": "9.64",
            "revenue": 356316
        },
        "2023-06": {
            "month": "2023-06",
            "price": "10.60",
            "revenue": 330174
        },
        "2023-07": {
            "month": "2023-07",
            "price": "10.43",
            "revenue": 348934
        },
        "2023-08": {
            "month": "2023-08",
            "price": "10.76",
            "revenue": 330385
        }
    }
}
