{
    "summary": {
        "stock_name": "榮星",
        "stock_id": "1617",
        "category": "電器電纜",
        "main_business": "漆包線、鍍錫銅線、電子線、偏向軛、馳返變壓器、消磁線圈、線圈<br>一般進出口貿易業務(許可業務除外)<br>代理國內外有關產品之經銷、投標及報價業務",
        "website_url": "http://www.jswire.com.tw",
        "ceo": "邱守基",
        "pe_ratio": 53,
        "report_year_from": 2001,
        "report_year_to": 2023,
        "age": 22,
        "eps_negative_percentage": 17,
        "eps_growth_avg": {
            "last_all": 0.59,
            "last_2y": 10.27,
            "last_4y": 11.47,
            "last_8y": 29.82,
            "last_12y": 16.84,
            "last_16y": 7.92,
            "last_20y": 0.59,
            "at_2006_last_3y": 0.51,
            "at_2007_last_3y": 4.23,
            "at_2008_last_3y": -39.01,
            "at_2009_last_3y": -21.81,
            "at_2010_last_3y": -82.72,
            "at_2011_last_3y": -100,
            "at_2012_last_3y": -100,
            "at_2013_last_3y": -100,
            "at_2014_last_3y": 0,
            "at_2015_last_3y": 60.94,
            "at_2016_last_3y": 59.43,
            "at_2017_last_3y": 52.77,
            "at_2018_last_3y": 49.06,
            "at_2019_last_3y": 28.93,
            "at_2020_last_3y": 30.96,
            "at_2021_last_3y": 33.3,
            "at_2022_last_3y": -6.96,
            "at_2023_last_3y": -6.96,
            "at_2006_last_all": 1.41,
            "at_2007_last_all": -9.73,
            "at_2008_last_all": -22.63,
            "at_2009_last_all": -22.63,
            "at_2010_last_all": -22.63,
            "at_2011_last_all": -32.3,
            "at_2012_last_all": -32.3,
            "at_2013_last_all": -32.3,
            "at_2014_last_all": -17.6,
            "at_2015_last_all": -13.65,
            "at_2016_last_all": -7.28,
            "at_2017_last_all": -3.94,
            "at_2018_last_all": 2.91,
            "at_2019_last_all": -1.48,
            "at_2020_last_all": 2.92,
            "at_2021_last_all": 5.37,
            "at_2022_last_all": 0.59,
            "at_2023_last_all": 0.59
        },
        "latest_eps": 0.31,
        "latest_price": 16.35,
        "latest_roe": 1.91,
        "latest_gross_margin": 9.56,
        "latest_equity": 2110248,
        "latest_revenue": 684103,
        "latest_gross_profit": 65430,
        "latest_net_income": 26048,
        "latest_debt_ratio": 37.27,
        "latest_current_ratio": 224.23,
        "latest_account_receivable_turnover_ratio": 1.03,
        "latest_inventory_turnover_ratio": 1.76,
        "latest_reinvestment_rate": 63.21,
        "latest_research_to_sale_ratio": 0.55
    },
    "eps_dividends": {
        "1996": {
            "cash": 1.2,
            "stock": 1,
            "eps": 0
        },
        "1997": {
            "cash": 1,
            "stock": 1,
            "eps": 0
        },
        "1998": {
            "cash": 1,
            "stock": 2,
            "eps": 0
        },
        "1999": {
            "cash": 0.5,
            "stock": 0.2,
            "eps": 0
        },
        "2000": {
            "cash": 0.5,
            "stock": 1,
            "eps": 0
        },
        "2001": {
            "cash": 0.8,
            "stock": 0.7,
            "eps": 1.79
        },
        "2002": {
            "cash": 1,
            "stock": 0.5,
            "eps": 1.88
        },
        "2003": {
            "cash": 1,
            "stock": 0.3,
            "eps": 0.37
        },
        "2004": {
            "cash": 0.4,
            "stock": 0,
            "eps": 0.64
        },
        "2005": {
            "cash": 0.5,
            "stock": 0,
            "eps": 0.06
        },
        "2006": {
            "cash": 0.2,
            "stock": 0,
            "eps": 0.81
        },
        "2007": {
            "cash": 0.3,
            "stock": 0.3,
            "eps": 0.28
        },
        "2008": {
            "cash": 0.1,
            "stock": 0.1,
            "eps": -1.48
        },
        "2009": {
            "cash": 0,
            "stock": 0,
            "eps": -0.65
        },
        "2010": {
            "cash": 0,
            "stock": 0,
            "eps": 0.86
        },
        "2011": {
            "cash": 0.4,
            "stock": 0,
            "eps": -0.54
        },
        "2012": {
            "cash": 0,
            "stock": 0,
            "eps": -0.62
        },
        "2013": {
            "cash": 0,
            "stock": 0,
            "eps": 0.12
        },
        "2014": {
            "cash": 0,
            "stock": 0,
            "eps": 0.32
        },
        "2015": {
            "cash": 0.3,
            "stock": 0,
            "eps": 0.39
        },
        "2016": {
            "cash": 0.3,
            "stock": 0,
            "eps": 0.61
        },
        "2017": {
            "cash": 0.4,
            "stock": 0,
            "eps": 0.81
        },
        "2018": {
            "cash": 0.6,
            "stock": 0,
            "eps": 1.5
        },
        "2019": {
            "cash": 1,
            "stock": 0,
            "eps": 0.62
        },
        "2020": {
            "cash": 0.3,
            "stock": 0,
            "eps": 1.02
        },
        "2021": {
            "cash": 0.6,
            "stock": 0,
            "eps": 1.45
        },
        "2022": {
            "cash": 0.9,
            "stock": 0,
            "eps": 0.35
        },
        "2023": {
            "cash": 0.3,
            "stock": 0,
            "eps": 0.18
        }
    },
    "dividends": {
        "1996-05-31": {
            "cash": 1.2,
            "stock": 1
        },
        "1997-05-30": {
            "cash": 1,
            "stock": 1
        },
        "1998-04-24": {
            "cash": 1,
            "stock": 2
        },
        "1999-06-24": {
            "cash": 0.5,
            "stock": 0.2
        },
        "2000-06-21": {
            "cash": 0.5,
            "stock": 1
        },
        "2001-06-22": {
            "cash": 0.8,
            "stock": 0.7
        },
        "2002-06-18": {
            "cash": 1,
            "stock": 0.5
        },
        "2003-04-02": {
            "cash": 1,
            "stock": 0.3
        },
        "2004-03-29": {
            "cash": 0.4,
            "stock": 0
        },
        "2005-03-24": {
            "cash": 0.5,
            "stock": 0
        },
        "2006-04-04": {
            "cash": 0.2,
            "stock": 0
        },
        "2007-04-03": {
            "cash": 0.3,
            "stock": 0.3
        },
        "2008-03-31": {
            "cash": 0.1,
            "stock": 0.1
        },
        "2011-03-24": {
            "cash": 0.4,
            "stock": 0
        },
        "2015-08-25": {
            "cash": 0.3,
            "stock": 0
        },
        "2016-08-26": {
            "cash": 0.3,
            "stock": 0
        },
        "2017-08-25": {
            "cash": 0.4,
            "stock": 0
        },
        "2018-08-24": {
            "cash": 0.6,
            "stock": 0
        },
        "2019-09-26": {
            "cash": 1,
            "stock": 0
        },
        "2020-08-27": {
            "cash": 0.3,
            "stock": 0
        },
        "2021-10-15": {
            "cash": 0.6,
            "stock": 0
        },
        "2022-08-26": {
            "cash": 0.9,
            "stock": 0
        },
        "2023-03-09": {
            "cash": 0.3,
            "stock": 0
        }
    },
    "prices": {
        "200101": "14.81",
        "200102": "18.05",
        "200103": "19.47",
        "200104": "17.18",
        "200105": "15.51",
        "200106": "15.39",
        "200107": "14.92",
        "200108": "15.04",
        "200109": "12.28",
        "200110": "11.23",
        "200111": "12.08",
        "200112": "13.47",
        "200201": "14.28",
        "200202": "15.54",
        "200203": "18.85",
        "200204": "23.24",
        "200205": "22.20",
        "200206": "21.75",
        "200207": "19.80",
        "200208": "19.11",
        "200209": "18.78",
        "200210": "17.00",
        "200211": "19.82",
        "200212": "20.54",
        "200301": "20.91",
        "200302": "19.09",
        "200303": "17.54",
        "200304": "17.37",
        "200305": "15.79",
        "200306": "16.06",
        "200307": "15.70",
        "200308": "14.48",
        "200309": "13.52",
        "200310": "12.68",
        "200311": "12.72",
        "200312": "12.54",
        "200401": "13.84",
        "200402": "13.90",
        "200403": "14.68",
        "200404": "13.92",
        "200405": "12.52",
        "200406": "12.93",
        "200407": "12.38",
        "200408": "12.24",
        "200409": "12.63",
        "200410": "12.69",
        "200411": "11.75",
        "200412": "11.74",
        "200501": "11.92",
        "200502": "11.63",
        "200503": "11.05",
        "200504": "10.31",
        "200505": "9.84",
        "200506": "10.12",
        "200507": "9.80",
        "200508": "8.95",
        "200509": "8.08",
        "200510": "7.45",
        "200511": "7.16",
        "200512": "7.85",
        "200601": "8.23",
        "200602": "7.66",
        "200603": "7.06",
        "200604": "7.68",
        "200605": "8.82",
        "200606": "8.78",
        "200607": "9.68",
        "200608": "9.81",
        "200609": "9.51",
        "200610": "9.81",
        "200611": "11.15",
        "200612": "11.67",
        "200701": "11.53",
        "200702": "11.31",
        "200703": "10.94",
        "200704": "11.69",
        "200705": "10.40",
        "200706": "10.39",
        "200707": "12.18",
        "200708": "11.57",
        "200709": "10.63",
        "200710": "10.71",
        "200711": "9.82",
        "200712": "8.48",
        "200801": "8.00",
        "200802": "8.00",
        "200803": "8.92",
        "200804": "9.48",
        "200805": "9.55",
        "200806": "8.74",
        "200807": "7.71",
        "200808": "6.91",
        "200809": "6.20",
        "200810": "5.29",
        "200811": "4.85",
        "200812": "4.91",
        "200901": "4.79",
        "200902": "4.62",
        "200903": "4.89",
        "200904": "6.42",
        "200905": "6.19",
        "200906": "6.08",
        "200907": "6.34",
        "200908": "6.65",
        "200909": "6.73",
        "200910": "6.80",
        "200911": "6.79",
        "200912": "7.21",
        "201001": "7.72",
        "201002": "7.24",
        "201003": "7.68",
        "201004": "10.00",
        "201005": "9.49",
        "201006": "9.63",
        "201007": "9.72",
        "201008": "10.72",
        "201009": "13.75",
        "201010": "13.88",
        "201011": "12.35",
        "201012": "13.49",
        "201101": "15.11",
        "201102": "13.75",
        "201103": "12.38",
        "201104": "12.98",
        "201105": "13.49",
        "201106": "13.57",
        "201107": "12.82",
        "201108": "12.55",
        "201109": "12.06",
        "201110": "12.40",
        "201111": "12.55",
        "201112": "12.32",
        "201201": "11.98",
        "201202": "11.90",
        "201203": "11.94",
        "201204": "12.24",
        "201205": "10.88",
        "201206": "9.15",
        "201207": "9.24",
        "201208": "9.59",
        "201209": "9.75",
        "201210": "9.89",
        "201211": "9.70",
        "201212": "9.56",
        "201301": "9.79",
        "201302": "9.46",
        "201303": "9.21",
        "201304": "9.39",
        "201305": "10.59",
        "201306": "10.15",
        "201307": "9.36",
        "201308": "9.13",
        "201309": "8.93",
        "201310": "9.22",
        "201311": "9.19",
        "201312": "9.66",
        "201401": "9.46",
        "201402": "9.33",
        "201403": "9.24",
        "201404": "8.99",
        "201405": "8.71",
        "201406": "8.81",
        "201407": "8.96",
        "201408": "8.92",
        "201409": "8.98",
        "201410": "8.33",
        "201411": "7.77",
        "201412": "7.82",
        "201501": "8.08",
        "201502": "8.04",
        "201503": "8.08",
        "201504": "8.01",
        "201505": "7.91",
        "201506": "7.08",
        "201507": "6.77",
        "201508": "6.53",
        "201509": "7.06",
        "201510": "7.38",
        "201511": "6.98",
        "201512": "6.77",
        "201601": "6.67",
        "201602": "6.67",
        "201603": "6.81",
        "201604": "6.71",
        "201605": "6.58",
        "201606": "6.63",
        "201607": "6.67",
        "201608": "6.44",
        "201609": "6.63",
        "201610": "6.99",
        "201611": "7.38",
        "201612": "7.51",
        "201701": "7.95",
        "201702": "8.38",
        "201703": "8.49",
        "201704": "8.89",
        "201705": "8.74",
        "201706": "9.05",
        "201707": "10.16",
        "201708": "11.24",
        "201709": "13.30",
        "201710": "12.99",
        "201711": "13.43",
        "201712": "14.05",
        "201801": "15.40",
        "201802": "14.39",
        "201803": "14.11",
        "201804": "14.14",
        "201805": "13.78",
        "201806": "14.09",
        "201807": "13.80",
        "201808": "13.71",
        "201809": "13.53",
        "201810": "12.53",
        "201811": "12.55",
        "201812": "12.54",
        "201901": "13.30",
        "201902": "13.71",
        "201903": "13.42",
        "201904": "14.03",
        "201905": "13.75",
        "201906": "13.41",
        "201907": "13.27",
        "201908": "13.03",
        "201909": "12.16",
        "201910": "12.05",
        "201911": "12.14",
        "201912": "12.11",
        "202001": "12.14",
        "202002": "11.75",
        "202003": "10.17",
        "202004": "9.95",
        "202005": "11.04",
        "202006": "11.32",
        "202007": "11.82",
        "202008": "12.05",
        "202009": "12.94",
        "202010": "13.09",
        "202011": "13.19",
        "202012": "14.31",
        "202101": "14.35",
        "202102": "14.69",
        "202103": "15.39",
        "202104": "18.33",
        "202105": "19.35",
        "202106": "18.94",
        "202107": "19.58",
        "202108": "18.44",
        "202109": "17.38",
        "202110": "16.31",
        "202111": "16.93",
        "202112": "17.94",
        "202201": "17.82",
        "202202": "18.28",
        "202203": "18.15",
        "202204": "18.00",
        "202205": "16.43",
        "202206": "15.92",
        "202207": "15.88",
        "202208": "15.23",
        "202209": "15.20",
        "202210": "14.85",
        "202211": "14.87",
        "202212": "15.00",
        "202301": "14.97",
        "202302": "14.90",
        "202303": "14.95",
        "202304": "15.19",
        "202305": "15.85",
        "202306": "16.51"
    },
    "quarters": {
        "20011": {
            "year_quarter": 20011,
            "year": 2001,
            "quarter": 1,
            "eps": 0.5,
            "eps_growth_year": -5.66,
            "eps_4q": 1.69,
            "eps_4q_growth_year": -19.75,
            "roe": 3.11,
            "roe_4q": 3.11,
            "gross_profit": 68677,
            "gross_margin": 9.88,
            "gross_margin_4q_avg": 9.88,
            "net_income": 44256,
            "revenue": 695371,
            "common_shares": 893141,
            "book_valuer_per_share": 15.91,
            "book_valuer_per_share_4q_avg": 15.91,
            "equity": 1421223,
            "current_ratio": 138.82,
            "debt_ratio": 44.63,
            "inventory_turnover_ratio": 2.52,
            "account_receivable_turnover_ratio": null,
            "reinvestment_rate": null,
            "research_to_sale_ratio": null,
            "price_fair": 0,
            "eps_avg_yearly": 0,
            "eps_latest_yearly": 0,
            "eps_growth_yearly": 0
        },
        "20012": {
            "year_quarter": 20012,
            "year": 2001,
            "quarter": 2,
            "eps": 0.58,
            "eps_growth_year": 61.11,
            "eps_4q": 1.92,
            "eps_4q_growth_year": -9.42,
            "roe": 3.67,
            "roe_4q": 6.779999999999999,
            "gross_profit": 95796,
            "gross_margin": 12.43,
            "gross_margin_4q_avg": 11.16,
            "net_income": 51929,
            "revenue": 770405,
            "common_shares": 893141,
            "book_valuer_per_share": 15.78,
            "book_valuer_per_share_4q_avg": 15.85,
            "equity": 1409219,
            "current_ratio": 130.76,
            "debt_ratio": 47.42,
            "inventory_turnover_ratio": 3.63,
            "account_receivable_turnover_ratio": null,
            "reinvestment_rate": null,
            "research_to_sale_ratio": null,
            "price_fair": 0,
            "eps_avg_yearly": 0,
            "eps_latest_yearly": 0,
            "eps_growth_yearly": 0
        },
        "20013": {
            "year_quarter": 20013,
            "year": 2001,
            "quarter": 3,
            "eps": 0.32,
            "eps_growth_year": -46.67,
            "eps_4q": 1.59,
            "eps_4q_growth_year": -28.8,
            "roe": 2.17,
            "roe_4q": 8.95,
            "gross_profit": 100709,
            "gross_margin": 12.19,
            "gross_margin_4q_avg": 11.5,
            "net_income": 30994,
            "revenue": 826391,
            "common_shares": 955661,
            "book_valuer_per_share": 15.08,
            "book_valuer_per_share_4q_avg": 15.59,
            "equity": 1440956,
            "current_ratio": 135.56,
            "debt_ratio": 45.27,
            "inventory_turnover_ratio": 3.75,
            "account_receivable_turnover_ratio": null,
            "reinvestment_rate": null,
            "research_to_sale_ratio": null,
            "price_fair": 0,
            "eps_avg_yearly": 0,
            "eps_latest_yearly": 0,
            "eps_growth_yearly": 0
        },
        "20014": {
            "year_quarter": 20014,
            "year": 2001,
            "quarter": 4,
            "eps": 0.39,
            "eps_growth_year": 30,
            "eps_4q": 1.72,
            "eps_4q_growth_year": 4.94,
            "roe": 2.5,
            "roe_4q": 11.45,
            "gross_profit": 98011,
            "gross_margin": 12.77,
            "gross_margin_4q_avg": 11.82,
            "net_income": 37243,
            "revenue": 767765,
            "common_shares": 955661,
            "book_valuer_per_share": 15.5,
            "book_valuer_per_share_4q_avg": 15.57,
            "equity": 1543791,
            "current_ratio": 143.68,
            "debt_ratio": 44.88,
            "inventory_turnover_ratio": 2.89,
            "account_receivable_turnover_ratio": null,
            "reinvestment_rate": null,
            "research_to_sale_ratio": null,
            "price_fair": 0,
            "eps_avg_yearly": 0,
            "eps_latest_yearly": 0,
            "eps_growth_yearly": 0
        },
        "20021": {
            "year_quarter": 20021,
            "year": 2002,
            "quarter": 1,
            "eps": 0.49,
            "eps_growth_year": -2,
            "eps_4q": 1.8,
            "eps_4q_growth_year": 6.45,
            "roe": 2.98,
            "roe_4q": 11.32,
            "gross_profit": 94497,
            "gross_margin": 12.9,
            "gross_margin_4q_avg": 12.57,
            "net_income": 45100,
            "revenue": 732466,
            "common_shares": 955661,
            "book_valuer_per_share": 15.57,
            "book_valuer_per_share_4q_avg": 15.48,
            "equity": 1487986,
            "current_ratio": 140.59,
            "debt_ratio": 43.48,
            "inventory_turnover_ratio": 2.96,
            "account_receivable_turnover_ratio": null,
            "reinvestment_rate": null,
            "research_to_sale_ratio": null,
            "price_fair": 68.6,
            "eps_avg_yearly": 1.96,
            "eps_latest_yearly": 1.96,
            "eps_growth_yearly": 102.56
        },
        "20022": {
            "year_quarter": 20022,
            "year": 2002,
            "quarter": 2,
            "eps": 0.83,
            "eps_growth_year": 43.1,
            "eps_4q": 2.05,
            "eps_4q_growth_year": 7.01,
            "roe": 5.18,
            "roe_4q": 12.83,
            "gross_profit": 99521,
            "gross_margin": 11.02,
            "gross_margin_4q_avg": 12.22,
            "net_income": 76939,
            "revenue": 902718,
            "common_shares": 955661,
            "book_valuer_per_share": 15.53,
            "book_valuer_per_share_4q_avg": 15.42,
            "equity": 1483684,
            "current_ratio": 124.2,
            "debt_ratio": 46.91,
            "inventory_turnover_ratio": 4.59,
            "account_receivable_turnover_ratio": null,
            "reinvestment_rate": null,
            "research_to_sale_ratio": null,
            "price_fair": 92.4,
            "eps_avg_yearly": 2.64,
            "eps_latest_yearly": 3.32,
            "eps_growth_yearly": 190.06
        },
        "20023": {
            "year_quarter": 20023,
            "year": 2002,
            "quarter": 3,
            "eps": 0.45,
            "eps_growth_year": 40.62,
            "eps_4q": 2.07,
            "eps_4q_growth_year": 30.02,
            "roe": 2.83,
            "roe_4q": 13.49,
            "gross_profit": 109218,
            "gross_margin": 12.67,
            "gross_margin_4q_avg": 12.34,
            "net_income": 44252,
            "revenue": 861753,
            "common_shares": 1081569,
            "book_valuer_per_share": 15.18,
            "book_valuer_per_share_4q_avg": 15.45,
            "equity": 1641602,
            "current_ratio": 120.89,
            "debt_ratio": 41.4,
            "inventory_turnover_ratio": 3.89,
            "account_receivable_turnover_ratio": null,
            "reinvestment_rate": null,
            "research_to_sale_ratio": null,
            "price_fair": 82.6,
            "eps_avg_yearly": 2.36,
            "eps_latest_yearly": 1.8,
            "eps_growth_yearly": 65.66
        },
        "20024": {
            "year_quarter": 20024,
            "year": 2002,
            "quarter": 4,
            "eps": 0.11,
            "eps_growth_year": -71.79,
            "eps_4q": 1.74,
            "eps_4q_growth_year": 1.13,
            "roe": 0.67,
            "roe_4q": 11.66,
            "gross_profit": 91151,
            "gross_margin": 10.89,
            "gross_margin_4q_avg": 11.87,
            "net_income": 11213,
            "revenue": 836712,
            "common_shares": 1076929,
            "book_valuer_per_share": 15.21,
            "book_valuer_per_share_4q_avg": 15.37,
            "equity": 1702374,
            "current_ratio": 131.09,
            "debt_ratio": 41.42,
            "inventory_turnover_ratio": 2.9,
            "account_receivable_turnover_ratio": null,
            "reinvestment_rate": 58.55,
            "research_to_sale_ratio": null,
            "price_fair": 5.64,
            "eps_avg_yearly": 1.88,
            "eps_latest_yearly": 0.44,
            "eps_growth_yearly": -26.31
        },
        "20031": {
            "year_quarter": 20031,
            "year": 2003,
            "quarter": 1,
            "eps": 0.17,
            "eps_growth_year": -65.31,
            "eps_4q": 1.37,
            "eps_4q_growth_year": -23.88,
            "roe": 1.12,
            "roe_4q": 9.8,
            "gross_profit": 75464,
            "gross_margin": 9.61,
            "gross_margin_4q_avg": 11.05,
            "net_income": 18808,
            "revenue": 785503,
            "common_shares": 1076929,
            "book_valuer_per_share": 15.38,
            "book_valuer_per_share_4q_avg": 15.33,
            "equity": 1655820,
            "current_ratio": 124.7,
            "debt_ratio": 41.41,
            "inventory_turnover_ratio": 2.64,
            "account_receivable_turnover_ratio": null,
            "reinvestment_rate": 10.5,
            "research_to_sale_ratio": null,
            "price_fair": 53.45,
            "eps_avg_yearly": 1.64,
            "eps_latest_yearly": 0.68,
            "eps_growth_yearly": 22.59
        },
        "20032": {
            "year_quarter": 20032,
            "year": 2003,
            "quarter": 2,
            "eps": 0.12,
            "eps_growth_year": -85.54,
            "eps_4q": 0.8,
            "eps_4q_growth_year": -60.85,
            "roe": 0.81,
            "roe_4q": 5.43,
            "gross_profit": 78467,
            "gross_margin": 9.78,
            "gross_margin_4q_avg": 10.74,
            "net_income": 13039,
            "revenue": 802458,
            "common_shares": 1076929,
            "book_valuer_per_share": 14.42,
            "book_valuer_per_share_4q_avg": 15.05,
            "equity": 1552654,
            "current_ratio": 114.26,
            "debt_ratio": 44.71,
            "inventory_turnover_ratio": 3.26,
            "account_receivable_turnover_ratio": null,
            "reinvestment_rate": 0.02,
            "research_to_sale_ratio": null,
            "price_fair": 4.34,
            "eps_avg_yearly": 1.45,
            "eps_latest_yearly": 0.48,
            "eps_growth_yearly": -0.78
        },
        "20033": {
            "year_quarter": 20033,
            "year": 2003,
            "quarter": 3,
            "eps": 0.11,
            "eps_growth_year": -75.56,
            "eps_4q": 0.5,
            "eps_4q_growth_year": -75.7,
            "roe": 0.77,
            "roe_4q": 3.37,
            "gross_profit": 57444,
            "gross_margin": 6.69,
            "gross_margin_4q_avg": 9.24,
            "net_income": 12054,
            "revenue": 858136,
            "common_shares": 1109237,
            "book_valuer_per_share": 14.06,
            "book_valuer_per_share_4q_avg": 14.77,
            "equity": 1559771,
            "current_ratio": 126.64,
            "debt_ratio": 44.93,
            "inventory_turnover_ratio": 3.86,
            "account_receivable_turnover_ratio": null,
            "reinvestment_rate": -7.23,
            "research_to_sale_ratio": null,
            "price_fair": 3.91,
            "eps_avg_yearly": 1.3,
            "eps_latest_yearly": 0.44,
            "eps_growth_yearly": -5.43
        },
        "20034": {
            "year_quarter": 20034,
            "year": 2003,
            "quarter": 4,
            "eps": -0.03,
            "eps_growth_year": -127.27,
            "eps_4q": 0.39,
            "eps_4q_growth_year": -77.66,
            "roe": -0.2,
            "roe_4q": 2.5,
            "gross_profit": 77194,
            "gross_margin": 7.68,
            "gross_margin_4q_avg": 8.44,
            "net_income": -3188,
            "revenue": 1004657,
            "common_shares": 1109236,
            "book_valuer_per_share": 13.98,
            "book_valuer_per_share_4q_avg": 14.46,
            "equity": 1596124,
            "current_ratio": 134.47,
            "debt_ratio": 47.56,
            "inventory_turnover_ratio": 3.85,
            "account_receivable_turnover_ratio": null,
            "reinvestment_rate": 27.43,
            "research_to_sale_ratio": null,
            "price_fair": 3.91,
            "eps_avg_yearly": 1.3,
            "eps_latest_yearly": 0.44,
            "eps_growth_yearly": -5.43
        },
        "20041": {
            "year_quarter": 20041,
            "year": 2004,
            "quarter": 1,
            "eps": 0.24,
            "eps_growth_year": 41.18,
            "eps_4q": 0.43,
            "eps_4q_growth_year": -68.26,
            "roe": 1.72,
            "roe_4q": 3.1,
            "gross_profit": 90434,
            "gross_margin": 8.26,
            "gross_margin_4q_avg": 8.1,
            "net_income": 27132,
            "revenue": 1094431,
            "common_shares": 1109236,
            "book_valuer_per_share": 14.12,
            "book_valuer_per_share_4q_avg": 14.15,
            "equity": 1565863,
            "current_ratio": 122.72,
            "debt_ratio": 48.49,
            "inventory_turnover_ratio": 4.21,
            "account_receivable_turnover_ratio": null,
            "reinvestment_rate": -16.95,
            "research_to_sale_ratio": null,
            "price_fair": 3.91,
            "eps_avg_yearly": 1.3,
            "eps_latest_yearly": 0.44,
            "eps_growth_yearly": -5.43
        },
        "20042": {
            "year_quarter": 20042,
            "year": 2004,
            "quarter": 2,
            "eps": 0.33,
            "eps_growth_year": 175,
            "eps_4q": 0.66,
            "eps_4q_growth_year": -18.08,
            "roe": 2.31,
            "roe_4q": 4.6,
            "gross_profit": 128245,
            "gross_margin": 10.04,
            "gross_margin_4q_avg": 8.17,
            "net_income": 36184,
            "revenue": 1277773,
            "common_shares": 1109236,
            "book_valuer_per_share": 14.09,
            "book_valuer_per_share_4q_avg": 14.06,
            "equity": 1562935,
            "current_ratio": 160.73,
            "debt_ratio": 53.7,
            "inventory_turnover_ratio": 5.14,
            "account_receivable_turnover_ratio": null,
            "reinvestment_rate": -23.84,
            "research_to_sale_ratio": null,
            "price_fair": 31.31,
            "eps_avg_yearly": 1.31,
            "eps_latest_yearly": 1.32,
            "eps_growth_yearly": 14
        },
        "20043": {
            "year_quarter": 20043,
            "year": 2004,
            "quarter": 3,
            "eps": 0.27,
            "eps_growth_year": 145.45,
            "eps_4q": 0.81,
            "eps_4q_growth_year": 60.53,
            "roe": 1.91,
            "roe_4q": 5.739999999999999,
            "gross_profit": 90333,
            "gross_margin": 7.28,
            "gross_margin_4q_avg": 8.32,
            "net_income": 30210,
            "revenue": 1241016,
            "common_shares": 1109236,
            "book_valuer_per_share": 14.39,
            "book_valuer_per_share_4q_avg": 14.15,
            "equity": 1595815,
            "current_ratio": 150.18,
            "debt_ratio": 53.01,
            "inventory_turnover_ratio": 4.6,
            "account_receivable_turnover_ratio": null,
            "reinvestment_rate": -27.74,
            "research_to_sale_ratio": null,
            "price_fair": 18.38,
            "eps_avg_yearly": 1.28,
            "eps_latest_yearly": 1.08,
            "eps_growth_yearly": 4.36
        },
        "20044": {
            "year_quarter": 20044,
            "year": 2004,
            "quarter": 4,
            "eps": -0.2,
            "eps_growth_year": null,
            "eps_4q": 0.67,
            "eps_4q_growth_year": 71.1,
            "roe": -1.38,
            "roe_4q": 4.56,
            "gross_profit": 81496,
            "gross_margin": 6.69,
            "gross_margin_4q_avg": 8.07,
            "net_income": -22250,
            "revenue": 1218320,
            "common_shares": 1134818,
            "book_valuer_per_share": 14.09,
            "book_valuer_per_share_4q_avg": 14.17,
            "equity": 1638169,
            "current_ratio": 167.9,
            "debt_ratio": 50.97,
            "inventory_turnover_ratio": 3.25,
            "account_receivable_turnover_ratio": null,
            "reinvestment_rate": 9.84,
            "research_to_sale_ratio": null,
            "price_fair": 18.38,
            "eps_avg_yearly": 1.28,
            "eps_latest_yearly": 1.08,
            "eps_growth_yearly": 4.36
        },
        "20051": {
            "year_quarter": 20051,
            "year": 2005,
            "quarter": 1,
            "eps": -0.06,
            "eps_growth_year": -125,
            "eps_4q": 0.32,
            "eps_4q_growth_year": -25.35,
            "roe": -0.43,
            "roe_4q": 2.41,
            "gross_profit": 59818,
            "gross_margin": 5.51,
            "gross_margin_4q_avg": 7.38,
            "net_income": -6901,
            "revenue": 1084971,
            "common_shares": 1134818,
            "book_valuer_per_share": 14,
            "book_valuer_per_share_4q_avg": 14.14,
            "equity": 1588675,
            "current_ratio": 151.06,
            "debt_ratio": 53.17,
            "inventory_turnover_ratio": 2.97,
            "account_receivable_turnover_ratio": null,
            "reinvestment_rate": -39.49,
            "research_to_sale_ratio": null,
            "price_fair": 18.38,
            "eps_avg_yearly": 1.28,
            "eps_latest_yearly": 1.08,
            "eps_growth_yearly": 4.36
        },
        "20052": {
            "year_quarter": 20052,
            "year": 2005,
            "quarter": 2,
            "eps": -0.17,
            "eps_growth_year": -151.52,
            "eps_4q": -0.16,
            "eps_4q_growth_year": -124.64,
            "roe": -1.26,
            "roe_4q": -1.16,
            "gross_profit": 59268,
            "gross_margin": 4.76,
            "gross_margin_4q_avg": 6.06,
            "net_income": -19466,
            "revenue": 1245254,
            "common_shares": 1134818,
            "book_valuer_per_share": 13.3,
            "book_valuer_per_share_4q_avg": 13.95,
            "equity": 1509470,
            "current_ratio": 137.07,
            "debt_ratio": 55.34,
            "inventory_turnover_ratio": 4.97,
            "account_receivable_turnover_ratio": null,
            "reinvestment_rate": -50.37,
            "research_to_sale_ratio": null,
            "price_fair": 18.38,
            "eps_avg_yearly": 1.28,
            "eps_latest_yearly": 1.08,
            "eps_growth_yearly": 4.36
        },
        "20053": {
            "year_quarter": 20053,
            "year": 2005,
            "quarter": 3,
            "eps": 0.32,
            "eps_growth_year": 18.52,
            "eps_4q": -0.11,
            "eps_4q_growth_year": -114.16,
            "roe": 2.33,
            "roe_4q": -0.7399999999999998,
            "gross_profit": 50945,
            "gross_margin": 3.55,
            "gross_margin_4q_avg": 5.13,
            "net_income": 35820,
            "revenue": 1434014,
            "common_shares": 1134818,
            "book_valuer_per_share": 13.78,
            "book_valuer_per_share_4q_avg": 13.79,
            "equity": 1563243,
            "current_ratio": 164.24,
            "debt_ratio": 58.63,
            "inventory_turnover_ratio": 5.83,
            "account_receivable_turnover_ratio": null,
            "reinvestment_rate": -52.45,
            "research_to_sale_ratio": null,
            "price_fair": 18.38,
            "eps_avg_yearly": 1.28,
            "eps_latest_yearly": 1.08,
            "eps_growth_yearly": 4.36
        },
        "20054": {
            "year_quarter": 20054,
            "year": 2005,
            "quarter": 4,
            "eps": -0.03,
            "eps_growth_year": null,
            "eps_4q": 0.15,
            "eps_4q_growth_year": -76.92,
            "roe": -0.19,
            "roe_4q": 0.4500000000000001,
            "gross_profit": 64286,
            "gross_margin": 4.3,
            "gross_margin_4q_avg": 4.53,
            "net_income": -2957,
            "revenue": 1494406,
            "common_shares": 1134818,
            "book_valuer_per_share": 13.76,
            "book_valuer_per_share_4q_avg": 13.71,
            "equity": 1614922,
            "current_ratio": 179.56,
            "debt_ratio": 58.4,
            "inventory_turnover_ratio": 3.82,
            "account_receivable_turnover_ratio": null,
            "reinvestment_rate": -3.4,
            "research_to_sale_ratio": null,
            "price_fair": 18.38,
            "eps_avg_yearly": 1.28,
            "eps_latest_yearly": 1.08,
            "eps_growth_yearly": 4.36
        },
        "20061": {
            "year_quarter": 20061,
            "year": 2006,
            "quarter": 1,
            "eps": 0.09,
            "eps_growth_year": null,
            "eps_4q": 0.2,
            "eps_4q_growth_year": -36.9,
            "roe": 0.66,
            "roe_4q": 1.5400000000000003,
            "gross_profit": 69244,
            "gross_margin": 4.67,
            "gross_margin_4q_avg": 4.32,
            "net_income": 10548,
            "revenue": 1483507,
            "common_shares": 1134818,
            "book_valuer_per_share": 13.8,
            "book_valuer_per_share_4q_avg": 13.66,
            "equity": 1566520,
            "current_ratio": 183.13,
            "debt_ratio": 57.54,
            "inventory_turnover_ratio": 3.75,
            "account_receivable_turnover_ratio": null,
            "reinvestment_rate": -66.02,
            "research_to_sale_ratio": null,
            "price_fair": 3.59,
            "eps_avg_yearly": 1.2,
            "eps_latest_yearly": 1.08,
            "eps_growth_yearly": -7.92
        },
        "20062": {
            "year_quarter": 20062,
            "year": 2006,
            "quarter": 2,
            "eps": 0.28,
            "eps_growth_year": null,
            "eps_4q": 0.66,
            "eps_4q_growth_year": null,
            "roe": 2.03,
            "roe_4q": 4.83,
            "gross_profit": 70515,
            "gross_margin": 3.55,
            "gross_margin_4q_avg": 4.02,
            "net_income": 31874,
            "revenue": 1984713,
            "common_shares": 1134818,
            "book_valuer_per_share": 13.82,
            "book_valuer_per_share_4q_avg": 13.79,
            "equity": 1568801,
            "current_ratio": 142.2,
            "debt_ratio": 60.57,
            "inventory_turnover_ratio": 7.28,
            "account_receivable_turnover_ratio": null,
            "reinvestment_rate": -77.34,
            "research_to_sale_ratio": null,
            "price_fair": 32.2,
            "eps_avg_yearly": 0.92,
            "eps_latest_yearly": 1.12,
            "eps_growth_yearly": 62.95
        },
        "20063": {
            "year_quarter": 20063,
            "year": 2006,
            "quarter": 3,
            "eps": 0.51,
            "eps_growth_year": 59.38,
            "eps_4q": 0.86,
            "eps_4q_growth_year": null,
            "roe": 3.59,
            "roe_4q": 6.089999999999999,
            "gross_profit": 122659,
            "gross_margin": 5.69,
            "gross_margin_4q_avg": 4.55,
            "net_income": 57477,
            "revenue": 2156979,
            "common_shares": 1134818,
            "book_valuer_per_share": 14.38,
            "book_valuer_per_share_4q_avg": 13.94,
            "equity": 1632425,
            "current_ratio": 127.12,
            "debt_ratio": 64,
            "inventory_turnover_ratio": 5.73,
            "account_receivable_turnover_ratio": null,
            "reinvestment_rate": -69.1,
            "research_to_sale_ratio": null,
            "price_fair": 33.25,
            "eps_avg_yearly": 0.95,
            "eps_latest_yearly": 2.04,
            "eps_growth_yearly": 126.91
        },
        "20064": {
            "year_quarter": 20064,
            "year": 2006,
            "quarter": 4,
            "eps": -0.07,
            "eps_growth_year": null,
            "eps_4q": 0.81,
            "eps_4q_growth_year": 428.18,
            "roe": -0.49,
            "roe_4q": 5.789999999999999,
            "gross_profit": 73861,
            "gross_margin": 3.95,
            "gross_margin_4q_avg": 4.47,
            "net_income": -8076,
            "revenue": 1870911,
            "common_shares": 1134818,
            "book_valuer_per_share": 14.21,
            "book_valuer_per_share_4q_avg": 14.05,
            "equity": 1665343,
            "current_ratio": 138.63,
            "debt_ratio": 62.66,
            "inventory_turnover_ratio": 2.8,
            "account_receivable_turnover_ratio": null,
            "reinvestment_rate": -61.94,
            "research_to_sale_ratio": null,
            "price_fair": 35.8,
            "eps_avg_yearly": 1.02,
            "eps_latest_yearly": 2.04,
            "eps_growth_yearly": 188.21
        },
        "20071": {
            "year_quarter": 20071,
            "year": 2007,
            "quarter": 1,
            "eps": -0.51,
            "eps_growth_year": -666.67,
            "eps_4q": 0.21,
            "eps_4q_growth_year": 1.46,
            "roe": -3.57,
            "roe_4q": 1.56,
            "gross_profit": 28865,
            "gross_margin": 1.91,
            "gross_margin_4q_avg": 3.78,
            "net_income": -57787,
            "revenue": 1511141,
            "common_shares": 1134818,
            "book_valuer_per_share": 13.82,
            "book_valuer_per_share_4q_avg": 14.06,
            "equity": 1568092,
            "current_ratio": 126.56,
            "debt_ratio": 57.62,
            "inventory_turnover_ratio": 2.53,
            "account_receivable_turnover_ratio": null,
            "reinvestment_rate": -100.46,
            "research_to_sale_ratio": null,
            "price_fair": 37.8,
            "eps_avg_yearly": 1.08,
            "eps_latest_yearly": 2.04,
            "eps_growth_yearly": 183.22
        },
        "20072": {
            "year_quarter": 20072,
            "year": 2007,
            "quarter": 2,
            "eps": 0.25,
            "eps_growth_year": -10.71,
            "eps_4q": 0.18,
            "eps_4q_growth_year": -73.36,
            "roe": 1.82,
            "roe_4q": 1.35,
            "gross_profit": 111969,
            "gross_margin": 5.86,
            "gross_margin_4q_avg": 4.35,
            "net_income": 28413,
            "revenue": 1909225,
            "common_shares": 1134818,
            "book_valuer_per_share": 13.74,
            "book_valuer_per_share_4q_avg": 14.04,
            "equity": 1559037,
            "current_ratio": 121.4,
            "debt_ratio": 60.88,
            "inventory_turnover_ratio": 5.48,
            "account_receivable_turnover_ratio": null,
            "reinvestment_rate": -172.36,
            "research_to_sale_ratio": null,
            "price_fair": 42,
            "eps_avg_yearly": 1.2,
            "eps_latest_yearly": 2.04,
            "eps_growth_yearly": 243.39
        },
        "20073": {
            "year_quarter": 20073,
            "year": 2007,
            "quarter": 3,
            "eps": 0.26,
            "eps_growth_year": -49.02,
            "eps_4q": -0.06,
            "eps_4q_growth_year": -106.4,
            "roe": 1.95,
            "roe_4q": -0.2899999999999998,
            "gross_profit": 90848,
            "gross_margin": 4.33,
            "gross_margin_4q_avg": 4.01,
            "net_income": 30902,
            "revenue": 2099508,
            "common_shares": 1174881,
            "book_valuer_per_share": 13.66,
            "book_valuer_per_share_4q_avg": 13.86,
            "equity": 1604316,
            "current_ratio": 118.9,
            "debt_ratio": 62.93,
            "inventory_turnover_ratio": 6.08,
            "account_receivable_turnover_ratio": null,
            "reinvestment_rate": -151.11,
            "research_to_sale_ratio": null,
            "price_fair": 46.2,
            "eps_avg_yearly": 1.32,
            "eps_latest_yearly": 1.04,
            "eps_growth_yearly": 253.26
        },
        "20074": {
            "year_quarter": 20074,
            "year": 2007,
            "quarter": 4,
            "eps": 0.28,
            "eps_growth_year": null,
            "eps_4q": 0.29,
            "eps_4q_growth_year": -63.89,
            "roe": 2,
            "roe_4q": 2.2000000000000006,
            "gross_profit": 67006,
            "gross_margin": 3.72,
            "gross_margin_4q_avg": 3.96,
            "net_income": 32960,
            "revenue": 1801072,
            "common_shares": 1174881,
            "book_valuer_per_share": 14.02,
            "book_valuer_per_share_4q_avg": 13.81,
            "equity": 1683397,
            "current_ratio": 134.05,
            "debt_ratio": 60.08,
            "inventory_turnover_ratio": 3.57,
            "account_receivable_turnover_ratio": null,
            "reinvestment_rate": -68.51,
            "research_to_sale_ratio": null,
            "price_fair": 45.03,
            "eps_avg_yearly": 1.29,
            "eps_latest_yearly": 1.12,
            "eps_growth_yearly": 216.18
        },
        "20081": {
            "year_quarter": 20081,
            "year": 2008,
            "quarter": 1,
            "eps": -0.22,
            "eps_growth_year": null,
            "eps_4q": 0.57,
            "eps_4q_growth_year": 175.39,
            "roe": -1.54,
            "roe_4q": 4.23,
            "gross_profit": 83447,
            "gross_margin": 4.59,
            "gross_margin_4q_avg": 4.63,
            "net_income": -25567,
            "revenue": 1817729,
            "common_shares": 1174881,
            "book_valuer_per_share": 13.66,
            "book_valuer_per_share_4q_avg": 13.77,
            "equity": 1639734,
            "current_ratio": 134.7,
            "debt_ratio": 58.26,
            "inventory_turnover_ratio": 2.94,
            "account_receivable_turnover_ratio": null,
            "reinvestment_rate": 127.09,
            "research_to_sale_ratio": null,
            "price_fair": 45.03,
            "eps_avg_yearly": 1.29,
            "eps_latest_yearly": 1.12,
            "eps_growth_yearly": 216.18
        },
        "20082": {
            "year_quarter": 20082,
            "year": 2008,
            "quarter": 2,
            "eps": 0.33,
            "eps_growth_year": 32,
            "eps_4q": 0.73,
            "eps_4q_growth_year": 311.69,
            "roe": 2.09,
            "roe_4q": 4.5,
            "gross_profit": 122223,
            "gross_margin": 6.57,
            "gross_margin_4q_avg": 4.8,
            "net_income": 34623,
            "revenue": 1860079,
            "common_shares": 1174881,
            "book_valuer_per_share": 13.95,
            "book_valuer_per_share_4q_avg": 13.82,
            "equity": 1671415,
            "current_ratio": 133.98,
            "debt_ratio": 58.18,
            "inventory_turnover_ratio": 3.35,
            "account_receivable_turnover_ratio": null,
            "reinvestment_rate": 147.73,
            "research_to_sale_ratio": null,
            "price_fair": 44.8,
            "eps_avg_yearly": 1.28,
            "eps_latest_yearly": 1.12,
            "eps_growth_yearly": 229.41
        },
        "20083": {
            "year_quarter": 20083,
            "year": 2008,
            "quarter": 3,
            "eps": 0.3,
            "eps_growth_year": 15.38,
            "eps_4q": 0.69,
            "eps_4q_growth_year": null,
            "roe": 2.09,
            "roe_4q": 4.64,
            "gross_profit": 86979,
            "gross_margin": 4.7,
            "gross_margin_4q_avg": 4.9,
            "net_income": 35473,
            "revenue": 1852066,
            "common_shares": 1186630,
            "book_valuer_per_share": 14.27,
            "book_valuer_per_share_4q_avg": 13.98,
            "equity": 1725157,
            "current_ratio": 137.09,
            "debt_ratio": 56.15,
            "inventory_turnover_ratio": 3.49,
            "account_receivable_turnover_ratio": null,
            "reinvestment_rate": 151.81,
            "research_to_sale_ratio": null,
            "price_fair": 45.64,
            "eps_avg_yearly": 1.3,
            "eps_latest_yearly": 1.2,
            "eps_growth_yearly": 236.68
        },
        "20084": {
            "year_quarter": 20084,
            "year": 2008,
            "quarter": 4,
            "eps": -1.89,
            "eps_growth_year": -775,
            "eps_4q": -1.45,
            "eps_4q_growth_year": -595.72,
            "roe": -13.83,
            "roe_4q": -11.190000000000001,
            "gross_profit": -169439,
            "gross_margin": -18.59,
            "gross_margin_4q_avg": -0.68,
            "net_income": -223894,
            "revenue": 911663,
            "common_shares": 1186631,
            "book_valuer_per_share": 12.47,
            "book_valuer_per_share_4q_avg": 13.59,
            "equity": 1512210,
            "current_ratio": 133.08,
            "debt_ratio": 54.2,
            "inventory_turnover_ratio": 2.62,
            "account_receivable_turnover_ratio": 2.24,
            "reinvestment_rate": null,
            "research_to_sale_ratio": null,
            "price_fair": 45.64,
            "eps_avg_yearly": 1.3,
            "eps_latest_yearly": 1.2,
            "eps_growth_yearly": 236.68
        },
        "20091": {
            "year_quarter": 20091,
            "year": 2009,
            "quarter": 1,
            "eps": -0.67,
            "eps_growth_year": null,
            "eps_4q": -1.93,
            "eps_4q_growth_year": -438.04,
            "roe": -5.34,
            "roe_4q": -14.990000000000002,
            "gross_profit": -76830,
            "gross_margin": -14.02,
            "gross_margin_4q_avg": -5.34,
            "net_income": -79280,
            "revenue": 548112,
            "common_shares": 1186631,
            "book_valuer_per_share": 11.98,
            "book_valuer_per_share_4q_avg": 13.17,
            "equity": 1454724,
            "current_ratio": 128.05,
            "debt_ratio": 55.72,
            "inventory_turnover_ratio": 2.45,
            "account_receivable_turnover_ratio": 0.85,
            "reinvestment_rate": null,
            "research_to_sale_ratio": null,
            "price_fair": 45.64,
            "eps_avg_yearly": 1.3,
            "eps_latest_yearly": 1.2,
            "eps_growth_yearly": 236.68
        },
        "20092": {
            "year_quarter": 20092,
            "year": 2009,
            "quarter": 2,
            "eps": -0.05,
            "eps_growth_year": -115.15,
            "eps_4q": -2.31,
            "eps_4q_growth_year": -418.39,
            "roe": -0.39,
            "roe_4q": -17.47,
            "gross_profit": 73154,
            "gross_margin": 8.81,
            "gross_margin_4q_avg": -4.78,
            "net_income": -5596,
            "revenue": 830311,
            "common_shares": 1181081,
            "book_valuer_per_share": 11.95,
            "book_valuer_per_share_4q_avg": 12.67,
            "equity": 1444400,
            "current_ratio": 132.11,
            "debt_ratio": 51.7,
            "inventory_turnover_ratio": 4.17,
            "account_receivable_turnover_ratio": 1.41,
            "reinvestment_rate": null,
            "research_to_sale_ratio": null,
            "price_fair": 45.64,
            "eps_avg_yearly": 1.3,
            "eps_latest_yearly": 1.2,
            "eps_growth_yearly": 236.68
        },
        "20093": {
            "year_quarter": 20093,
            "year": 2009,
            "quarter": 3,
            "eps": -0.2,
            "eps_growth_year": -166.67,
            "eps_4q": -2.82,
            "eps_4q_growth_year": -510.59,
            "roe": -1.69,
            "roe_4q": -21.25,
            "gross_profit": 57527,
            "gross_margin": 5.87,
            "gross_margin_4q_avg": -4.48,
            "net_income": -24127,
            "revenue": 979640,
            "common_shares": 1181081,
            "book_valuer_per_share": 11.68,
            "book_valuer_per_share_4q_avg": 12.02,
            "equity": 1411725,
            "current_ratio": 131.78,
            "debt_ratio": 51.95,
            "inventory_turnover_ratio": 5.06,
            "account_receivable_turnover_ratio": 1.31,
            "reinvestment_rate": null,
            "research_to_sale_ratio": null,
            "price_fair": 45.64,
            "eps_avg_yearly": 1.3,
            "eps_latest_yearly": 1.2,
            "eps_growth_yearly": 236.68
        },
        "20094": {
            "year_quarter": 20094,
            "year": 2009,
            "quarter": 4,
            "eps": 0.27,
            "eps_growth_year": null,
            "eps_4q": -0.65,
            "eps_4q_growth_year": null,
            "roe": 1.63,
            "roe_4q": -5.79,
            "gross_profit": 72427,
            "gross_margin": 7.01,
            "gross_margin_4q_avg": 1.92,
            "net_income": 22869,
            "revenue": 1033400,
            "common_shares": 1181081,
            "book_valuer_per_share": 11.65,
            "book_valuer_per_share_4q_avg": 11.82,
            "equity": 1399036,
            "current_ratio": 141.38,
            "debt_ratio": 55.12,
            "inventory_turnover_ratio": 4.38,
            "account_receivable_turnover_ratio": 2.34,
            "reinvestment_rate": null,
            "research_to_sale_ratio": null,
            "price_fair": 45.64,
            "eps_avg_yearly": 1.3,
            "eps_latest_yearly": 1.2,
            "eps_growth_yearly": 236.68
        },
        "20101": {
            "year_quarter": 20101,
            "year": 2010,
            "quarter": 1,
            "eps": 0.1,
            "eps_growth_year": null,
            "eps_4q": 0.12,
            "eps_4q_growth_year": null,
            "roe": 0.89,
            "roe_4q": 0.44000000000000006,
            "gross_profit": 87514,
            "gross_margin": 8.6,
            "gross_margin_4q_avg": 7.57,
            "net_income": 12481,
            "revenue": 1017044,
            "common_shares": 1181081,
            "book_valuer_per_share": 11.72,
            "book_valuer_per_share_4q_avg": 11.75,
            "equity": 1407494,
            "current_ratio": 144.31,
            "debt_ratio": 57.24,
            "inventory_turnover_ratio": 3.08,
            "account_receivable_turnover_ratio": 1.06,
            "reinvestment_rate": null,
            "research_to_sale_ratio": 0.34,
            "price_fair": 40.37,
            "eps_avg_yearly": 1.15,
            "eps_latest_yearly": 0.4,
            "eps_growth_yearly": 155.26
        },
        "20102": {
            "year_quarter": 20102,
            "year": 2010,
            "quarter": 2,
            "eps": 0.65,
            "eps_growth_year": null,
            "eps_4q": 0.82,
            "eps_4q_growth_year": null,
            "roe": 5.37,
            "roe_4q": 6.199999999999999,
            "gross_profit": 142368,
            "gross_margin": 8.03,
            "gross_margin_4q_avg": 7.38,
            "net_income": 77763,
            "revenue": 1773732,
            "common_shares": 1181081,
            "book_valuer_per_share": 12.38,
            "book_valuer_per_share_4q_avg": 11.86,
            "equity": 1487149,
            "current_ratio": 146.61,
            "debt_ratio": 59.38,
            "inventory_turnover_ratio": 4.14,
            "account_receivable_turnover_ratio": 1.5,
            "reinvestment_rate": null,
            "research_to_sale_ratio": 0.18,
            "price_fair": 49,
            "eps_avg_yearly": 1.4,
            "eps_latest_yearly": 2.6,
            "eps_growth_yearly": 381.19
        },
        "20103": {
            "year_quarter": 20103,
            "year": 2010,
            "quarter": 3,
            "eps": 0.36,
            "eps_growth_year": null,
            "eps_4q": 1.38,
            "eps_4q_growth_year": null,
            "roe": 2.82,
            "roe_4q": 10.71,
            "gross_profit": 133180,
            "gross_margin": 8.95,
            "gross_margin_4q_avg": 8.15,
            "net_income": 42824,
            "revenue": 1488661,
            "common_shares": 1181081,
            "book_valuer_per_share": 12.9,
            "book_valuer_per_share_4q_avg": 12.16,
            "equity": 1548654,
            "current_ratio": 172.88,
            "debt_ratio": 58.76,
            "inventory_turnover_ratio": 3.44,
            "account_receivable_turnover_ratio": 1.15,
            "reinvestment_rate": null,
            "research_to_sale_ratio": 0.22,
            "price_fair": 45.5,
            "eps_avg_yearly": 1.3,
            "eps_latest_yearly": 1.44,
            "eps_growth_yearly": 296.68
        },
        "20104": {
            "year_quarter": 20104,
            "year": 2010,
            "quarter": 4,
            "eps": -0.25,
            "eps_growth_year": -191.14,
            "eps_4q": 0.81,
            "eps_4q_growth_year": null,
            "roe": -1.94,
            "roe_4q": 7.14,
            "gross_profit": 109132,
            "gross_margin": 7.92,
            "gross_margin_4q_avg": 8.38,
            "net_income": -29669,
            "revenue": 1377361,
            "common_shares": 1181081,
            "book_valuer_per_share": 12.63,
            "book_valuer_per_share_4q_avg": 12.41,
            "equity": 1517376,
            "current_ratio": 167.1,
            "debt_ratio": 59.39,
            "inventory_turnover_ratio": 3.38,
            "account_receivable_turnover_ratio": 1.14,
            "reinvestment_rate": null,
            "research_to_sale_ratio": 0.28,
            "price_fair": 45.5,
            "eps_avg_yearly": 1.3,
            "eps_latest_yearly": 1.44,
            "eps_growth_yearly": 296.68
        },
        "20111": {
            "year_quarter": 20111,
            "year": 2011,
            "quarter": 1,
            "eps": 0.3,
            "eps_growth_year": 200,
            "eps_4q": 0.92,
            "eps_4q_growth_year": 664.66,
            "roe": 2.54,
            "roe_4q": 8.79,
            "gross_profit": 99768,
            "gross_margin": 7.11,
            "gross_margin_4q_avg": 8,
            "net_income": 41614,
            "revenue": 1402577,
            "common_shares": 1181081,
            "book_valuer_per_share": 14.64,
            "book_valuer_per_share_4q_avg": 13.14,
            "equity": 1755363,
            "current_ratio": 172.65,
            "debt_ratio": 53.51,
            "inventory_turnover_ratio": 2.85,
            "account_receivable_turnover_ratio": 1.23,
            "reinvestment_rate": null,
            "research_to_sale_ratio": 0.24,
            "price_fair": 45.5,
            "eps_avg_yearly": 1.3,
            "eps_latest_yearly": 1.44,
            "eps_growth_yearly": 296.68
        },
        "20112": {
            "year_quarter": 20112,
            "year": 2011,
            "quarter": 2,
            "eps": -0.21,
            "eps_growth_year": -131.99,
            "eps_4q": 0.17,
            "eps_4q_growth_year": -79.66,
            "roe": -1.68,
            "roe_4q": 1.74,
            "gross_profit": 55116,
            "gross_margin": 3.88,
            "gross_margin_4q_avg": 6.97,
            "net_income": -28744,
            "revenue": 1421622,
            "common_shares": 1401672,
            "book_valuer_per_share": 11.67,
            "book_valuer_per_share_4q_avg": 12.96,
            "equity": 1661971,
            "current_ratio": 159.02,
            "debt_ratio": 57.32,
            "inventory_turnover_ratio": 2.71,
            "account_receivable_turnover_ratio": 1.21,
            "reinvestment_rate": null,
            "research_to_sale_ratio": 0.23,
            "price_fair": 45.5,
            "eps_avg_yearly": 1.3,
            "eps_latest_yearly": 1.44,
            "eps_growth_yearly": 296.68
        },
        "20113": {
            "year_quarter": 20113,
            "year": 2011,
            "quarter": 3,
            "eps": 0.23,
            "eps_growth_year": -36.2,
            "eps_4q": 0.09,
            "eps_4q_growth_year": -93.15,
            "roe": 1.9,
            "roe_4q": 0.8199999999999998,
            "gross_profit": 55899,
            "gross_margin": 4.17,
            "gross_margin_4q_avg": 5.77,
            "net_income": 32278,
            "revenue": 1341463,
            "common_shares": 1402859,
            "book_valuer_per_share": 12.21,
            "book_valuer_per_share_4q_avg": 12.79,
            "equity": 1739768,
            "current_ratio": 165.01,
            "debt_ratio": 54.96,
            "inventory_turnover_ratio": 2.58,
            "account_receivable_turnover_ratio": 1.12,
            "reinvestment_rate": null,
            "research_to_sale_ratio": 0.24,
            "price_fair": 47.32,
            "eps_avg_yearly": 1.35,
            "eps_latest_yearly": 1.44,
            "eps_growth_yearly": 352.82
        },
        "20114": {
            "year_quarter": 20114,
            "year": 2011,
            "quarter": 4,
            "eps": -0.86,
            "eps_growth_year": null,
            "eps_4q": -0.55,
            "eps_4q_growth_year": -167.12,
            "roe": -7.34,
            "roe_4q": -4.579999999999999,
            "gross_profit": 6122,
            "gross_margin": 0.57,
            "gross_margin_4q_avg": 3.93,
            "net_income": -123087,
            "revenue": 1082945,
            "common_shares": 1410315,
            "book_valuer_per_share": 11.42,
            "book_valuer_per_share_4q_avg": 12.49,
            "equity": 1615966,
            "current_ratio": 160.34,
            "debt_ratio": 56.15,
            "inventory_turnover_ratio": 2.44,
            "account_receivable_turnover_ratio": 1.01,
            "reinvestment_rate": null,
            "research_to_sale_ratio": 0.29,
            "price_fair": 49.35,
            "eps_avg_yearly": 1.41,
            "eps_latest_yearly": 1.44,
            "eps_growth_yearly": 433.33
        },
        "20121": {
            "year_quarter": 20121,
            "year": 2012,
            "quarter": 1,
            "eps": -0.27,
            "eps_growth_year": -190,
            "eps_4q": -1.09,
            "eps_4q_growth_year": -218.61,
            "roe": -2.42,
            "roe_4q": -9.54,
            "gross_profit": 46796,
            "gross_margin": 4.33,
            "gross_margin_4q_avg": 3.24,
            "net_income": -38812,
            "revenue": 1079687,
            "common_shares": 1410315,
            "book_valuer_per_share": 11.28,
            "book_valuer_per_share_4q_avg": 11.65,
            "equity": 1596612,
            "current_ratio": 155.56,
            "debt_ratio": 55.33,
            "inventory_turnover_ratio": 2.56,
            "account_receivable_turnover_ratio": 1.11,
            "reinvestment_rate": null,
            "research_to_sale_ratio": 0.29,
            "price_fair": 49.35,
            "eps_avg_yearly": 1.41,
            "eps_latest_yearly": 1.44,
            "eps_growth_yearly": 433.33
        },
        "20122": {
            "year_quarter": 20122,
            "year": 2012,
            "quarter": 2,
            "eps": -0.12,
            "eps_growth_year": null,
            "eps_4q": -1.01,
            "eps_4q_growth_year": -705.18,
            "roe": -1.11,
            "roe_4q": -8.97,
            "gross_profit": 46704,
            "gross_margin": 4.1,
            "gross_margin_4q_avg": 3.29,
            "net_income": -17647,
            "revenue": 1138992,
            "common_shares": 1442332,
            "book_valuer_per_share": 10.96,
            "book_valuer_per_share_4q_avg": 11.47,
            "equity": 1585671,
            "current_ratio": 143.15,
            "debt_ratio": 58.04,
            "inventory_turnover_ratio": 2.72,
            "account_receivable_turnover_ratio": 1.14,
            "reinvestment_rate": null,
            "research_to_sale_ratio": 0.28,
            "price_fair": 49.35,
            "eps_avg_yearly": 1.41,
            "eps_latest_yearly": 1.44,
            "eps_growth_yearly": 433.33
        },
        "20123": {
            "year_quarter": 20123,
            "year": 2012,
            "quarter": 3,
            "eps": -0.11,
            "eps_growth_year": -149.96,
            "eps_4q": -1.34,
            "eps_4q_growth_year": -1522.35,
            "roe": -1.03,
            "roe_4q": -11.9,
            "gross_profit": 53426,
            "gross_margin": 4.72,
            "gross_margin_4q_avg": 3.43,
            "net_income": -16205,
            "revenue": 1131073,
            "common_shares": 1442332,
            "book_valuer_per_share": 10.8,
            "book_valuer_per_share_4q_avg": 11.12,
            "equity": 1562980,
            "current_ratio": 149.03,
            "debt_ratio": 55.82,
            "inventory_turnover_ratio": 3.02,
            "account_receivable_turnover_ratio": 1.13,
            "reinvestment_rate": null,
            "research_to_sale_ratio": 0.28,
            "price_fair": 51.8,
            "eps_avg_yearly": 1.48,
            "eps_latest_yearly": 1.44,
            "eps_growth_yearly": 589.9
        },
        "20124": {
            "year_quarter": 20124,
            "year": 2012,
            "quarter": 4,
            "eps": -0.12,
            "eps_growth_year": null,
            "eps_4q": -0.62,
            "eps_4q_growth_year": null,
            "roe": -1.11,
            "roe_4q": -5.67,
            "gross_profit": 60962,
            "gross_margin": 6.18,
            "gross_margin_4q_avg": 4.83,
            "net_income": -17292,
            "revenue": 986906,
            "common_shares": 1442332,
            "book_valuer_per_share": 10.66,
            "book_valuer_per_share_4q_avg": 10.93,
            "equity": 1543427,
            "current_ratio": 152.31,
            "debt_ratio": 54.97,
            "inventory_turnover_ratio": 2.76,
            "account_receivable_turnover_ratio": 1.06,
            "reinvestment_rate": null,
            "research_to_sale_ratio": 0.33,
            "price_fair": 51.8,
            "eps_avg_yearly": 1.48,
            "eps_latest_yearly": 1.44,
            "eps_growth_yearly": 589.9
        },
        "20131": {
            "year_quarter": 20131,
            "year": 2013,
            "quarter": 1,
            "eps": 0.12,
            "eps_growth_year": null,
            "eps_4q": -0.24,
            "eps_4q_growth_year": null,
            "roe": 1.09,
            "roe_4q": -2.16,
            "gross_profit": 52535,
            "gross_margin": 5.71,
            "gross_margin_4q_avg": 5.18,
            "net_income": 16920,
            "revenue": 920424,
            "common_shares": 1442332,
            "book_valuer_per_share": 10.78,
            "book_valuer_per_share_4q_avg": 10.8,
            "equity": 1559536,
            "current_ratio": 162.51,
            "debt_ratio": 55.6,
            "inventory_turnover_ratio": 2.43,
            "account_receivable_turnover_ratio": 1.08,
            "reinvestment_rate": null,
            "research_to_sale_ratio": 0.3,
            "price_fair": 51.8,
            "eps_avg_yearly": 1.48,
            "eps_latest_yearly": 1.44,
            "eps_growth_yearly": 589.9
        },
        "20132": {
            "year_quarter": 20132,
            "year": 2013,
            "quarter": 2,
            "eps": -0.06,
            "eps_growth_year": null,
            "eps_4q": -0.18,
            "eps_4q_growth_year": null,
            "roe": -0.59,
            "roe_4q": -1.6400000000000001,
            "gross_profit": 56444,
            "gross_margin": 5.84,
            "gross_margin_4q_avg": 5.61,
            "net_income": -9267,
            "revenue": 966096,
            "common_shares": 1442332,
            "book_valuer_per_share": 10.79,
            "book_valuer_per_share_4q_avg": 10.76,
            "equity": 1560730,
            "current_ratio": 163.37,
            "debt_ratio": 56.64,
            "inventory_turnover_ratio": 2.55,
            "account_receivable_turnover_ratio": 1.15,
            "reinvestment_rate": null,
            "research_to_sale_ratio": 0.29,
            "price_fair": 51.8,
            "eps_avg_yearly": 1.48,
            "eps_latest_yearly": 1.44,
            "eps_growth_yearly": 589.9
        },
        "20133": {
            "year_quarter": 20133,
            "year": 2013,
            "quarter": 3,
            "eps": 0.15,
            "eps_growth_year": null,
            "eps_4q": 0.09,
            "eps_4q_growth_year": null,
            "roe": 1.41,
            "roe_4q": 0.8,
            "gross_profit": 78046,
            "gross_margin": 8.06,
            "gross_margin_4q_avg": 6.45,
            "net_income": 22054,
            "revenue": 968668,
            "common_shares": 1442332,
            "book_valuer_per_share": 10.9,
            "book_valuer_per_share_4q_avg": 10.78,
            "equity": 1576862,
            "current_ratio": 173.4,
            "debt_ratio": 52.95,
            "inventory_turnover_ratio": 2.82,
            "account_receivable_turnover_ratio": 1.16,
            "reinvestment_rate": null,
            "research_to_sale_ratio": 0.27,
            "price_fair": 51.8,
            "eps_avg_yearly": 1.48,
            "eps_latest_yearly": 1.44,
            "eps_growth_yearly": 589.9
        },
        "20134": {
            "year_quarter": 20134,
            "year": 2013,
            "quarter": 4,
            "eps": -0.09,
            "eps_growth_year": null,
            "eps_4q": 0.12,
            "eps_4q_growth_year": null,
            "roe": -0.83,
            "roe_4q": 1.08,
            "gross_profit": 62259,
            "gross_margin": 6.48,
            "gross_margin_4q_avg": 6.52,
            "net_income": -13211,
            "revenue": 960449,
            "common_shares": 1442332,
            "book_valuer_per_share": 10.99,
            "book_valuer_per_share_4q_avg": 10.87,
            "equity": 1590173,
            "current_ratio": 187.87,
            "debt_ratio": 51.29,
            "inventory_turnover_ratio": 2.9,
            "account_receivable_turnover_ratio": 1.19,
            "reinvestment_rate": null,
            "research_to_sale_ratio": 0.26,
            "price_fair": 51.8,
            "eps_avg_yearly": 1.48,
            "eps_latest_yearly": 1.44,
            "eps_growth_yearly": 589.9
        },
        "20141": {
            "year_quarter": 20141,
            "year": 2014,
            "quarter": 1,
            "eps": 0.14,
            "eps_growth_year": 16.67,
            "eps_4q": 0.14,
            "eps_4q_growth_year": null,
            "roe": 1.29,
            "roe_4q": 1.2800000000000002,
            "gross_profit": 65505,
            "gross_margin": 7.65,
            "gross_margin_4q_avg": 7.01,
            "net_income": 20608,
            "revenue": 856429,
            "common_shares": 1442332,
            "book_valuer_per_share": 11.09,
            "book_valuer_per_share_4q_avg": 10.94,
            "equity": 1604021,
            "current_ratio": 185.65,
            "debt_ratio": 51.08,
            "inventory_turnover_ratio": 2.5,
            "account_receivable_turnover_ratio": 1.12,
            "reinvestment_rate": null,
            "research_to_sale_ratio": 0.26,
            "price_fair": 70.7,
            "eps_avg_yearly": 2.02,
            "eps_latest_yearly": 1.44,
            "eps_growth_yearly": 1010.77
        },
        "20142": {
            "year_quarter": 20142,
            "year": 2014,
            "quarter": 2,
            "eps": -0.01,
            "eps_growth_year": null,
            "eps_4q": 0.2,
            "eps_4q_growth_year": null,
            "roe": -0.07,
            "roe_4q": 1.7999999999999998,
            "gross_profit": 71762,
            "gross_margin": 7.85,
            "gross_margin_4q_avg": 7.51,
            "net_income": -1125,
            "revenue": 913970,
            "common_shares": 1442332,
            "book_valuer_per_share": 11.01,
            "book_valuer_per_share_4q_avg": 11,
            "equity": 1593551,
            "current_ratio": 172.43,
            "debt_ratio": 50.92,
            "inventory_turnover_ratio": 2.78,
            "account_receivable_turnover_ratio": 1.23,
            "reinvestment_rate": null,
            "research_to_sale_ratio": 0.26,
            "price_fair": 4.32,
            "eps_avg_yearly": 1.44,
            "eps_latest_yearly": 1.44,
            "eps_growth_yearly": -178.46
        },
        "20143": {
            "year_quarter": 20143,
            "year": 2014,
            "quarter": 3,
            "eps": 0.16,
            "eps_growth_year": 6.67,
            "eps_4q": 0.21,
            "eps_4q_growth_year": 141.62,
            "roe": 1.43,
            "roe_4q": 1.8199999999999998,
            "gross_profit": 95366,
            "gross_margin": 9.99,
            "gross_margin_4q_avg": 7.99,
            "net_income": 23103,
            "revenue": 954621,
            "common_shares": 1442332,
            "book_valuer_per_share": 11.32,
            "book_valuer_per_share_4q_avg": 11.1,
            "equity": 1637347,
            "current_ratio": 169.12,
            "debt_ratio": 50.42,
            "inventory_turnover_ratio": 2.86,
            "account_receivable_turnover_ratio": 1.23,
            "reinvestment_rate": null,
            "research_to_sale_ratio": 0.25,
            "price_fair": 0,
            "eps_avg_yearly": 0,
            "eps_latest_yearly": 0,
            "eps_growth_yearly": 0
        },
        "20144": {
            "year_quarter": 20144,
            "year": 2014,
            "quarter": 4,
            "eps": 0.03,
            "eps_growth_year": null,
            "eps_4q": 0.33,
            "eps_4q_growth_year": 180.63,
            "roe": 0.19,
            "roe_4q": 2.84,
            "gross_profit": 70734,
            "gross_margin": 7.99,
            "gross_margin_4q_avg": 8.37,
            "net_income": 3191,
            "revenue": 885133,
            "common_shares": 1442332,
            "book_valuer_per_share": 11.52,
            "book_valuer_per_share_4q_avg": 11.24,
            "equity": 1665339,
            "current_ratio": 181.27,
            "debt_ratio": 48.97,
            "inventory_turnover_ratio": 2.74,
            "account_receivable_turnover_ratio": 1.14,
            "reinvestment_rate": null,
            "research_to_sale_ratio": 0.18,
            "price_fair": 0.36,
            "eps_avg_yearly": 0.12,
            "eps_latest_yearly": 0.12,
            "eps_growth_yearly": -325
        },
        "20151": {
            "year_quarter": 20151,
            "year": 2015,
            "quarter": 1,
            "eps": 0.01,
            "eps_growth_year": -92.86,
            "eps_4q": 0.2,
            "eps_4q_growth_year": 37.13,
            "roe": 0.12,
            "roe_4q": 1.67,
            "gross_profit": 62206,
            "gross_margin": 8.3,
            "gross_margin_4q_avg": 8.53,
            "net_income": 1980,
            "revenue": 749838,
            "common_shares": 1442332,
            "book_valuer_per_share": 11.4,
            "book_valuer_per_share_4q_avg": 11.31,
            "equity": 1649121,
            "current_ratio": 177.19,
            "debt_ratio": 49.9,
            "inventory_turnover_ratio": 2.34,
            "account_receivable_turnover_ratio": 1.06,
            "reinvestment_rate": null,
            "research_to_sale_ratio": 0.23,
            "price_fair": 0.24,
            "eps_avg_yearly": 0.08,
            "eps_latest_yearly": 0.04,
            "eps_growth_yearly": -295.83
        },
        "20152": {
            "year_quarter": 20152,
            "year": 2015,
            "quarter": 2,
            "eps": -0.01,
            "eps_growth_year": null,
            "eps_4q": 0.19,
            "eps_4q_growth_year": -2.16,
            "roe": -0.08,
            "roe_4q": 1.66,
            "gross_profit": 63945,
            "gross_margin": 8.38,
            "gross_margin_4q_avg": 8.67,
            "net_income": -1269,
            "revenue": 763497,
            "common_shares": 1442332,
            "book_valuer_per_share": 10.97,
            "book_valuer_per_share_4q_avg": 11.3,
            "equity": 1585841,
            "current_ratio": 168.05,
            "debt_ratio": 52.13,
            "inventory_turnover_ratio": 2.39,
            "account_receivable_turnover_ratio": 1.16,
            "reinvestment_rate": null,
            "research_to_sale_ratio": 0.32,
            "price_fair": 0.24,
            "eps_avg_yearly": 0.08,
            "eps_latest_yearly": 0.04,
            "eps_growth_yearly": -295.83
        },
        "20153": {
            "year_quarter": 20153,
            "year": 2015,
            "quarter": 3,
            "eps": 0.24,
            "eps_growth_year": 50,
            "eps_4q": 0.27,
            "eps_4q_growth_year": 28.78,
            "roe": 2.13,
            "roe_4q": 2.36,
            "gross_profit": 64871,
            "gross_margin": 9.29,
            "gross_margin_4q_avg": 8.49,
            "net_income": 34488,
            "revenue": 698246,
            "common_shares": 1442332,
            "book_valuer_per_share": 11.47,
            "book_valuer_per_share_4q_avg": 11.34,
            "equity": 1645894,
            "current_ratio": 177.13,
            "debt_ratio": 47.47,
            "inventory_turnover_ratio": 2.39,
            "account_receivable_turnover_ratio": 1.08,
            "reinvestment_rate": null,
            "research_to_sale_ratio": 0.31,
            "price_fair": 0.24,
            "eps_avg_yearly": 0.08,
            "eps_latest_yearly": 0.04,
            "eps_growth_yearly": -295.83
        },
        "20154": {
            "year_quarter": 20154,
            "year": 2015,
            "quarter": 4,
            "eps": 0.15,
            "eps_growth_year": 415.93,
            "eps_4q": 0.39,
            "eps_4q_growth_year": 18.56,
            "roe": 1.28,
            "roe_4q": 3.45,
            "gross_profit": 71661,
            "gross_margin": 10.44,
            "gross_margin_4q_avg": 9.1,
            "net_income": 20919,
            "revenue": 686686,
            "common_shares": 1442332,
            "book_valuer_per_share": 11.32,
            "book_valuer_per_share_4q_avg": 11.29,
            "equity": 1621421,
            "current_ratio": 167.89,
            "debt_ratio": 48.2,
            "inventory_turnover_ratio": 2.54,
            "account_receivable_turnover_ratio": 1.11,
            "reinvestment_rate": -2899.56,
            "research_to_sale_ratio": 0.31,
            "price_fair": 0.76,
            "eps_avg_yearly": 0.25,
            "eps_latest_yearly": 0.6,
            "eps_growth_yearly": -247.22
        },
        "20161": {
            "year_quarter": 20161,
            "year": 2016,
            "quarter": 1,
            "eps": 0.01,
            "eps_growth_year": 0,
            "eps_4q": 0.39,
            "eps_4q_growth_year": 98.25,
            "roe": 0.08,
            "roe_4q": 3.41,
            "gross_profit": 73583,
            "gross_margin": 12.27,
            "gross_margin_4q_avg": 10.1,
            "net_income": 1254,
            "revenue": 599902,
            "common_shares": 1442332,
            "book_valuer_per_share": 11.34,
            "book_valuer_per_share_4q_avg": 11.28,
            "equity": 1624382,
            "current_ratio": 168.49,
            "debt_ratio": 46.63,
            "inventory_turnover_ratio": 2.33,
            "account_receivable_turnover_ratio": 1.08,
            "reinvestment_rate": -1202.22,
            "research_to_sale_ratio": 0.37,
            "price_fair": 0.6,
            "eps_avg_yearly": 0.2,
            "eps_latest_yearly": 0.04,
            "eps_growth_yearly": -278.75
        },
        "20162": {
            "year_quarter": 20162,
            "year": 2016,
            "quarter": 2,
            "eps": 0.06,
            "eps_growth_year": null,
            "eps_4q": 0.45,
            "eps_4q_growth_year": 132.04,
            "roe": 0.51,
            "roe_4q": 4,
            "gross_profit": 74166,
            "gross_margin": 11.97,
            "gross_margin_4q_avg": 10.99,
            "net_income": 8128,
            "revenue": 619442,
            "common_shares": 1442332,
            "book_valuer_per_share": 10.93,
            "book_valuer_per_share_4q_avg": 11.27,
            "equity": 1565590,
            "current_ratio": 159.41,
            "debt_ratio": 49.51,
            "inventory_turnover_ratio": 2.4,
            "account_receivable_turnover_ratio": 1.16,
            "reinvestment_rate": -850.98,
            "research_to_sale_ratio": 0.35,
            "price_fair": 7.28,
            "eps_avg_yearly": 0.21,
            "eps_latest_yearly": 0.24,
            "eps_growth_yearly": 177
        },
        "20163": {
            "year_quarter": 20163,
            "year": 2016,
            "quarter": 3,
            "eps": 0.16,
            "eps_growth_year": -33.33,
            "eps_4q": 0.37,
            "eps_4q_growth_year": 37.18,
            "roe": 1.47,
            "roe_4q": 3.34,
            "gross_profit": 106851,
            "gross_margin": 15.06,
            "gross_margin_4q_avg": 12.44,
            "net_income": 23000,
            "revenue": 709469,
            "common_shares": 1442332,
            "book_valuer_per_share": 10.92,
            "book_valuer_per_share_4q_avg": 11.13,
            "equity": 1564357,
            "current_ratio": 160.47,
            "debt_ratio": 49.31,
            "inventory_turnover_ratio": 2.51,
            "account_receivable_turnover_ratio": 1.22,
            "reinvestment_rate": -595.37,
            "research_to_sale_ratio": 0.3,
            "price_fair": 9.8,
            "eps_avg_yearly": 0.28,
            "eps_latest_yearly": 0.64,
            "eps_growth_yearly": 258.61
        },
        "20164": {
            "year_quarter": 20164,
            "year": 2016,
            "quarter": 4,
            "eps": 0.38,
            "eps_growth_year": 158.99,
            "eps_4q": 0.6,
            "eps_4q_growth_year": 55.25,
            "roe": 3.44,
            "roe_4q": 5.5,
            "gross_profit": 111916,
            "gross_margin": 14.7,
            "gross_margin_4q_avg": 13.5,
            "net_income": 54178,
            "revenue": 761467,
            "common_shares": 1442332,
            "book_valuer_per_share": 11.04,
            "book_valuer_per_share_4q_avg": 11.06,
            "equity": 1581763,
            "current_ratio": 174.76,
            "debt_ratio": 48.23,
            "inventory_turnover_ratio": 2.59,
            "account_receivable_turnover_ratio": 1.18,
            "reinvestment_rate": -378.39,
            "research_to_sale_ratio": 0.27,
            "price_fair": 16,
            "eps_avg_yearly": 0.46,
            "eps_latest_yearly": 1.52,
            "eps_growth_yearly": 300.24
        },
        "20171": {
            "year_quarter": 20171,
            "year": 2017,
            "quarter": 1,
            "eps": 0,
            "eps_growth_year": -100,
            "eps_4q": 0.6,
            "eps_4q_growth_year": 54.36,
            "roe": 0.03,
            "roe_4q": 5.449999999999999,
            "gross_profit": 108867,
            "gross_margin": 15.11,
            "gross_margin_4q_avg": 14.21,
            "net_income": 397,
            "revenue": 720445,
            "common_shares": 1442332,
            "book_valuer_per_share": 10.81,
            "book_valuer_per_share_4q_avg": 10.93,
            "equity": 1548891,
            "current_ratio": 164.72,
            "debt_ratio": 50.21,
            "inventory_turnover_ratio": 2.23,
            "account_receivable_turnover_ratio": 1.08,
            "reinvestment_rate": -16.14,
            "research_to_sale_ratio": 0.3,
            "price_fair": 16,
            "eps_avg_yearly": 0.46,
            "eps_latest_yearly": 1.52,
            "eps_growth_yearly": 300.24
        },
        "20172": {
            "year_quarter": 20172,
            "year": 2017,
            "quarter": 2,
            "eps": 0.26,
            "eps_growth_year": 333.33,
            "eps_4q": 0.8,
            "eps_4q_growth_year": 77.08,
            "roe": 2.4,
            "roe_4q": 7.339999999999999,
            "gross_profit": 108415,
            "gross_margin": 13.78,
            "gross_margin_4q_avg": 14.66,
            "net_income": 37152,
            "revenue": 786553,
            "common_shares": 1442332,
            "book_valuer_per_share": 10.8,
            "book_valuer_per_share_4q_avg": 10.89,
            "equity": 1547422,
            "current_ratio": 161.24,
            "debt_ratio": 51.11,
            "inventory_turnover_ratio": 2.33,
            "account_receivable_turnover_ratio": 1.17,
            "reinvestment_rate": -15.63,
            "research_to_sale_ratio": 0.28,
            "price_fair": 16,
            "eps_avg_yearly": 0.46,
            "eps_latest_yearly": 1.52,
            "eps_growth_yearly": 300.24
        },
        "20173": {
            "year_quarter": 20173,
            "year": 2017,
            "quarter": 3,
            "eps": 0.41,
            "eps_growth_year": 156.25,
            "eps_4q": 1.05,
            "eps_4q_growth_year": 181.11,
            "roe": 3.67,
            "roe_4q": 9.540000000000001,
            "gross_profit": 131304,
            "gross_margin": 15.09,
            "gross_margin_4q_avg": 14.67,
            "net_income": 58107,
            "revenue": 870392,
            "common_shares": 1442332,
            "book_valuer_per_share": 11.31,
            "book_valuer_per_share_4q_avg": 10.99,
            "equity": 1619711,
            "current_ratio": 166.19,
            "debt_ratio": 49.88,
            "inventory_turnover_ratio": 2.39,
            "account_receivable_turnover_ratio": 1.2,
            "reinvestment_rate": -14.42,
            "research_to_sale_ratio": 0.27,
            "price_fair": 21.18,
            "eps_avg_yearly": 0.61,
            "eps_latest_yearly": 1.64,
            "eps_growth_yearly": 291.55
        },
        "20174": {
            "year_quarter": 20174,
            "year": 2017,
            "quarter": 4,
            "eps": 0.14,
            "eps_growth_year": -62.95,
            "eps_4q": 0.8,
            "eps_4q_growth_year": 32.93,
            "roe": 1.23,
            "roe_4q": 7.330000000000001,
            "gross_profit": 140206,
            "gross_margin": 14.42,
            "gross_margin_4q_avg": 14.6,
            "net_income": 20211,
            "revenue": 972295,
            "common_shares": 1442332,
            "book_valuer_per_share": 11.5,
            "book_valuer_per_share_4q_avg": 11.11,
            "equity": 1658319,
            "current_ratio": 160.54,
            "debt_ratio": 51.95,
            "inventory_turnover_ratio": 2.5,
            "account_receivable_turnover_ratio": 1.23,
            "reinvestment_rate": -8.19,
            "research_to_sale_ratio": 0.37,
            "price_fair": 21,
            "eps_avg_yearly": 0.6,
            "eps_latest_yearly": 0.56,
            "eps_growth_yearly": 229.89
        },
        "20181": {
            "year_quarter": 20181,
            "year": 2018,
            "quarter": 1,
            "eps": 0.15,
            "eps_growth_year": null,
            "eps_4q": 0.95,
            "eps_4q_growth_year": 58.56,
            "roe": 1.27,
            "roe_4q": 8.57,
            "gross_profit": 120236,
            "gross_margin": 13.74,
            "gross_margin_4q_avg": 14.26,
            "net_income": 21370,
            "revenue": 875375,
            "common_shares": 1442332,
            "book_valuer_per_share": 11.81,
            "book_valuer_per_share_4q_avg": 11.36,
            "equity": 1703823,
            "current_ratio": 162.64,
            "debt_ratio": 51.05,
            "inventory_turnover_ratio": 2.13,
            "account_receivable_turnover_ratio": 1.1,
            "reinvestment_rate": -9.09,
            "research_to_sale_ratio": 0.3,
            "price_fair": 21,
            "eps_avg_yearly": 0.6,
            "eps_latest_yearly": 0.6,
            "eps_growth_yearly": 209.76
        },
        "20182": {
            "year_quarter": 20182,
            "year": 2018,
            "quarter": 2,
            "eps": 0.57,
            "eps_growth_year": 119.23,
            "eps_4q": 1.26,
            "eps_4q_growth_year": 57.13,
            "roe": 4.84,
            "roe_4q": 11.01,
            "gross_profit": 105789,
            "gross_margin": 11.57,
            "gross_margin_4q_avg": 13.71,
            "net_income": 81839,
            "revenue": 914015,
            "common_shares": 1442332,
            "book_valuer_per_share": 11.62,
            "book_valuer_per_share_4q_avg": 11.56,
            "equity": 1675608,
            "current_ratio": 160.3,
            "debt_ratio": 49.69,
            "inventory_turnover_ratio": 2.23,
            "account_receivable_turnover_ratio": 1.15,
            "reinvestment_rate": -3.1,
            "research_to_sale_ratio": 0.33,
            "price_fair": 26.35,
            "eps_avg_yearly": 0.75,
            "eps_latest_yearly": 2.28,
            "eps_growth_yearly": 292.51
        },
        "20183": {
            "year_quarter": 20183,
            "year": 2018,
            "quarter": 3,
            "eps": 0.46,
            "eps_growth_year": 12.2,
            "eps_4q": 1.32,
            "eps_4q_growth_year": 26.53,
            "roe": 4,
            "roe_4q": 11.34,
            "gross_profit": 132054,
            "gross_margin": 14.09,
            "gross_margin_4q_avg": 13.46,
            "net_income": 67496,
            "revenue": 936950,
            "common_shares": 1442332,
            "book_valuer_per_share": 11.81,
            "book_valuer_per_share_4q_avg": 11.69,
            "equity": 1703371,
            "current_ratio": 166.53,
            "debt_ratio": 46.52,
            "inventory_turnover_ratio": 2.31,
            "account_receivable_turnover_ratio": 1.13,
            "reinvestment_rate": -1.18,
            "research_to_sale_ratio": 0.37,
            "price_fair": 29.52,
            "eps_avg_yearly": 0.84,
            "eps_latest_yearly": 1.84,
            "eps_growth_yearly": 261.7
        },
        "20184": {
            "year_quarter": 20184,
            "year": 2018,
            "quarter": 4,
            "eps": 0.32,
            "eps_growth_year": 127.48,
            "eps_4q": 1.5,
            "eps_4q_growth_year": 87.01,
            "roe": 2.64,
            "roe_4q": 12.75,
            "gross_profit": 121072,
            "gross_margin": 13.63,
            "gross_margin_4q_avg": 13.26,
            "net_income": 45976,
            "revenue": 888096,
            "common_shares": 1442332,
            "book_valuer_per_share": 12.31,
            "book_valuer_per_share_4q_avg": 11.89,
            "equity": 1775740,
            "current_ratio": 176.79,
            "debt_ratio": 43.14,
            "inventory_turnover_ratio": 2.3,
            "account_receivable_turnover_ratio": 1.12,
            "reinvestment_rate": 12.12,
            "research_to_sale_ratio": 0.31,
            "price_fair": 32.9,
            "eps_avg_yearly": 0.94,
            "eps_latest_yearly": 1.28,
            "eps_growth_yearly": 278.64
        },
        "20191": {
            "year_quarter": 20191,
            "year": 2019,
            "quarter": 1,
            "eps": 0.08,
            "eps_growth_year": -46.67,
            "eps_4q": 1.43,
            "eps_4q_growth_year": 50.65,
            "roe": 0.6,
            "roe_4q": 12.08,
            "gross_profit": 72479,
            "gross_margin": 10.83,
            "gross_margin_4q_avg": 12.53,
            "net_income": 10835,
            "revenue": 669104,
            "common_shares": 1442332,
            "book_valuer_per_share": 12.57,
            "book_valuer_per_share_4q_avg": 12.08,
            "equity": 1813260,
            "current_ratio": 197.79,
            "debt_ratio": 37.93,
            "inventory_turnover_ratio": 1.87,
            "account_receivable_turnover_ratio": 1.01,
            "reinvestment_rate": 14.49,
            "research_to_sale_ratio": 0.45,
            "price_fair": 33.72,
            "eps_avg_yearly": 0.96,
            "eps_latest_yearly": 0.32,
            "eps_growth_yearly": 275.86
        },
        "20192": {
            "year_quarter": 20192,
            "year": 2019,
            "quarter": 2,
            "eps": 0.19,
            "eps_growth_year": -66.67,
            "eps_4q": 1.05,
            "eps_4q_growth_year": -16.38,
            "roe": 1.57,
            "roe_4q": 8.81,
            "gross_profit": 79907,
            "gross_margin": 10.79,
            "gross_margin_4q_avg": 12.34,
            "net_income": 27476,
            "revenue": 740879,
            "common_shares": 1442332,
            "book_valuer_per_share": 11.65,
            "book_valuer_per_share_4q_avg": 12.09,
            "equity": 1679635,
            "current_ratio": 182.41,
            "debt_ratio": 40.09,
            "inventory_turnover_ratio": 2.19,
            "account_receivable_turnover_ratio": 1.23,
            "reinvestment_rate": 18.16,
            "research_to_sale_ratio": 0.26,
            "price_fair": 33.17,
            "eps_avg_yearly": 0.95,
            "eps_latest_yearly": 0.76,
            "eps_growth_yearly": 296.95
        },
        "20193": {
            "year_quarter": 20193,
            "year": 2019,
            "quarter": 3,
            "eps": 0.26,
            "eps_growth_year": -43.48,
            "eps_4q": 0.84,
            "eps_4q_growth_year": -36.33,
            "roe": 2.22,
            "roe_4q": 7.029999999999999,
            "gross_profit": 83866,
            "gross_margin": 11.75,
            "gross_margin_4q_avg": 11.75,
            "net_income": 37259,
            "revenue": 714042,
            "common_shares": 1442332,
            "book_valuer_per_share": 11.58,
            "book_valuer_per_share_4q_avg": 12.03,
            "equity": 1670595,
            "current_ratio": 183.24,
            "debt_ratio": 39.69,
            "inventory_turnover_ratio": 2.23,
            "account_receivable_turnover_ratio": 1.15,
            "reinvestment_rate": 13.95,
            "research_to_sale_ratio": 0.32,
            "price_fair": 33.4,
            "eps_avg_yearly": 0.95,
            "eps_latest_yearly": 1.04,
            "eps_growth_yearly": 286.26
        },
        "20194": {
            "year_quarter": 20194,
            "year": 2019,
            "quarter": 4,
            "eps": 0.09,
            "eps_growth_year": -70.71,
            "eps_4q": 0.62,
            "eps_4q_growth_year": -58.91,
            "roe": 0.8,
            "roe_4q": 5.19,
            "gross_profit": 110985,
            "gross_margin": 14.15,
            "gross_margin_4q_avg": 11.88,
            "net_income": 13465,
            "revenue": 784563,
            "common_shares": 1442332,
            "book_valuer_per_share": 11.65,
            "book_valuer_per_share_4q_avg": 11.86,
            "equity": 1680972,
            "current_ratio": 177.75,
            "debt_ratio": 38.17,
            "inventory_turnover_ratio": 2.52,
            "account_receivable_turnover_ratio": 1.28,
            "reinvestment_rate": 12.7,
            "research_to_sale_ratio": 0.27,
            "price_fair": 32.8,
            "eps_avg_yearly": 0.94,
            "eps_latest_yearly": 0.36,
            "eps_growth_yearly": 278.3
        },
        "20201": {
            "year_quarter": 20201,
            "year": 2020,
            "quarter": 1,
            "eps": 0.23,
            "eps_growth_year": 187.5,
            "eps_4q": 0.77,
            "eps_4q_growth_year": -46.24,
            "roe": 1.93,
            "roe_4q": 6.5200000000000005,
            "gross_profit": 92675,
            "gross_margin": 14.58,
            "gross_margin_4q_avg": 12.82,
            "net_income": 32632,
            "revenue": 635694,
            "common_shares": 1442332,
            "book_valuer_per_share": 11.74,
            "book_valuer_per_share_4q_avg": 11.66,
            "equity": 1693508,
            "current_ratio": 172.38,
            "debt_ratio": 40,
            "inventory_turnover_ratio": 1.86,
            "account_receivable_turnover_ratio": 1.06,
            "reinvestment_rate": 10.23,
            "research_to_sale_ratio": 0.42,
            "price_fair": 35,
            "eps_avg_yearly": 1,
            "eps_latest_yearly": 0.92,
            "eps_growth_yearly": 349.41
        },
        "20202": {
            "year_quarter": 20202,
            "year": 2020,
            "quarter": 2,
            "eps": 0.23,
            "eps_growth_year": 21.05,
            "eps_4q": 0.81,
            "eps_4q_growth_year": -22.87,
            "roe": 2.01,
            "roe_4q": 6.959999999999999,
            "gross_profit": 93684,
            "gross_margin": 14.28,
            "gross_margin_4q_avg": 13.69,
            "net_income": 33715,
            "revenue": 656276,
            "common_shares": 1442332,
            "book_valuer_per_share": 11.56,
            "book_valuer_per_share_4q_avg": 11.63,
            "equity": 1668017,
            "current_ratio": 183.46,
            "debt_ratio": 40.72,
            "inventory_turnover_ratio": 1.87,
            "account_receivable_turnover_ratio": 1.14,
            "reinvestment_rate": 9.74,
            "research_to_sale_ratio": 0.43,
            "price_fair": 36.7,
            "eps_avg_yearly": 1.05,
            "eps_latest_yearly": 0.92,
            "eps_growth_yearly": 206.55
        },
        "20203": {
            "year_quarter": 20203,
            "year": 2020,
            "quarter": 3,
            "eps": 0.42,
            "eps_growth_year": 61.54,
            "eps_4q": 0.97,
            "eps_4q_growth_year": 14.99,
            "roe": 3.5,
            "roe_4q": 8.24,
            "gross_profit": 133895,
            "gross_margin": 16.93,
            "gross_margin_4q_avg": 14.99,
            "net_income": 59803,
            "revenue": 790979,
            "common_shares": 1442332,
            "book_valuer_per_share": 12.02,
            "book_valuer_per_share_4q_avg": 11.74,
            "equity": 1751490,
            "current_ratio": 196.49,
            "debt_ratio": 39.3,
            "inventory_turnover_ratio": 2.43,
            "account_receivable_turnover_ratio": 1.26,
            "reinvestment_rate": 25.4,
            "research_to_sale_ratio": 0.2,
            "price_fair": 39.3,
            "eps_avg_yearly": 1.12,
            "eps_latest_yearly": 1.68,
            "eps_growth_yearly": 182.53
        },
        "20204": {
            "year_quarter": 20204,
            "year": 2020,
            "quarter": 4,
            "eps": 0.14,
            "eps_growth_year": 51.3,
            "eps_4q": 1.02,
            "eps_4q_growth_year": 64.73,
            "roe": 1.13,
            "roe_4q": 8.57,
            "gross_profit": 109795,
            "gross_margin": 12.18,
            "gross_margin_4q_avg": 14.49,
            "net_income": 20123,
            "revenue": 901334,
            "common_shares": 1442332,
            "book_valuer_per_share": 12.34,
            "book_valuer_per_share_4q_avg": 11.92,
            "equity": 1797135,
            "current_ratio": 195.66,
            "debt_ratio": 40.91,
            "inventory_turnover_ratio": 2.73,
            "account_receivable_turnover_ratio": 1.22,
            "reinvestment_rate": 34.73,
            "research_to_sale_ratio": 0.35,
            "price_fair": 36.9,
            "eps_avg_yearly": 1.05,
            "eps_latest_yearly": 0.56,
            "eps_growth_yearly": 124.2
        },
        "20211": {
            "year_quarter": 20211,
            "year": 2021,
            "quarter": 1,
            "eps": 0.46,
            "eps_growth_year": 100,
            "eps_4q": 1.25,
            "eps_4q_growth_year": 63.29,
            "roe": 3.59,
            "roe_4q": 10.229999999999999,
            "gross_profit": 144484,
            "gross_margin": 13.98,
            "gross_margin_4q_avg": 14.34,
            "net_income": 65908,
            "revenue": 1033490,
            "common_shares": 1442332,
            "book_valuer_per_share": 12.74,
            "book_valuer_per_share_4q_avg": 12.17,
            "equity": 1874264,
            "current_ratio": 190.86,
            "debt_ratio": 41.7,
            "inventory_turnover_ratio": 2.66,
            "account_receivable_turnover_ratio": 1.21,
            "reinvestment_rate": 35.17,
            "research_to_sale_ratio": 0.27,
            "price_fair": 38.73,
            "eps_avg_yearly": 1.11,
            "eps_latest_yearly": 1.84,
            "eps_growth_yearly": 176.87
        },
        "20212": {
            "year_quarter": 20212,
            "year": 2021,
            "quarter": 2,
            "eps": 0.45,
            "eps_growth_year": 95.65,
            "eps_4q": 1.47,
            "eps_4q_growth_year": 81.41,
            "roe": 3.35,
            "roe_4q": 11.57,
            "gross_profit": 164026,
            "gross_margin": 12.66,
            "gross_margin_4q_avg": 13.94,
            "net_income": 63944,
            "revenue": 1295739,
            "common_shares": 1442332,
            "book_valuer_per_share": 13.21,
            "book_valuer_per_share_4q_avg": 12.58,
            "equity": 1941470,
            "current_ratio": 179.11,
            "debt_ratio": 43.25,
            "inventory_turnover_ratio": 2.99,
            "account_receivable_turnover_ratio": 1.29,
            "reinvestment_rate": 43.73,
            "research_to_sale_ratio": 0.33,
            "price_fair": 40.25,
            "eps_avg_yearly": 1.15,
            "eps_latest_yearly": 1.8,
            "eps_growth_yearly": 165.28
        },
        "20213": {
            "year_quarter": 20213,
            "year": 2021,
            "quarter": 3,
            "eps": 0.33,
            "eps_growth_year": -21.43,
            "eps_4q": 1.38,
            "eps_4q_growth_year": 42.92,
            "roe": 2.38,
            "roe_4q": 10.45,
            "gross_profit": 132603,
            "gross_margin": 11.04,
            "gross_margin_4q_avg": 12.47,
            "net_income": 45793,
            "revenue": 1200687,
            "common_shares": 1442332,
            "book_valuer_per_share": 12.93,
            "book_valuer_per_share_4q_avg": 12.81,
            "equity": 1899362,
            "current_ratio": 158.44,
            "debt_ratio": 48.34,
            "inventory_turnover_ratio": 2.49,
            "account_receivable_turnover_ratio": 1.14,
            "reinvestment_rate": 47.02,
            "research_to_sale_ratio": 0.31,
            "price_fair": 39.55,
            "eps_avg_yearly": 1.13,
            "eps_latest_yearly": 1.32,
            "eps_growth_yearly": 144.19
        },
        "20214": {
            "year_quarter": 20214,
            "year": 2021,
            "quarter": 4,
            "eps": 0.21,
            "eps_growth_year": 49.06,
            "eps_4q": 1.45,
            "eps_4q_growth_year": 43,
            "roe": 1.58,
            "roe_4q": 10.9,
            "gross_profit": 114850,
            "gross_margin": 10.54,
            "gross_margin_4q_avg": 12.06,
            "net_income": 30221,
            "revenue": 1089718,
            "common_shares": 1442332,
            "book_valuer_per_share": 13.2,
            "book_valuer_per_share_4q_avg": 13.02,
            "equity": 1937826,
            "current_ratio": 158.74,
            "debt_ratio": 46.4,
            "inventory_turnover_ratio": 2.29,
            "account_receivable_turnover_ratio": 1.12,
            "reinvestment_rate": 51.05,
            "research_to_sale_ratio": 0.64,
            "price_fair": 40.16,
            "eps_avg_yearly": 1.15,
            "eps_latest_yearly": 0.84,
            "eps_growth_yearly": 151.56
        },
        "20221": {
            "year_quarter": 20221,
            "year": 2022,
            "quarter": 1,
            "eps": 0.2,
            "eps_growth_year": -56.52,
            "eps_4q": 1.19,
            "eps_4q_growth_year": -4.8,
            "roe": 1.36,
            "roe_4q": 8.67,
            "gross_profit": 86152,
            "gross_margin": 9.19,
            "gross_margin_4q_avg": 10.86,
            "net_income": 27058,
            "revenue": 937523,
            "common_shares": 1442332,
            "book_valuer_per_share": 13.95,
            "book_valuer_per_share_4q_avg": 13.32,
            "equity": 2042587,
            "current_ratio": 197.03,
            "debt_ratio": 42.54,
            "inventory_turnover_ratio": 2.13,
            "account_receivable_turnover_ratio": 1.1,
            "reinvestment_rate": 55.86,
            "research_to_sale_ratio": 0.55,
            "price_fair": 40.6,
            "eps_avg_yearly": 1.16,
            "eps_latest_yearly": 0.8,
            "eps_growth_yearly": 148.58
        },
        "20222": {
            "year_quarter": 20222,
            "year": 2022,
            "quarter": 2,
            "eps": 0.21,
            "eps_growth_year": -53.33,
            "eps_4q": 0.88,
            "eps_4q_growth_year": -40.57,
            "roe": 1.39,
            "roe_4q": 6.71,
            "gross_profit": 92345,
            "gross_margin": 9.2,
            "gross_margin_4q_avg": 9.99,
            "net_income": 29092,
            "revenue": 1003584,
            "common_shares": 1577332,
            "book_valuer_per_share": 13.45,
            "book_valuer_per_share_4q_avg": 13.38,
            "equity": 2150387,
            "current_ratio": 228.49,
            "debt_ratio": 37.33,
            "inventory_turnover_ratio": 2.15,
            "account_receivable_turnover_ratio": 1.21,
            "reinvestment_rate": 61.06,
            "research_to_sale_ratio": 0.66,
            "price_fair": 37.45,
            "eps_avg_yearly": 1.07,
            "eps_latest_yearly": 0.84,
            "eps_growth_yearly": 79.83
        },
        "20223": {
            "year_quarter": 20223,
            "year": 2022,
            "quarter": 3,
            "eps": 0.05,
            "eps_growth_year": -84.85,
            "eps_4q": 0.63,
            "eps_4q_growth_year": -54.8,
            "roe": 0.28,
            "roe_4q": 4.61,
            "gross_profit": 23480,
            "gross_margin": 2.92,
            "gross_margin_4q_avg": 7.96,
            "net_income": 6065,
            "revenue": 803208,
            "common_shares": 1577332,
            "book_valuer_per_share": 13.56,
            "book_valuer_per_share_4q_avg": 13.54,
            "equity": 2166309,
            "current_ratio": 252.24,
            "debt_ratio": 34.43,
            "inventory_turnover_ratio": 1.88,
            "account_receivable_turnover_ratio": 1.02,
            "reinvestment_rate": 65.81,
            "research_to_sale_ratio": 0.45,
            "price_fair": 33.86,
            "eps_avg_yearly": 0.97,
            "eps_latest_yearly": 0.2,
            "eps_growth_yearly": 65.61
        },
        "20224": {
            "year_quarter": 20224,
            "year": 2022,
            "quarter": 4,
            "eps": -0.11,
            "eps_growth_year": -153.74,
            "eps_4q": 0.32,
            "eps_4q_growth_year": -77.98,
            "roe": -1,
            "roe_4q": 2.0300000000000002,
            "gross_profit": 49924,
            "gross_margin": 5.96,
            "gross_margin_4q_avg": 6.82,
            "net_income": -21556,
            "revenue": 837063,
            "common_shares": 1577332,
            "book_valuer_per_share": 13.34,
            "book_valuer_per_share_4q_avg": 13.58,
            "equity": 2128046,
            "current_ratio": 240.41,
            "debt_ratio": 35.47,
            "inventory_turnover_ratio": 2.1,
            "account_receivable_turnover_ratio": 1.18,
            "reinvestment_rate": 68.14,
            "research_to_sale_ratio": 0.4,
            "price_fair": 33.13,
            "eps_avg_yearly": 0.95,
            "eps_latest_yearly": 0.2,
            "eps_growth_yearly": 78.1
        },
        "20231": {
            "year_quarter": 20231,
            "year": 2023,
            "quarter": 1,
            "eps": 0.18,
            "eps_growth_year": -10,
            "eps_4q": 0.31,
            "eps_4q_growth_year": -73.72,
            "roe": 1.23,
            "roe_4q": 1.9,
            "gross_profit": 65430,
            "gross_margin": 9.56,
            "gross_margin_4q_avg": 6.91,
            "net_income": 26048,
            "revenue": 684103,
            "common_shares": 1577332,
            "book_valuer_per_share": 13.24,
            "book_valuer_per_share_4q_avg": 13.4,
            "equity": 2110248,
            "current_ratio": 224.23,
            "debt_ratio": 37.27,
            "inventory_turnover_ratio": 1.76,
            "account_receivable_turnover_ratio": 1.03,
            "reinvestment_rate": 63.21,
            "research_to_sale_ratio": 0.55,
            "price_fair": 34.7,
            "eps_avg_yearly": 0.99,
            "eps_latest_yearly": 0.2,
            "eps_growth_yearly": 105.11
        }
    },
    "months": {
        "2001-06": {
            "month": "2001-06",
            "price": "15.39",
            "revenue": 235865
        },
        "2001-07": {
            "month": "2001-07",
            "price": "14.92",
            "revenue": 254426
        },
        "2001-08": {
            "month": "2001-08",
            "price": "15.04",
            "revenue": 314347
        },
        "2001-09": {
            "month": "2001-09",
            "price": "12.28",
            "revenue": 257617
        },
        "2001-10": {
            "month": "2001-10",
            "price": "11.23",
            "revenue": 289214
        },
        "2001-11": {
            "month": "2001-11",
            "price": "12.08",
            "revenue": 249537
        },
        "2001-12": {
            "month": "2001-12",
            "price": "13.47",
            "revenue": 229015
        },
        "2002-01": {
            "month": "2002-01",
            "price": "14.28",
            "revenue": 238531
        },
        "2002-02": {
            "month": "2002-02",
            "price": "15.54",
            "revenue": 187637
        },
        "2002-03": {
            "month": "2002-03",
            "price": "18.85",
            "revenue": 306299
        },
        "2002-04": {
            "month": "2002-04",
            "price": "23.24",
            "revenue": 329490
        },
        "2002-05": {
            "month": "2002-05",
            "price": "22.20",
            "revenue": 303604
        },
        "2002-06": {
            "month": "2002-06",
            "price": "21.75",
            "revenue": 269623
        },
        "2002-07": {
            "month": "2002-07",
            "price": "19.80",
            "revenue": 294825
        },
        "2002-08": {
            "month": "2002-08",
            "price": "19.11",
            "revenue": 285998
        },
        "2002-09": {
            "month": "2002-09",
            "price": "18.78",
            "revenue": 280929
        },
        "2002-10": {
            "month": "2002-10",
            "price": "17.00",
            "revenue": 315453
        },
        "2002-11": {
            "month": "2002-11",
            "price": "19.82",
            "revenue": 288993
        },
        "2002-12": {
            "month": "2002-12",
            "price": "20.54",
            "revenue": 232266
        },
        "2003-01": {
            "month": "2003-01",
            "price": "20.91",
            "revenue": 269901
        },
        "2003-02": {
            "month": "2003-02",
            "price": "19.09",
            "revenue": 229350
        },
        "2003-03": {
            "month": "2003-03",
            "price": "17.54",
            "revenue": 286253
        },
        "2003-04": {
            "month": "2003-04",
            "price": "17.37",
            "revenue": 283800
        },
        "2003-05": {
            "month": "2003-05",
            "price": "15.79",
            "revenue": 278597
        },
        "2003-06": {
            "month": "2003-06",
            "price": "16.06",
            "revenue": 240060
        },
        "2003-07": {
            "month": "2003-07",
            "price": "15.70",
            "revenue": 285613
        },
        "2003-08": {
            "month": "2003-08",
            "price": "14.48",
            "revenue": 293321
        },
        "2003-09": {
            "month": "2003-09",
            "price": "13.52",
            "revenue": 279204
        },
        "2003-10": {
            "month": "2003-10",
            "price": "12.68",
            "revenue": 329508
        },
        "2003-11": {
            "month": "2003-11",
            "price": "12.72",
            "revenue": 340345
        },
        "2003-12": {
            "month": "2003-12",
            "price": "12.54",
            "revenue": 334804
        },
        "2004-01": {
            "month": "2004-01",
            "price": "13.84",
            "revenue": 266502
        },
        "2004-02": {
            "month": "2004-02",
            "price": "13.90",
            "revenue": 392225
        },
        "2004-03": {
            "month": "2004-03",
            "price": "14.68",
            "revenue": 435704
        },
        "2004-04": {
            "month": "2004-04",
            "price": "13.92",
            "revenue": 467512
        },
        "2004-05": {
            "month": "2004-05",
            "price": "12.52",
            "revenue": 418745
        },
        "2004-06": {
            "month": "2004-06",
            "price": "12.93",
            "revenue": 391516
        },
        "2004-07": {
            "month": "2004-07",
            "price": "12.38",
            "revenue": 443749
        },
        "2004-08": {
            "month": "2004-08",
            "price": "12.24",
            "revenue": 400359
        },
        "2004-09": {
            "month": "2004-09",
            "price": "12.63",
            "revenue": 396909
        },
        "2004-10": {
            "month": "2004-10",
            "price": "12.69",
            "revenue": 406462
        },
        "2004-11": {
            "month": "2004-11",
            "price": "11.75",
            "revenue": 422446
        },
        "2004-12": {
            "month": "2004-12",
            "price": "11.74",
            "revenue": 389412
        },
        "2005-01": {
            "month": "2005-01",
            "price": "11.92",
            "revenue": 368549
        },
        "2005-02": {
            "month": "2005-02",
            "price": "11.63",
            "revenue": 305283
        },
        "2005-03": {
            "month": "2005-03",
            "price": "11.05",
            "revenue": 411140
        },
        "2005-04": {
            "month": "2005-04",
            "price": "10.31",
            "revenue": 420520
        },
        "2005-05": {
            "month": "2005-05",
            "price": "9.84",
            "revenue": 371455
        },
        "2005-06": {
            "month": "2005-06",
            "price": "10.12",
            "revenue": 453280
        },
        "2005-07": {
            "month": "2005-07",
            "price": "9.80",
            "revenue": 416631
        },
        "2005-08": {
            "month": "2005-08",
            "price": "8.95",
            "revenue": 504920
        },
        "2005-09": {
            "month": "2005-09",
            "price": "8.08",
            "revenue": 512463
        },
        "2005-10": {
            "month": "2005-10",
            "price": "7.45",
            "revenue": 495217
        },
        "2005-11": {
            "month": "2005-11",
            "price": "7.16",
            "revenue": 504262
        },
        "2005-12": {
            "month": "2005-12",
            "price": "7.85",
            "revenue": 494926
        },
        "2006-01": {
            "month": "2006-01",
            "price": "8.23",
            "revenue": 393754
        },
        "2006-02": {
            "month": "2006-02",
            "price": "7.66",
            "revenue": 478928
        },
        "2006-03": {
            "month": "2006-03",
            "price": "7.06",
            "revenue": 610825
        },
        "2006-04": {
            "month": "2006-04",
            "price": "7.68",
            "revenue": 617610
        },
        "2006-05": {
            "month": "2006-05",
            "price": "8.82",
            "revenue": 662648
        },
        "2006-06": {
            "month": "2006-06",
            "price": "8.78",
            "revenue": 704455
        },
        "2006-07": {
            "month": "2006-07",
            "price": "9.68",
            "revenue": 737604
        },
        "2006-08": {
            "month": "2006-08",
            "price": "9.81",
            "revenue": 747260
        },
        "2006-09": {
            "month": "2006-09",
            "price": "9.51",
            "revenue": 672116
        },
        "2006-10": {
            "month": "2006-10",
            "price": "9.81",
            "revenue": 661233
        },
        "2006-11": {
            "month": "2006-11",
            "price": "11.15",
            "revenue": 633552
        },
        "2006-12": {
            "month": "2006-12",
            "price": "11.67",
            "revenue": 576125
        },
        "2007-01": {
            "month": "2007-01",
            "price": "11.53",
            "revenue": 516927
        },
        "2007-02": {
            "month": "2007-02",
            "price": "11.31",
            "revenue": 363718
        },
        "2007-03": {
            "month": "2007-03",
            "price": "10.94",
            "revenue": 630496
        },
        "2007-04": {
            "month": "2007-04",
            "price": "11.69",
            "revenue": 575844
        },
        "2007-05": {
            "month": "2007-05",
            "price": "10.40",
            "revenue": 694095
        },
        "2007-06": {
            "month": "2007-06",
            "price": "10.39",
            "revenue": 639287
        },
        "2007-07": {
            "month": "2007-07",
            "price": "12.18",
            "revenue": 716507
        },
        "2007-08": {
            "month": "2007-08",
            "price": "11.57",
            "revenue": 710310
        },
        "2007-09": {
            "month": "2007-09",
            "price": "10.63",
            "revenue": 672691
        },
        "2007-10": {
            "month": "2007-10",
            "price": "10.71",
            "revenue": 710530
        },
        "2007-11": {
            "month": "2007-11",
            "price": "9.82",
            "revenue": 548292
        },
        "2007-12": {
            "month": "2007-12",
            "price": "8.48",
            "revenue": 542250
        },
        "2008-01": {
            "month": "2008-01",
            "price": "8.00",
            "revenue": 592954
        },
        "2008-02": {
            "month": "2008-02",
            "price": "8.00",
            "revenue": 464798
        },
        "2008-03": {
            "month": "2008-03",
            "price": "8.92",
            "revenue": 581410
        },
        "2008-04": {
            "month": "2008-04",
            "price": "9.48",
            "revenue": 643497
        },
        "2008-05": {
            "month": "2008-05",
            "price": "9.55",
            "revenue": 582681
        },
        "2008-06": {
            "month": "2008-06",
            "price": "8.74",
            "revenue": 545331
        },
        "2008-07": {
            "month": "2008-07",
            "price": "7.71",
            "revenue": 641492
        },
        "2008-08": {
            "month": "2008-08",
            "price": "6.91",
            "revenue": 497792
        },
        "2008-09": {
            "month": "2008-09",
            "price": "6.20",
            "revenue": 483864
        },
        "2008-10": {
            "month": "2008-10",
            "price": "5.29",
            "revenue": 401470
        },
        "2008-11": {
            "month": "2008-11",
            "price": "4.85",
            "revenue": 258307
        },
        "2008-12": {
            "month": "2008-12",
            "price": "4.91",
            "revenue": 208031
        },
        "2009-01": {
            "month": "2009-01",
            "price": "4.79",
            "revenue": 123976
        },
        "2009-02": {
            "month": "2009-02",
            "price": "4.62",
            "revenue": 169865
        },
        "2009-03": {
            "month": "2009-03",
            "price": "4.89",
            "revenue": 203232
        },
        "2009-04": {
            "month": "2009-04",
            "price": "6.42",
            "revenue": 230403
        },
        "2009-05": {
            "month": "2009-05",
            "price": "6.19",
            "revenue": 250203
        },
        "2009-06": {
            "month": "2009-06",
            "price": "6.08",
            "revenue": 259293
        },
        "2009-07": {
            "month": "2009-07",
            "price": "6.34",
            "revenue": 281924
        },
        "2009-08": {
            "month": "2009-08",
            "price": "6.65",
            "revenue": 208632
        },
        "2009-09": {
            "month": "2009-09",
            "price": "6.73",
            "revenue": 308873
        },
        "2009-10": {
            "month": "2009-10",
            "price": "6.80",
            "revenue": 312063
        },
        "2009-11": {
            "month": "2009-11",
            "price": "6.79",
            "revenue": 318113
        },
        "2009-12": {
            "month": "2009-12",
            "price": "7.21",
            "revenue": 338910
        },
        "2010-01": {
            "month": "2010-01",
            "price": "7.72",
            "revenue": 357714
        },
        "2010-02": {
            "month": "2010-02",
            "price": "7.24",
            "revenue": 268469
        },
        "2010-03": {
            "month": "2010-03",
            "price": "7.68",
            "revenue": 470947
        },
        "2010-04": {
            "month": "2010-04",
            "price": "10.00",
            "revenue": 480091
        },
        "2010-05": {
            "month": "2010-05",
            "price": "9.49",
            "revenue": 439745
        },
        "2010-06": {
            "month": "2010-06",
            "price": "9.63",
            "revenue": 427992
        },
        "2010-07": {
            "month": "2010-07",
            "price": "9.72",
            "revenue": 445137
        },
        "2010-08": {
            "month": "2010-08",
            "price": "10.72",
            "revenue": 485008
        },
        "2010-09": {
            "month": "2010-09",
            "price": "13.75",
            "revenue": 424193
        },
        "2010-10": {
            "month": "2010-10",
            "price": "13.88",
            "revenue": 422014
        },
        "2010-11": {
            "month": "2010-11",
            "price": "12.35",
            "revenue": 433923
        },
        "2010-12": {
            "month": "2010-12",
            "price": "13.49",
            "revenue": 444497
        },
        "2011-01": {
            "month": "2011-01",
            "price": "15.11",
            "revenue": 463021
        },
        "2011-02": {
            "month": "2011-02",
            "price": "13.75",
            "revenue": 414791
        },
        "2011-03": {
            "month": "2011-03",
            "price": "12.38",
            "revenue": 510857
        },
        "2011-04": {
            "month": "2011-04",
            "price": "12.98",
            "revenue": 397724
        },
        "2011-05": {
            "month": "2011-05",
            "price": "13.49",
            "revenue": 469004
        },
        "2011-06": {
            "month": "2011-06",
            "price": "13.57",
            "revenue": 393431
        },
        "2011-07": {
            "month": "2011-07",
            "price": "12.82",
            "revenue": 415074
        },
        "2011-08": {
            "month": "2011-08",
            "price": "12.55",
            "revenue": 355479
        },
        "2011-09": {
            "month": "2011-09",
            "price": "12.06",
            "revenue": 412828
        },
        "2011-10": {
            "month": "2011-10",
            "price": "12.40",
            "revenue": 265364
        },
        "2011-11": {
            "month": "2011-11",
            "price": "12.55",
            "revenue": 308132
        },
        "2011-12": {
            "month": "2011-12",
            "price": "12.32",
            "revenue": 353139
        },
        "2012-01": {
            "month": "2012-01",
            "price": "11.98",
            "revenue": 266883
        },
        "2012-02": {
            "month": "2012-02",
            "price": "11.90",
            "revenue": 330652
        },
        "2012-03": {
            "month": "2012-03",
            "price": "11.94",
            "revenue": 389949
        },
        "2012-04": {
            "month": "2012-04",
            "price": "12.24",
            "revenue": 347318
        },
        "2012-05": {
            "month": "2012-05",
            "price": "10.88",
            "revenue": 327195
        },
        "2012-06": {
            "month": "2012-06",
            "price": "9.15",
            "revenue": 285212
        },
        "2012-07": {
            "month": "2012-07",
            "price": "9.24",
            "revenue": 341384
        },
        "2012-08": {
            "month": "2012-08",
            "price": "9.59",
            "revenue": 311788
        },
        "2012-09": {
            "month": "2012-09",
            "price": "9.75",
            "revenue": 302217
        },
        "2012-10": {
            "month": "2012-10",
            "price": "9.89",
            "revenue": 297170
        },
        "2012-11": {
            "month": "2012-11",
            "price": "9.70",
            "revenue": 269782
        },
        "2012-12": {
            "month": "2012-12",
            "price": "9.56",
            "revenue": 266698
        },
        "2013-01": {
            "month": "2013-01",
            "price": "9.79",
            "revenue": 341443
        },
        "2013-02": {
            "month": "2013-02",
            "price": "9.46",
            "revenue": 243283
        },
        "2013-03": {
            "month": "2013-03",
            "price": "9.21",
            "revenue": 335697
        },
        "2013-04": {
            "month": "2013-04",
            "price": "9.39",
            "revenue": 337194
        },
        "2013-05": {
            "month": "2013-05",
            "price": "10.59",
            "revenue": 338824
        },
        "2013-06": {
            "month": "2013-06",
            "price": "10.15",
            "revenue": 290078
        },
        "2013-07": {
            "month": "2013-07",
            "price": "9.36",
            "revenue": 335516
        },
        "2013-08": {
            "month": "2013-08",
            "price": "9.13",
            "revenue": 318728
        },
        "2013-09": {
            "month": "2013-09",
            "price": "8.93",
            "revenue": 314408
        },
        "2013-10": {
            "month": "2013-10",
            "price": "9.22",
            "revenue": 312736
        },
        "2013-11": {
            "month": "2013-11",
            "price": "9.19",
            "revenue": 299060
        },
        "2013-12": {
            "month": "2013-12",
            "price": "9.66",
            "revenue": 349026
        },
        "2014-01": {
            "month": "2014-01",
            "price": "9.46",
            "revenue": 290034
        },
        "2014-02": {
            "month": "2014-02",
            "price": "9.33",
            "revenue": 241360
        },
        "2014-03": {
            "month": "2014-03",
            "price": "9.24",
            "revenue": 310331
        },
        "2014-04": {
            "month": "2014-04",
            "price": "8.99",
            "revenue": 310633
        },
        "2014-05": {
            "month": "2014-05",
            "price": "8.71",
            "revenue": 308440
        },
        "2014-06": {
            "month": "2014-06",
            "price": "8.81",
            "revenue": 309602
        },
        "2014-07": {
            "month": "2014-07",
            "price": "8.96",
            "revenue": 333880
        },
        "2014-08": {
            "month": "2014-08",
            "price": "8.92",
            "revenue": 313194
        },
        "2014-09": {
            "month": "2014-09",
            "price": "8.98",
            "revenue": 307550
        },
        "2014-10": {
            "month": "2014-10",
            "price": "8.33",
            "revenue": 277398
        },
        "2014-11": {
            "month": "2014-11",
            "price": "7.77",
            "revenue": 293227
        },
        "2014-12": {
            "month": "2014-12",
            "price": "7.82",
            "revenue": 314516
        },
        "2015-01": {
            "month": "2015-01",
            "price": "8.08",
            "revenue": 298006
        },
        "2015-02": {
            "month": "2015-02",
            "price": "8.04",
            "revenue": 175529
        },
        "2015-03": {
            "month": "2015-03",
            "price": "8.08",
            "revenue": 276304
        },
        "2015-04": {
            "month": "2015-04",
            "price": "8.01",
            "revenue": 272828
        },
        "2015-05": {
            "month": "2015-05",
            "price": "7.91",
            "revenue": 246727
        },
        "2015-06": {
            "month": "2015-06",
            "price": "7.08",
            "revenue": 248424
        },
        "2015-07": {
            "month": "2015-07",
            "price": "6.77",
            "revenue": 240247
        },
        "2015-08": {
            "month": "2015-08",
            "price": "6.53",
            "revenue": 223846
        },
        "2015-09": {
            "month": "2015-09",
            "price": "7.06",
            "revenue": 226606
        },
        "2015-10": {
            "month": "2015-10",
            "price": "7.38",
            "revenue": 225513
        },
        "2015-11": {
            "month": "2015-11",
            "price": "6.98",
            "revenue": 221488
        },
        "2015-12": {
            "month": "2015-12",
            "price": "6.77",
            "revenue": 242750
        },
        "2016-01": {
            "month": "2016-01",
            "price": "6.67",
            "revenue": 211624
        },
        "2016-02": {
            "month": "2016-02",
            "price": "6.67",
            "revenue": 135800
        },
        "2016-03": {
            "month": "2016-03",
            "price": "6.81",
            "revenue": 252483
        },
        "2016-04": {
            "month": "2016-04",
            "price": "6.71",
            "revenue": 215177
        },
        "2016-05": {
            "month": "2016-05",
            "price": "6.58",
            "revenue": 213092
        },
        "2016-06": {
            "month": "2016-06",
            "price": "6.63",
            "revenue": 191216
        },
        "2016-07": {
            "month": "2016-07",
            "price": "6.67",
            "revenue": 228446
        },
        "2016-08": {
            "month": "2016-08",
            "price": "6.44",
            "revenue": 234284
        },
        "2016-09": {
            "month": "2016-09",
            "price": "6.63",
            "revenue": 246692
        },
        "2016-10": {
            "month": "2016-10",
            "price": "6.99",
            "revenue": 225968
        },
        "2016-11": {
            "month": "2016-11",
            "price": "7.38",
            "revenue": 257526
        },
        "2016-12": {
            "month": "2016-12",
            "price": "7.51",
            "revenue": 277775
        },
        "2017-01": {
            "month": "2017-01",
            "price": "7.95",
            "revenue": 181745
        },
        "2017-02": {
            "month": "2017-02",
            "price": "8.38",
            "revenue": 234060
        },
        "2017-03": {
            "month": "2017-03",
            "price": "8.49",
            "revenue": 304641
        },
        "2017-04": {
            "month": "2017-04",
            "price": "8.89",
            "revenue": 251299
        },
        "2017-05": {
            "month": "2017-05",
            "price": "8.74",
            "revenue": 261862
        },
        "2017-06": {
            "month": "2017-06",
            "price": "9.05",
            "revenue": 273390
        },
        "2017-07": {
            "month": "2017-07",
            "price": "10.16",
            "revenue": 263081
        },
        "2017-08": {
            "month": "2017-08",
            "price": "11.24",
            "revenue": 307805
        },
        "2017-09": {
            "month": "2017-09",
            "price": "13.30",
            "revenue": 298681
        },
        "2017-10": {
            "month": "2017-10",
            "price": "12.99",
            "revenue": 296338
        },
        "2017-11": {
            "month": "2017-11",
            "price": "13.43",
            "revenue": 329026
        },
        "2017-12": {
            "month": "2017-12",
            "price": "14.05",
            "revenue": 353095
        },
        "2018-01": {
            "month": "2018-01",
            "price": "15.40",
            "revenue": 359858
        },
        "2018-02": {
            "month": "2018-02",
            "price": "14.39",
            "revenue": 180955
        },
        "2018-03": {
            "month": "2018-03",
            "price": "14.11",
            "revenue": 335145
        },
        "2018-04": {
            "month": "2018-04",
            "price": "14.14",
            "revenue": 281286
        },
        "2018-05": {
            "month": "2018-05",
            "price": "13.78",
            "revenue": 316583
        },
        "2018-06": {
            "month": "2018-06",
            "price": "14.09",
            "revenue": 316726
        },
        "2018-07": {
            "month": "2018-07",
            "price": "13.80",
            "revenue": 319881
        },
        "2018-08": {
            "month": "2018-08",
            "price": "13.71",
            "revenue": 325027
        },
        "2018-09": {
            "month": "2018-09",
            "price": "13.53",
            "revenue": 290893
        },
        "2018-10": {
            "month": "2018-10",
            "price": "12.53",
            "revenue": 300248
        },
        "2018-11": {
            "month": "2018-11",
            "price": "12.55",
            "revenue": 309498
        },
        "2018-12": {
            "month": "2018-12",
            "price": "12.54",
            "revenue": 278595
        },
        "2019-01": {
            "month": "2019-01",
            "price": "13.30",
            "revenue": 244936
        },
        "2019-02": {
            "month": "2019-02",
            "price": "13.71",
            "revenue": 172944
        },
        "2019-03": {
            "month": "2019-03",
            "price": "13.42",
            "revenue": 251229
        },
        "2019-04": {
            "month": "2019-04",
            "price": "14.03",
            "revenue": 258459
        },
        "2019-05": {
            "month": "2019-05",
            "price": "13.75",
            "revenue": 246597
        },
        "2019-06": {
            "month": "2019-06",
            "price": "13.41",
            "revenue": 235925
        },
        "2019-07": {
            "month": "2019-07",
            "price": "13.27",
            "revenue": 238854
        },
        "2019-08": {
            "month": "2019-08",
            "price": "13.03",
            "revenue": 235583
        },
        "2019-09": {
            "month": "2019-09",
            "price": "12.16",
            "revenue": 238216
        },
        "2019-10": {
            "month": "2019-10",
            "price": "12.05",
            "revenue": 248427
        },
        "2019-11": {
            "month": "2019-11",
            "price": "12.14",
            "revenue": 269055
        },
        "2019-12": {
            "month": "2019-12",
            "price": "12.11",
            "revenue": 268772
        },
        "2020-01": {
            "month": "2020-01",
            "price": "12.14",
            "revenue": 196052
        },
        "2020-02": {
            "month": "2020-02",
            "price": "11.75",
            "revenue": 167591
        },
        "2020-03": {
            "month": "2020-03",
            "price": "10.17",
            "revenue": 272053
        },
        "2020-04": {
            "month": "2020-04",
            "price": "9.95",
            "revenue": 256363
        },
        "2020-05": {
            "month": "2020-05",
            "price": "11.04",
            "revenue": 190355
        },
        "2020-06": {
            "month": "2020-06",
            "price": "11.32",
            "revenue": 209571
        },
        "2020-07": {
            "month": "2020-07",
            "price": "11.82",
            "revenue": 235203
        },
        "2020-08": {
            "month": "2020-08",
            "price": "12.05",
            "revenue": 261718
        },
        "2020-09": {
            "month": "2020-09",
            "price": "12.94",
            "revenue": 294052
        },
        "2020-10": {
            "month": "2020-10",
            "price": "13.09",
            "revenue": 278099
        },
        "2020-11": {
            "month": "2020-11",
            "price": "13.19",
            "revenue": 287963
        },
        "2020-12": {
            "month": "2020-12",
            "price": "14.31",
            "revenue": 335579
        },
        "2021-01": {
            "month": "2021-01",
            "price": "14.35",
            "revenue": 372868
        },
        "2021-02": {
            "month": "2021-02",
            "price": "14.69",
            "revenue": 221979
        },
        "2021-03": {
            "month": "2021-03",
            "price": "15.39",
            "revenue": 438642
        },
        "2021-04": {
            "month": "2021-04",
            "price": "18.33",
            "revenue": 445931
        },
        "2021-05": {
            "month": "2021-05",
            "price": "19.35",
            "revenue": 392786
        },
        "2021-06": {
            "month": "2021-06",
            "price": "18.94",
            "revenue": 457023
        },
        "2021-07": {
            "month": "2021-07",
            "price": "19.58",
            "revenue": 437288
        },
        "2021-08": {
            "month": "2021-08",
            "price": "18.44",
            "revenue": 393843
        },
        "2021-09": {
            "month": "2021-09",
            "price": "17.38",
            "revenue": 370723
        },
        "2021-10": {
            "month": "2021-10",
            "price": "16.31",
            "revenue": 377274
        },
        "2021-11": {
            "month": "2021-11",
            "price": "16.93",
            "revenue": 347554
        },
        "2021-12": {
            "month": "2021-12",
            "price": "17.94",
            "revenue": 363711
        },
        "2022-01": {
            "month": "2022-01",
            "price": "17.82",
            "revenue": 287453
        },
        "2022-02": {
            "month": "2022-02",
            "price": "18.28",
            "revenue": 253983
        },
        "2022-03": {
            "month": "2022-03",
            "price": "18.15",
            "revenue": 396087
        },
        "2022-04": {
            "month": "2022-04",
            "price": "18.00",
            "revenue": 359962
        },
        "2022-05": {
            "month": "2022-05",
            "price": "16.43",
            "revenue": 340936
        },
        "2022-06": {
            "month": "2022-06",
            "price": "15.92",
            "revenue": 302685
        },
        "2022-07": {
            "month": "2022-07",
            "price": "15.88",
            "revenue": 278889
        },
        "2022-08": {
            "month": "2022-08",
            "price": "15.23",
            "revenue": 248161
        },
        "2022-09": {
            "month": "2022-09",
            "price": "15.20",
            "revenue": 276154
        },
        "2022-10": {
            "month": "2022-10",
            "price": "14.85",
            "revenue": 278798
        },
        "2022-11": {
            "month": "2022-11",
            "price": "14.87",
            "revenue": 273624
        },
        "2022-12": {
            "month": "2022-12",
            "price": "15.00",
            "revenue": 283657
        },
        "2023-01": {
            "month": "2023-01",
            "price": "14.97",
            "revenue": 151760
        },
        "2023-02": {
            "month": "2023-02",
            "price": "14.90",
            "revenue": 261299
        },
        "2023-03": {
            "month": "2023-03",
            "price": "14.95",
            "revenue": 270908
        },
        "2023-04": {
            "month": "2023-04",
            "price": "15.19",
            "revenue": 213809
        },
        "2023-05": {
            "month": "2023-05",
            "price": "15.85",
            "revenue": 219569
        }
    }
}
