{
    "summary": {
        "stock_name": "合機",
        "stock_id": "1618",
        "category": "電器電纜",
        "main_business": "電線電纜、金屬之製造、加工、銷售<br>電機、電氣器材及絕緣體材料之製造、加工、銷售<br>前項各業務之進出口貿易、代理及經銷",
        "website_url": "http://www.hold-key.com.tw",
        "ceo": "李新政",
        "pe_ratio": 16,
        "report_year_from": 2001,
        "report_year_to": 2023,
        "age": 22,
        "eps_negative_percentage": 17,
        "eps_growth_avg": {
            "last_all": -11.26,
            "last_2y": 42.25,
            "last_4y": 6.69,
            "last_8y": 5.01,
            "last_12y": -3.63,
            "last_16y": -9.4,
            "last_20y": -11.26,
            "at_2006_last_3y": 25.77,
            "at_2007_last_3y": -20.72,
            "at_2008_last_3y": -42.09,
            "at_2009_last_3y": -28.65,
            "at_2010_last_3y": -47.32,
            "at_2011_last_3y": -41.41,
            "at_2012_last_3y": 11.22,
            "at_2013_last_3y": -16.58,
            "at_2014_last_3y": -36.77,
            "at_2015_last_3y": -21.05,
            "at_2016_last_3y": -74.44,
            "at_2017_last_3y": 1.64,
            "at_2018_last_3y": -32.24,
            "at_2019_last_3y": -32.24,
            "at_2020_last_3y": 17.39,
            "at_2021_last_3y": 2,
            "at_2022_last_3y": 42.25,
            "at_2023_last_3y": 42.25,
            "at_2006_last_all": 6.17,
            "at_2007_last_all": -9.18,
            "at_2008_last_all": -22.16,
            "at_2009_last_all": -22.16,
            "at_2010_last_all": -13.89,
            "at_2011_last_all": -19.92,
            "at_2012_last_all": -12.14,
            "at_2013_last_all": -20.13,
            "at_2014_last_all": -20.13,
            "at_2015_last_all": -20.13,
            "at_2016_last_all": -22.53,
            "at_2017_last_all": -16.78,
            "at_2018_last_all": -22.72,
            "at_2019_last_all": -22.72,
            "at_2020_last_all": -14.54,
            "at_2021_last_all": -13.26,
            "at_2022_last_all": -11.26,
            "at_2023_last_all": -11.26
        },
        "latest_eps": 1.23,
        "latest_price": 20.1,
        "latest_roe": 5.4,
        "latest_gross_margin": 14.03,
        "latest_equity": 4439060,
        "latest_revenue": 807325,
        "latest_gross_profit": 113243,
        "latest_net_income": 53849,
        "latest_debt_ratio": 15.04,
        "latest_current_ratio": 345.22,
        "latest_account_receivable_turnover_ratio": 1.51,
        "latest_inventory_turnover_ratio": 0.62,
        "latest_reinvestment_rate": 0.83,
        "latest_research_to_sale_ratio": 0.11
    },
    "eps_dividends": {
        "1997": {
            "cash": 0,
            "stock": 1,
            "eps": 0
        },
        "1998": {
            "cash": 0,
            "stock": 3,
            "eps": 0
        },
        "1999": {
            "cash": 0,
            "stock": 3.05,
            "eps": 0
        },
        "2000": {
            "cash": 2,
            "stock": 2,
            "eps": 0
        },
        "2001": {
            "cash": 0.5,
            "stock": 0.5,
            "eps": 0.36
        },
        "2002": {
            "cash": 0,
            "stock": 0.5,
            "eps": 0.1
        },
        "2003": {
            "cash": 0,
            "stock": 0.3,
            "eps": 1.93
        },
        "2004": {
            "cash": 0,
            "stock": 0.93,
            "eps": 1.65
        },
        "2005": {
            "cash": 0.3,
            "stock": 0.9,
            "eps": 0.29
        },
        "2006": {
            "cash": 0,
            "stock": 0.3,
            "eps": 0.64
        },
        "2007": {
            "cash": 0,
            "stock": 0,
            "eps": 0.09
        },
        "2008": {
            "cash": 0,
            "stock": 0,
            "eps": -0.51
        },
        "2009": {
            "cash": 0,
            "stock": 0.2,
            "eps": 1.66
        },
        "2010": {
            "cash": 0,
            "stock": 0,
            "eps": 2.39
        },
        "2011": {
            "cash": 0.8,
            "stock": 0.3,
            "eps": 0.76
        },
        "2012": {
            "cash": 0,
            "stock": 0,
            "eps": 1.2
        },
        "2013": {
            "cash": 0.5,
            "stock": 0,
            "eps": -0.26
        },
        "2014": {
            "cash": 0,
            "stock": 0,
            "eps": -0.06
        },
        "2015": {
            "cash": 0.2,
            "stock": 0,
            "eps": 0.45
        },
        "2016": {
            "cash": 0.35,
            "stock": 0,
            "eps": 0.23
        },
        "2017": {
            "cash": 0.3,
            "stock": 0,
            "eps": 0.35
        },
        "2018": {
            "cash": 0.3,
            "stock": 0,
            "eps": -0.04
        },
        "2019": {
            "cash": 0.3,
            "stock": 0,
            "eps": 0.27
        },
        "2020": {
            "cash": 0.3,
            "stock": 0,
            "eps": 1
        },
        "2021": {
            "cash": 0.3,
            "stock": 0,
            "eps": 1.06
        },
        "2022": {
            "cash": 0.5,
            "stock": 0,
            "eps": 1.28
        },
        "2023": {
            "cash": 0.6,
            "stock": 0,
            "eps": 0.28
        }
    },
    "dividends": {
        "1997-05-25": {
            "cash": 0,
            "stock": 1
        },
        "1998-03-24": {
            "cash": 0,
            "stock": 3
        },
        "1999-06-05": {
            "cash": 0,
            "stock": 3.05
        },
        "2000-06-12": {
            "cash": 2,
            "stock": 2
        },
        "2001-06-14": {
            "cash": 0.5,
            "stock": 0.5
        },
        "2002-06-20": {
            "cash": 0,
            "stock": 0.5
        },
        "2003-06-24": {
            "cash": 0,
            "stock": 0.3
        },
        "2004-03-11": {
            "cash": 0,
            "stock": 0.93
        },
        "2005-04-12": {
            "cash": 0.3,
            "stock": 0.9
        },
        "2006-05-10": {
            "cash": 0,
            "stock": 0.3
        },
        "2009-07-17": {
            "cash": 0,
            "stock": 0.2
        },
        "2011-01-01": {
            "cash": 0.5,
            "stock": 0
        },
        "2011-04-18": {
            "cash": 0.3,
            "stock": 0.3
        },
        "2013-05-03": {
            "cash": 0.5,
            "stock": 0
        },
        "2015-08-21": {
            "cash": 0.2,
            "stock": 0
        },
        "2016-09-02": {
            "cash": 0.35,
            "stock": 0
        },
        "2017-08-18": {
            "cash": 0.3,
            "stock": 0
        },
        "2018-08-17": {
            "cash": 0.3,
            "stock": 0
        },
        "2019-08-13": {
            "cash": 0.3,
            "stock": 0
        },
        "2020-08-18": {
            "cash": 0.3,
            "stock": 0
        },
        "2021-09-06": {
            "cash": 0.3,
            "stock": 0
        },
        "2022-08-05": {
            "cash": 0.5,
            "stock": 0
        },
        "2023-05-12": {
            "cash": 0.6,
            "stock": 0
        }
    },
    "prices": {
        "200101": "6.20",
        "200102": "6.88",
        "200103": "6.36",
        "200104": "6.07",
        "200105": "5.08",
        "200106": "4.99",
        "200107": "4.86",
        "200108": "4.79",
        "200109": "4.01",
        "200110": "3.54",
        "200111": "3.94",
        "200112": "4.50",
        "200201": "5.49",
        "200202": "6.20",
        "200203": "8.09",
        "200204": "9.98",
        "200205": "7.55",
        "200206": "7.94",
        "200207": "7.71",
        "200208": "8.29",
        "200209": "7.89",
        "200210": "8.25",
        "200211": "9.50",
        "200212": "9.48",
        "200301": "12.57",
        "200302": "13.35",
        "200303": "13.02",
        "200304": "12.52",
        "200305": "12.95",
        "200306": "14.25",
        "200307": "14.25",
        "200308": "13.88",
        "200309": "15.43",
        "200310": "15.60",
        "200311": "20.30",
        "200312": "28.81",
        "200401": "37.47",
        "200402": "29.10",
        "200403": "23.80",
        "200404": "25.03",
        "200405": "21.06",
        "200406": "22.20",
        "200407": "19.27",
        "200408": "17.86",
        "200409": "17.98",
        "200410": "20.52",
        "200411": "18.12",
        "200412": "12.31",
        "200501": "12.04",
        "200502": "11.94",
        "200503": "11.94",
        "200504": "10.17",
        "200505": "9.23",
        "200506": "10.35",
        "200507": "10.22",
        "200508": "9.34",
        "200509": "7.88",
        "200510": "7.00",
        "200511": "6.46",
        "200512": "6.97",
        "200601": "6.92",
        "200602": "6.54",
        "200603": "6.02",
        "200604": "6.54",
        "200605": "7.57",
        "200606": "6.61",
        "200607": "6.54",
        "200608": "6.38",
        "200609": "6.11",
        "200610": "6.84",
        "200611": "7.72",
        "200612": "8.87",
        "200701": "8.51",
        "200702": "8.30",
        "200703": "8.18",
        "200704": "9.43",
        "200705": "11.71",
        "200706": "11.62",
        "200707": "13.13",
        "200708": "11.15",
        "200709": "11.69",
        "200710": "10.80",
        "200711": "11.24",
        "200712": "11.15",
        "200801": "10.41",
        "200802": "10.01",
        "200803": "10.89",
        "200804": "12.23",
        "200805": "12.03",
        "200806": "10.93",
        "200807": "9.16",
        "200808": "9.00",
        "200809": "7.10",
        "200810": "6.22",
        "200811": "5.05",
        "200812": "4.87",
        "200901": "5.08",
        "200902": "7.01",
        "200903": "11.20",
        "200904": "11.89",
        "200905": "20.00",
        "200906": "21.18",
        "200907": "21.42",
        "200908": "19.71",
        "200909": "21.60",
        "200910": "22.67",
        "200911": "22.68",
        "200912": "22.09",
        "201001": "22.20",
        "201002": "19.18",
        "201003": "20.18",
        "201004": "20.46",
        "201005": "17.29",
        "201006": "17.08",
        "201007": "17.39",
        "201008": "19.29",
        "201009": "21.00",
        "201010": "21.14",
        "201011": "21.05",
        "201012": "21.92",
        "201101": "22.17",
        "201102": "20.12",
        "201103": "19.84",
        "201104": "20.14",
        "201105": "18.07",
        "201106": "17.19",
        "201107": "16.18",
        "201108": "13.01",
        "201109": "11.46",
        "201110": "11.03",
        "201111": "10.54",
        "201112": "8.77",
        "201201": "9.18",
        "201202": "11.40",
        "201203": "11.25",
        "201204": "10.44",
        "201205": "10.10",
        "201206": "9.90",
        "201207": "10.09",
        "201208": "10.52",
        "201209": "11.64",
        "201210": "10.74",
        "201211": "10.55",
        "201212": "11.27",
        "201301": "11.31",
        "201302": "11.19",
        "201303": "11.20",
        "201304": "11.52",
        "201305": "11.60",
        "201306": "11.02",
        "201307": "10.59",
        "201308": "10.03",
        "201309": "9.98",
        "201310": "10.10",
        "201311": "9.67",
        "201312": "9.70",
        "201401": "9.79",
        "201402": "9.83",
        "201403": "10.16",
        "201404": "9.91",
        "201405": "9.50",
        "201406": "9.43",
        "201407": "9.74",
        "201408": "9.47",
        "201409": "9.28",
        "201410": "8.38",
        "201411": "7.97",
        "201412": "8.13",
        "201501": "8.66",
        "201502": "9.05",
        "201503": "8.97",
        "201504": "8.79",
        "201505": "8.36",
        "201506": "7.33",
        "201507": "6.80",
        "201508": "6.45",
        "201509": "7.22",
        "201510": "7.06",
        "201511": "7.11",
        "201512": "7.06",
        "201601": "7.20",
        "201602": "7.42",
        "201603": "7.73",
        "201604": "8.28",
        "201605": "7.48",
        "201606": "7.54",
        "201607": "8.16",
        "201608": "8.10",
        "201609": "8.15",
        "201610": "7.86",
        "201611": "7.99",
        "201612": "8.39",
        "201701": "8.41",
        "201702": "8.97",
        "201703": "8.83",
        "201704": "8.47",
        "201705": "8.24",
        "201706": "8.35",
        "201707": "8.34",
        "201708": "8.72",
        "201709": "9.32",
        "201710": "9.11",
        "201711": "9.53",
        "201712": "9.31",
        "201801": "9.80",
        "201802": "9.31",
        "201803": "9.36",
        "201804": "9.85",
        "201805": "9.37",
        "201806": "9.71",
        "201807": "9.23",
        "201808": "8.99",
        "201809": "8.90",
        "201810": "8.27",
        "201811": "8.75",
        "201812": "8.69",
        "201901": "8.47",
        "201902": "8.62",
        "201903": "8.87",
        "201904": "8.64",
        "201905": "8.45",
        "201906": "8.49",
        "201907": "8.33",
        "201908": "8.17",
        "201909": "8.18",
        "201910": "8.55",
        "201911": "8.73",
        "201912": "9.25",
        "202001": "9.24",
        "202002": "8.68",
        "202003": "7.18",
        "202004": "7.37",
        "202005": "7.83",
        "202006": "8.35",
        "202007": "8.57",
        "202008": "8.82",
        "202009": "9.65",
        "202010": "10.90",
        "202011": "11.70",
        "202012": "12.98",
        "202101": "11.70",
        "202102": "12.39",
        "202103": "14.55",
        "202104": "18.78",
        "202105": "16.90",
        "202106": "16.87",
        "202107": "16.12",
        "202108": "13.81",
        "202109": "14.04",
        "202110": "14.11",
        "202111": "14.79",
        "202112": "14.43",
        "202201": "13.98",
        "202202": "13.69",
        "202203": "13.29",
        "202204": "13.77",
        "202205": "12.88",
        "202206": "13.23",
        "202207": "12.01",
        "202208": "12.60",
        "202209": "14.06",
        "202210": "13.85",
        "202211": "14.47",
        "202212": "14.30",
        "202301": "15.02",
        "202302": "14.95",
        "202303": "15.26",
        "202304": "18.28",
        "202305": "19.26",
        "202306": "20.32"
    },
    "quarters": {
        "20011": {
            "year_quarter": 20011,
            "year": 2001,
            "quarter": 1,
            "eps": -0.16,
            "eps_growth_year": -420,
            "eps_4q": 0.25,
            "eps_4q_growth_year": -83.89,
            "roe": -0.91,
            "roe_4q": -0.91,
            "gross_profit": -3098,
            "gross_margin": -0.99,
            "gross_margin_4q_avg": -0.99,
            "net_income": -18282,
            "revenue": 313298,
            "common_shares": 1137000,
            "book_valuer_per_share": 17.66,
            "book_valuer_per_share_4q_avg": 17.66,
            "equity": 2007924,
            "current_ratio": 78.85,
            "debt_ratio": 47.66,
            "inventory_turnover_ratio": 0.86,
            "account_receivable_turnover_ratio": null,
            "reinvestment_rate": null,
            "research_to_sale_ratio": null,
            "price_fair": 0,
            "eps_avg_yearly": 0,
            "eps_latest_yearly": 0,
            "eps_growth_yearly": 0
        },
        "20012": {
            "year_quarter": 20012,
            "year": 2001,
            "quarter": 2,
            "eps": 0.16,
            "eps_growth_year": 23.08,
            "eps_4q": 0.3,
            "eps_4q_growth_year": -72.73,
            "roe": 0.91,
            "roe_4q": 0,
            "gross_profit": 36854,
            "gross_margin": 9.07,
            "gross_margin_4q_avg": 4.04,
            "net_income": 18268,
            "revenue": 406205,
            "common_shares": 1137000,
            "book_valuer_per_share": 17.83,
            "book_valuer_per_share_4q_avg": 17.75,
            "equity": 2027575,
            "current_ratio": 81.84,
            "debt_ratio": 49.33,
            "inventory_turnover_ratio": 1.02,
            "account_receivable_turnover_ratio": null,
            "reinvestment_rate": null,
            "research_to_sale_ratio": null,
            "price_fair": 0,
            "eps_avg_yearly": 0,
            "eps_latest_yearly": 0,
            "eps_growth_yearly": 0
        },
        "20013": {
            "year_quarter": 20013,
            "year": 2001,
            "quarter": 3,
            "eps": 0.27,
            "eps_growth_year": null,
            "eps_4q": 0.62,
            "eps_4q_growth_year": 49.02,
            "roe": 1.6,
            "roe_4q": 1.6,
            "gross_profit": 73587,
            "gross_margin": 12.95,
            "gross_margin_4q_avg": 7.01,
            "net_income": 32627,
            "revenue": 568097,
            "common_shares": 1193850,
            "book_valuer_per_share": 17.26,
            "book_valuer_per_share_4q_avg": 17.58,
            "equity": 2060201,
            "current_ratio": 86.52,
            "debt_ratio": 52.63,
            "inventory_turnover_ratio": 1.09,
            "account_receivable_turnover_ratio": null,
            "reinvestment_rate": null,
            "research_to_sale_ratio": null,
            "price_fair": 0,
            "eps_avg_yearly": 0,
            "eps_latest_yearly": 0,
            "eps_growth_yearly": 0
        },
        "20014": {
            "year_quarter": 20014,
            "year": 2001,
            "quarter": 4,
            "eps": 0.09,
            "eps_growth_year": -75.68,
            "eps_4q": 0.37,
            "eps_4q_growth_year": -15.86,
            "roe": 0.5,
            "roe_4q": 2.1,
            "gross_profit": 46485,
            "gross_margin": 8.56,
            "gross_margin_4q_avg": 7.4,
            "net_income": 10344,
            "revenue": 543140,
            "common_shares": 1193850,
            "book_valuer_per_share": 17.36,
            "book_valuer_per_share_4q_avg": 17.53,
            "equity": 2072333,
            "current_ratio": 104.6,
            "debt_ratio": 50.72,
            "inventory_turnover_ratio": 1.1,
            "account_receivable_turnover_ratio": null,
            "reinvestment_rate": null,
            "research_to_sale_ratio": null,
            "price_fair": 0,
            "eps_avg_yearly": 0,
            "eps_latest_yearly": 0,
            "eps_growth_yearly": 0
        },
        "20021": {
            "year_quarter": 20021,
            "year": 2002,
            "quarter": 1,
            "eps": -0.14,
            "eps_growth_year": null,
            "eps_4q": 0.37,
            "eps_4q_growth_year": 50.57,
            "roe": -0.81,
            "roe_4q": 2.2,
            "gross_profit": 16869,
            "gross_margin": 4.02,
            "gross_margin_4q_avg": 8.65,
            "net_income": -16738,
            "revenue": 419357,
            "common_shares": 1193850,
            "book_valuer_per_share": 17.15,
            "book_valuer_per_share_4q_avg": 17.4,
            "equity": 2047604,
            "current_ratio": 84.04,
            "debt_ratio": 50.24,
            "inventory_turnover_ratio": 1.05,
            "account_receivable_turnover_ratio": null,
            "reinvestment_rate": null,
            "research_to_sale_ratio": null,
            "price_fair": 0,
            "eps_avg_yearly": 0,
            "eps_latest_yearly": 0,
            "eps_growth_yearly": 0
        },
        "20022": {
            "year_quarter": 20022,
            "year": 2002,
            "quarter": 2,
            "eps": 0.12,
            "eps_growth_year": -25,
            "eps_4q": 0.33,
            "eps_4q_growth_year": 12.27,
            "roe": 0.72,
            "roe_4q": 2.01,
            "gross_profit": 36832,
            "gross_margin": 7.9,
            "gross_margin_4q_avg": 8.36,
            "net_income": 14701,
            "revenue": 466072,
            "common_shares": 1193850,
            "book_valuer_per_share": 17.17,
            "book_valuer_per_share_4q_avg": 17.24,
            "equity": 2049658,
            "current_ratio": 101.49,
            "debt_ratio": 51.63,
            "inventory_turnover_ratio": 1.05,
            "account_receivable_turnover_ratio": null,
            "reinvestment_rate": null,
            "research_to_sale_ratio": null,
            "price_fair": 0,
            "eps_avg_yearly": 0,
            "eps_latest_yearly": 0,
            "eps_growth_yearly": 0
        },
        "20023": {
            "year_quarter": 20023,
            "year": 2002,
            "quarter": 3,
            "eps": 0.11,
            "eps_growth_year": -59.26,
            "eps_4q": 0.18,
            "eps_4q_growth_year": -71.33,
            "roe": 0.65,
            "roe_4q": 1.06,
            "gross_profit": 45221,
            "gross_margin": 9.24,
            "gross_margin_4q_avg": 7.43,
            "net_income": 13445,
            "revenue": 489332,
            "common_shares": 1253550,
            "book_valuer_per_share": 16.52,
            "book_valuer_per_share_4q_avg": 17.05,
            "equity": 2070907,
            "current_ratio": 85.3,
            "debt_ratio": 50.85,
            "inventory_turnover_ratio": 1.02,
            "account_receivable_turnover_ratio": null,
            "reinvestment_rate": null,
            "research_to_sale_ratio": null,
            "price_fair": 1.32,
            "eps_avg_yearly": 0.44,
            "eps_latest_yearly": 0.44,
            "eps_growth_yearly": -33.33
        },
        "20024": {
            "year_quarter": 20024,
            "year": 2002,
            "quarter": 4,
            "eps": 0.01,
            "eps_growth_year": -88.89,
            "eps_4q": 0.1,
            "eps_4q_growth_year": -73.24,
            "roe": 0.03,
            "roe_4q": 0.5899999999999999,
            "gross_profit": 31371,
            "gross_margin": 7.15,
            "gross_margin_4q_avg": 7.08,
            "net_income": 634,
            "revenue": 439009,
            "common_shares": 1306250,
            "book_valuer_per_share": 16.3,
            "book_valuer_per_share_4q_avg": 16.79,
            "equity": 2128948,
            "current_ratio": 120.91,
            "debt_ratio": 50.04,
            "inventory_turnover_ratio": 0.89,
            "account_receivable_turnover_ratio": null,
            "reinvestment_rate": 489.93,
            "research_to_sale_ratio": null,
            "price_fair": 0.72,
            "eps_avg_yearly": 0.24,
            "eps_latest_yearly": 0.04,
            "eps_growth_yearly": -198.48
        },
        "20031": {
            "year_quarter": 20031,
            "year": 2003,
            "quarter": 1,
            "eps": -0.08,
            "eps_growth_year": null,
            "eps_4q": 0.14,
            "eps_4q_growth_year": -63.31,
            "roe": -0.49,
            "roe_4q": 0.91,
            "gross_profit": 24610,
            "gross_margin": 4.91,
            "gross_margin_4q_avg": 7.3,
            "net_income": -10631,
            "revenue": 500723,
            "common_shares": 1369650,
            "book_valuer_per_share": 15.98,
            "book_valuer_per_share_4q_avg": 16.49,
            "equity": 2188796,
            "current_ratio": 96.47,
            "debt_ratio": 49.9,
            "inventory_turnover_ratio": 0.93,
            "account_receivable_turnover_ratio": null,
            "reinvestment_rate": 527.06,
            "research_to_sale_ratio": null,
            "price_fair": 0.72,
            "eps_avg_yearly": 0.24,
            "eps_latest_yearly": 0.04,
            "eps_growth_yearly": -198.48
        },
        "20032": {
            "year_quarter": 20032,
            "year": 2003,
            "quarter": 2,
            "eps": 0.28,
            "eps_growth_year": 133.33,
            "eps_4q": 0.31,
            "eps_4q_growth_year": -8.51,
            "roe": 1.7,
            "roe_4q": 1.8900000000000001,
            "gross_profit": 79400,
            "gross_margin": 14.2,
            "gross_margin_4q_avg": 8.88,
            "net_income": 37574,
            "revenue": 559213,
            "common_shares": 1369650,
            "book_valuer_per_share": 16.22,
            "book_valuer_per_share_4q_avg": 16.26,
            "equity": 2221366,
            "current_ratio": 107.97,
            "debt_ratio": 51.42,
            "inventory_turnover_ratio": 0.8,
            "account_receivable_turnover_ratio": null,
            "reinvestment_rate": 502.68,
            "research_to_sale_ratio": null,
            "price_fair": 0.72,
            "eps_avg_yearly": 0.24,
            "eps_latest_yearly": 0.04,
            "eps_growth_yearly": -198.48
        },
        "20033": {
            "year_quarter": 20033,
            "year": 2003,
            "quarter": 3,
            "eps": 0.58,
            "eps_growth_year": 427.27,
            "eps_4q": 0.78,
            "eps_4q_growth_year": 337.23,
            "roe": 3.53,
            "roe_4q": 4.77,
            "gross_profit": 137151,
            "gross_margin": 19.78,
            "gross_margin_4q_avg": 11.51,
            "net_income": 80737,
            "revenue": 693383,
            "common_shares": 1450540,
            "book_valuer_per_share": 16.18,
            "book_valuer_per_share_4q_avg": 16.17,
            "equity": 2347545,
            "current_ratio": 109.57,
            "debt_ratio": 51.25,
            "inventory_turnover_ratio": 0.8,
            "account_receivable_turnover_ratio": null,
            "reinvestment_rate": 409.56,
            "research_to_sale_ratio": null,
            "price_fair": 19.16,
            "eps_avg_yearly": 0.93,
            "eps_latest_yearly": 2.32,
            "eps_growth_yearly": 10.53
        },
        "20034": {
            "year_quarter": 20034,
            "year": 2003,
            "quarter": 4,
            "eps": 1.15,
            "eps_growth_year": 11400,
            "eps_4q": 1.91,
            "eps_4q_growth_year": 1806.47,
            "roe": 6.64,
            "roe_4q": 11.379999999999999,
            "gross_profit": 76786,
            "gross_margin": 12.01,
            "gross_margin_4q_avg": 12.73,
            "net_income": 163697,
            "revenue": 639292,
            "common_shares": 1450539,
            "book_valuer_per_share": 17.82,
            "book_valuer_per_share_4q_avg": 16.55,
            "equity": 2585429,
            "current_ratio": 113.45,
            "debt_ratio": 46.93,
            "inventory_turnover_ratio": 0.73,
            "account_receivable_turnover_ratio": null,
            "reinvestment_rate": 194.57,
            "research_to_sale_ratio": null,
            "price_fair": 64.75,
            "eps_avg_yearly": 1.85,
            "eps_latest_yearly": 4.6,
            "eps_growth_yearly": 106.18
        },
        "20041": {
            "year_quarter": 20041,
            "year": 2004,
            "quarter": 1,
            "eps": 0.36,
            "eps_growth_year": null,
            "eps_4q": 2.19,
            "eps_4q_growth_year": 1501.52,
            "roe": 2.09,
            "roe_4q": 13.959999999999999,
            "gross_profit": 77590,
            "gross_margin": 10.45,
            "gross_margin_4q_avg": 14.11,
            "net_income": 55560,
            "revenue": 742838,
            "common_shares": 1589139,
            "book_valuer_per_share": 17.15,
            "book_valuer_per_share_4q_avg": 16.84,
            "equity": 2725995,
            "current_ratio": 129.86,
            "debt_ratio": 43.36,
            "inventory_turnover_ratio": 0.82,
            "account_receivable_turnover_ratio": null,
            "reinvestment_rate": 132.11,
            "research_to_sale_ratio": null,
            "price_fair": 61.88,
            "eps_avg_yearly": 1.77,
            "eps_latest_yearly": 1.44,
            "eps_growth_yearly": 29.98
        },
        "20042": {
            "year_quarter": 20042,
            "year": 2004,
            "quarter": 2,
            "eps": 0.5,
            "eps_growth_year": 78.57,
            "eps_4q": 2.41,
            "eps_4q_growth_year": 688.11,
            "roe": 2.78,
            "roe_4q": 15.039999999999997,
            "gross_profit": 176490,
            "gross_margin": 16.03,
            "gross_margin_4q_avg": 14.57,
            "net_income": 78565,
            "revenue": 1100922,
            "common_shares": 1703270,
            "book_valuer_per_share": 17.15,
            "book_valuer_per_share_4q_avg": 17.08,
            "equity": 2920896,
            "current_ratio": 118.7,
            "debt_ratio": 44.78,
            "inventory_turnover_ratio": 1.09,
            "account_receivable_turnover_ratio": null,
            "reinvestment_rate": 95.9,
            "research_to_sale_ratio": null,
            "price_fair": 63.23,
            "eps_avg_yearly": 1.81,
            "eps_latest_yearly": 2,
            "eps_growth_yearly": 50.91
        },
        "20043": {
            "year_quarter": 20043,
            "year": 2004,
            "quarter": 3,
            "eps": 0.47,
            "eps_growth_year": -18.97,
            "eps_4q": 2.16,
            "eps_4q_growth_year": 178.22,
            "roe": 2.78,
            "roe_4q": 14.29,
            "gross_profit": 144228,
            "gross_margin": 17.32,
            "gross_margin_4q_avg": 13.95,
            "net_income": 82588,
            "revenue": 832774,
            "common_shares": 1862185,
            "book_valuer_per_share": 16.19,
            "book_valuer_per_share_4q_avg": 17.08,
            "equity": 3015005,
            "current_ratio": 115.62,
            "debt_ratio": 43.29,
            "inventory_turnover_ratio": 0.69,
            "account_receivable_turnover_ratio": null,
            "reinvestment_rate": 56.91,
            "research_to_sale_ratio": null,
            "price_fair": 63.6,
            "eps_avg_yearly": 1.82,
            "eps_latest_yearly": 1.88,
            "eps_growth_yearly": 40.21
        },
        "20044": {
            "year_quarter": 20044,
            "year": 2004,
            "quarter": 4,
            "eps": 0.32,
            "eps_growth_year": -72.17,
            "eps_4q": 1.54,
            "eps_4q_growth_year": -19.2,
            "roe": 1.86,
            "roe_4q": 9.51,
            "gross_profit": 100552,
            "gross_margin": 13.04,
            "gross_margin_4q_avg": 14.21,
            "net_income": 56824,
            "revenue": 771312,
            "common_shares": 1910383,
            "book_valuer_per_share": 16.23,
            "book_valuer_per_share_4q_avg": 16.68,
            "equity": 3100701,
            "current_ratio": 113.64,
            "debt_ratio": 42.77,
            "inventory_turnover_ratio": 0.59,
            "account_receivable_turnover_ratio": null,
            "reinvestment_rate": 38.94,
            "research_to_sale_ratio": null,
            "price_fair": 51.15,
            "eps_avg_yearly": 1.75,
            "eps_latest_yearly": 1.28,
            "eps_growth_yearly": 19.23
        },
        "20051": {
            "year_quarter": 20051,
            "year": 2005,
            "quarter": 1,
            "eps": -0.01,
            "eps_growth_year": -102.78,
            "eps_4q": 0.76,
            "eps_4q_growth_year": -65.29,
            "roe": -0.09,
            "roe_4q": 7.33,
            "gross_profit": 23590,
            "gross_margin": 3.14,
            "gross_margin_4q_avg": 12.38,
            "net_income": -2834,
            "revenue": 751328,
            "common_shares": 1910383,
            "book_valuer_per_share": 16.22,
            "book_valuer_per_share_4q_avg": 16.45,
            "equity": 3097867,
            "current_ratio": 111.3,
            "debt_ratio": 40.62,
            "inventory_turnover_ratio": 0.7,
            "account_receivable_turnover_ratio": null,
            "reinvestment_rate": 28.31,
            "research_to_sale_ratio": null,
            "price_fair": 51.15,
            "eps_avg_yearly": 1.75,
            "eps_latest_yearly": 1.28,
            "eps_growth_yearly": 19.23
        },
        "20052": {
            "year_quarter": 20052,
            "year": 2005,
            "quarter": 2,
            "eps": 0.07,
            "eps_growth_year": -86,
            "eps_4q": 0.84,
            "eps_4q_growth_year": -65.2,
            "roe": 0.41,
            "roe_4q": 4.96,
            "gross_profit": 65566,
            "gross_margin": 8.43,
            "gross_margin_4q_avg": 10.48,
            "net_income": 12441,
            "revenue": 777880,
            "common_shares": 1910383,
            "book_valuer_per_share": 15.9,
            "book_valuer_per_share_4q_avg": 16.14,
            "equity": 3037970,
            "current_ratio": 113.39,
            "debt_ratio": 40.4,
            "inventory_turnover_ratio": 0.76,
            "account_receivable_turnover_ratio": null,
            "reinvestment_rate": 10.97,
            "research_to_sale_ratio": null,
            "price_fair": 51.15,
            "eps_avg_yearly": 1.75,
            "eps_latest_yearly": 1.28,
            "eps_growth_yearly": 19.23
        },
        "20053": {
            "year_quarter": 20053,
            "year": 2005,
            "quarter": 3,
            "eps": 0.16,
            "eps_growth_year": -65.96,
            "eps_4q": 0.51,
            "eps_4q_growth_year": -76.39,
            "roe": 0.99,
            "roe_4q": 3.17,
            "gross_profit": 76240,
            "gross_margin": 7.79,
            "gross_margin_4q_avg": 8.1,
            "net_income": 30275,
            "revenue": 978886,
            "common_shares": 1910383,
            "book_valuer_per_share": 16.14,
            "book_valuer_per_share_4q_avg": 16.12,
            "equity": 3083463,
            "current_ratio": 111.76,
            "debt_ratio": 42.45,
            "inventory_turnover_ratio": 0.85,
            "account_receivable_turnover_ratio": null,
            "reinvestment_rate": 10.44,
            "research_to_sale_ratio": null,
            "price_fair": 56.93,
            "eps_avg_yearly": 1.63,
            "eps_latest_yearly": 0.64,
            "eps_growth_yearly": 74.23
        },
        "20054": {
            "year_quarter": 20054,
            "year": 2005,
            "quarter": 4,
            "eps": 0.07,
            "eps_growth_year": -78.12,
            "eps_4q": 0.26,
            "eps_4q_growth_year": -83.24,
            "roe": 0.48,
            "roe_4q": 1.7899999999999998,
            "gross_profit": 46002,
            "gross_margin": 3.9,
            "gross_margin_4q_avg": 5.82,
            "net_income": 14838,
            "revenue": 1178678,
            "common_shares": 2082318,
            "book_valuer_per_share": 14.8,
            "book_valuer_per_share_4q_avg": 15.77,
            "equity": 3094011,
            "current_ratio": 109.43,
            "debt_ratio": 42.22,
            "inventory_turnover_ratio": 0.98,
            "account_receivable_turnover_ratio": null,
            "reinvestment_rate": 76.23,
            "research_to_sale_ratio": null,
            "price_fair": 52.22,
            "eps_avg_yearly": 1.49,
            "eps_latest_yearly": 0.28,
            "eps_growth_yearly": 44.31
        },
        "20061": {
            "year_quarter": 20061,
            "year": 2006,
            "quarter": 1,
            "eps": 0.12,
            "eps_growth_year": null,
            "eps_4q": 0.4,
            "eps_4q_growth_year": -47.21,
            "roe": 0.78,
            "roe_4q": 2.66,
            "gross_profit": 53643,
            "gross_margin": 6.06,
            "gross_margin_4q_avg": 6.55,
            "net_income": 24600,
            "revenue": 885692,
            "common_shares": 2225863,
            "book_valuer_per_share": 14.36,
            "book_valuer_per_share_4q_avg": 15.3,
            "equity": 3196643,
            "current_ratio": 106.69,
            "debt_ratio": 34.89,
            "inventory_turnover_ratio": 0.82,
            "account_receivable_turnover_ratio": null,
            "reinvestment_rate": 1.09,
            "research_to_sale_ratio": null,
            "price_fair": 49,
            "eps_avg_yearly": 1.4,
            "eps_latest_yearly": 0.48,
            "eps_growth_yearly": 66.26
        },
        "20062": {
            "year_quarter": 20062,
            "year": 2006,
            "quarter": 2,
            "eps": 0.09,
            "eps_growth_year": 28.57,
            "eps_4q": 0.43,
            "eps_4q_growth_year": -48.98,
            "roe": 0.58,
            "roe_4q": 2.83,
            "gross_profit": 77130,
            "gross_margin": 7.48,
            "gross_margin_4q_avg": 6.31,
            "net_income": 18573,
            "revenue": 1031205,
            "common_shares": 2225863,
            "book_valuer_per_share": 14.4,
            "book_valuer_per_share_4q_avg": 14.93,
            "equity": 3204851,
            "current_ratio": 107.76,
            "debt_ratio": 38.41,
            "inventory_turnover_ratio": 1.04,
            "account_receivable_turnover_ratio": null,
            "reinvestment_rate": -5.12,
            "research_to_sale_ratio": null,
            "price_fair": 45.97,
            "eps_avg_yearly": 1.31,
            "eps_latest_yearly": 0.36,
            "eps_growth_yearly": 52.4
        },
        "20063": {
            "year_quarter": 20063,
            "year": 2006,
            "quarter": 3,
            "eps": 0.14,
            "eps_growth_year": -12.5,
            "eps_4q": 0.4,
            "eps_4q_growth_year": -22.32,
            "roe": 0.98,
            "roe_4q": 2.82,
            "gross_profit": 75983,
            "gross_margin": 7.41,
            "gross_margin_4q_avg": 6.21,
            "net_income": 31601,
            "revenue": 1025410,
            "common_shares": 2292639,
            "book_valuer_per_share": 14.16,
            "book_valuer_per_share_4q_avg": 14.43,
            "equity": 3246187,
            "current_ratio": 106.55,
            "debt_ratio": 39.36,
            "inventory_turnover_ratio": 0.85,
            "account_receivable_turnover_ratio": null,
            "reinvestment_rate": -2.63,
            "research_to_sale_ratio": null,
            "price_fair": 46.32,
            "eps_avg_yearly": 1.32,
            "eps_latest_yearly": 0.56,
            "eps_growth_yearly": 73.7
        },
        "20064": {
            "year_quarter": 20064,
            "year": 2006,
            "quarter": 4,
            "eps": 0.29,
            "eps_growth_year": 314.29,
            "eps_4q": 0.63,
            "eps_4q_growth_year": 142.15,
            "roe": 1.97,
            "roe_4q": 4.3100000000000005,
            "gross_profit": 56791,
            "gross_margin": 4.54,
            "gross_margin_4q_avg": 6.37,
            "net_income": 64711,
            "revenue": 1250028,
            "common_shares": 2292639,
            "book_valuer_per_share": 14.41,
            "book_valuer_per_share_4q_avg": 14.33,
            "equity": 3333845,
            "current_ratio": 117.28,
            "debt_ratio": 37.02,
            "inventory_turnover_ratio": 0.97,
            "account_receivable_turnover_ratio": null,
            "reinvestment_rate": 52.8,
            "research_to_sale_ratio": null,
            "price_fair": 49.58,
            "eps_avg_yearly": 1.42,
            "eps_latest_yearly": 1.16,
            "eps_growth_yearly": 139.72
        },
        "20071": {
            "year_quarter": 20071,
            "year": 2007,
            "quarter": 1,
            "eps": -0.07,
            "eps_growth_year": -158.33,
            "eps_4q": 0.41,
            "eps_4q_growth_year": 1.13,
            "roe": -0.51,
            "roe_4q": 3.02,
            "gross_profit": 7311,
            "gross_margin": 0.88,
            "gross_margin_4q_avg": 5.08,
            "net_income": -16920,
            "revenue": 830021,
            "common_shares": 2292639,
            "book_valuer_per_share": 14.37,
            "book_valuer_per_share_4q_avg": 14.34,
            "equity": 3295097,
            "current_ratio": 104.84,
            "debt_ratio": 36.66,
            "inventory_turnover_ratio": 0.73,
            "account_receivable_turnover_ratio": null,
            "reinvestment_rate": -3.65,
            "research_to_sale_ratio": null,
            "price_fair": 49.58,
            "eps_avg_yearly": 1.42,
            "eps_latest_yearly": 1.16,
            "eps_growth_yearly": 139.72
        },
        "20072": {
            "year_quarter": 20072,
            "year": 2007,
            "quarter": 2,
            "eps": -0.05,
            "eps_growth_year": -155.56,
            "eps_4q": 0.29,
            "eps_4q_growth_year": -31.66,
            "roe": -0.38,
            "roe_4q": 2.06,
            "gross_profit": 21725,
            "gross_margin": 2.21,
            "gross_margin_4q_avg": 3.76,
            "net_income": -12359,
            "revenue": 984870,
            "common_shares": 2292639,
            "book_valuer_per_share": 14.31,
            "book_valuer_per_share_4q_avg": 14.31,
            "equity": 3280795,
            "current_ratio": 104.38,
            "debt_ratio": 35.15,
            "inventory_turnover_ratio": 1,
            "account_receivable_turnover_ratio": null,
            "reinvestment_rate": -7.16,
            "research_to_sale_ratio": null,
            "price_fair": 49.58,
            "eps_avg_yearly": 1.42,
            "eps_latest_yearly": 1.16,
            "eps_growth_yearly": 139.72
        },
        "20073": {
            "year_quarter": 20073,
            "year": 2007,
            "quarter": 3,
            "eps": 0.07,
            "eps_growth_year": -50,
            "eps_4q": 0.24,
            "eps_4q_growth_year": -40.64,
            "roe": 0.46,
            "roe_4q": 1.54,
            "gross_profit": 47025,
            "gross_margin": 4.8,
            "gross_margin_4q_avg": 3.11,
            "net_income": 14973,
            "revenue": 980532,
            "common_shares": 2292639,
            "book_valuer_per_share": 14.4,
            "book_valuer_per_share_4q_avg": 14.37,
            "equity": 3300550,
            "current_ratio": 99.5,
            "debt_ratio": 36.71,
            "inventory_turnover_ratio": 0.98,
            "account_receivable_turnover_ratio": null,
            "reinvestment_rate": -15.59,
            "research_to_sale_ratio": null,
            "price_fair": 46.71,
            "eps_avg_yearly": 1.33,
            "eps_latest_yearly": 1.16,
            "eps_growth_yearly": 113.46
        },
        "20074": {
            "year_quarter": 20074,
            "year": 2007,
            "quarter": 4,
            "eps": 0.14,
            "eps_growth_year": -51.72,
            "eps_4q": 0.08,
            "eps_4q_growth_year": -87.72,
            "roe": 0.96,
            "roe_4q": 0.53,
            "gross_profit": 68045,
            "gross_margin": 6.22,
            "gross_margin_4q_avg": 3.53,
            "net_income": 31660,
            "revenue": 1093199,
            "common_shares": 2292639,
            "book_valuer_per_share": 14.51,
            "book_valuer_per_share_4q_avg": 14.4,
            "equity": 3326388,
            "current_ratio": 123.83,
            "debt_ratio": 39.66,
            "inventory_turnover_ratio": 1.03,
            "account_receivable_turnover_ratio": null,
            "reinvestment_rate": 41.16,
            "research_to_sale_ratio": null,
            "price_fair": 33.85,
            "eps_avg_yearly": 0.97,
            "eps_latest_yearly": 0.56,
            "eps_growth_yearly": 114.08
        },
        "20081": {
            "year_quarter": 20081,
            "year": 2008,
            "quarter": 1,
            "eps": 0.01,
            "eps_growth_year": null,
            "eps_4q": 0.16,
            "eps_4q_growth_year": -61.25,
            "roe": 0.07,
            "roe_4q": 1.1099999999999999,
            "gross_profit": 26754,
            "gross_margin": 3.59,
            "gross_margin_4q_avg": 4.21,
            "net_income": 2331,
            "revenue": 745277,
            "common_shares": 2292639,
            "book_valuer_per_share": 14.41,
            "book_valuer_per_share_4q_avg": 14.41,
            "equity": 3303928,
            "current_ratio": 129.11,
            "debt_ratio": 36.66,
            "inventory_turnover_ratio": 0.69,
            "account_receivable_turnover_ratio": null,
            "reinvestment_rate": 12.6,
            "research_to_sale_ratio": null,
            "price_fair": 29.4,
            "eps_avg_yearly": 0.84,
            "eps_latest_yearly": 0.04,
            "eps_growth_yearly": 105.3
        },
        "20082": {
            "year_quarter": 20082,
            "year": 2008,
            "quarter": 2,
            "eps": 0.01,
            "eps_growth_year": null,
            "eps_4q": 0.22,
            "eps_4q_growth_year": -24.41,
            "roe": 0.05,
            "roe_4q": 1.54,
            "gross_profit": 51747,
            "gross_margin": 6.23,
            "gross_margin_4q_avg": 5.21,
            "net_income": 1703,
            "revenue": 830287,
            "common_shares": 2292639,
            "book_valuer_per_share": 14.38,
            "book_valuer_per_share_4q_avg": 14.43,
            "equity": 3297365,
            "current_ratio": 127.5,
            "debt_ratio": 36.82,
            "inventory_turnover_ratio": 0.74,
            "account_receivable_turnover_ratio": null,
            "reinvestment_rate": -28.67,
            "research_to_sale_ratio": null,
            "price_fair": 23.16,
            "eps_avg_yearly": 0.66,
            "eps_latest_yearly": 0.04,
            "eps_growth_yearly": 91.16
        },
        "20083": {
            "year_quarter": 20083,
            "year": 2008,
            "quarter": 3,
            "eps": 0.39,
            "eps_growth_year": 457.14,
            "eps_4q": 0.55,
            "eps_4q_growth_year": 131.65,
            "roe": 2.66,
            "roe_4q": 3.7399999999999998,
            "gross_profit": 51533,
            "gross_margin": 5.5,
            "gross_margin_4q_avg": 5.39,
            "net_income": 89300,
            "revenue": 937172,
            "common_shares": 2292639,
            "book_valuer_per_share": 14.9,
            "book_valuer_per_share_4q_avg": 14.55,
            "equity": 3415009,
            "current_ratio": 138.68,
            "debt_ratio": 34.14,
            "inventory_turnover_ratio": 0.85,
            "account_receivable_turnover_ratio": null,
            "reinvestment_rate": -34.15,
            "research_to_sale_ratio": null,
            "price_fair": 22.15,
            "eps_avg_yearly": 0.63,
            "eps_latest_yearly": 1.56,
            "eps_growth_yearly": 1475.16
        },
        "20084": {
            "year_quarter": 20084,
            "year": 2008,
            "quarter": 4,
            "eps": -0.92,
            "eps_growth_year": -757.14,
            "eps_4q": -0.51,
            "eps_4q_growth_year": -764.59,
            "roe": -6.39,
            "roe_4q": -3.61,
            "gross_profit": -190644,
            "gross_margin": -25.75,
            "gross_margin_4q_avg": -2.61,
            "net_income": -211371,
            "revenue": 740294,
            "common_shares": 2292639,
            "book_valuer_per_share": 13.98,
            "book_valuer_per_share_4q_avg": 14.42,
            "equity": 3205147,
            "current_ratio": 134.91,
            "debt_ratio": 29.22,
            "inventory_turnover_ratio": 1.09,
            "account_receivable_turnover_ratio": 4.78,
            "reinvestment_rate": -158.79,
            "research_to_sale_ratio": null,
            "price_fair": 19.88,
            "eps_avg_yearly": 0.57,
            "eps_latest_yearly": 1.56,
            "eps_growth_yearly": 1635.44
        },
        "20091": {
            "year_quarter": 20091,
            "year": 2009,
            "quarter": 1,
            "eps": -0.04,
            "eps_growth_year": -500,
            "eps_4q": -0.56,
            "eps_4q_growth_year": -458.58,
            "roe": -0.2,
            "roe_4q": -3.88,
            "gross_profit": 4584,
            "gross_margin": 0.81,
            "gross_margin_4q_avg": -3.3,
            "net_income": -8729,
            "revenue": 568708,
            "common_shares": 2292639,
            "book_valuer_per_share": 24.79,
            "book_valuer_per_share_4q_avg": 17.01,
            "equity": 5684504,
            "current_ratio": 139.21,
            "debt_ratio": 18.12,
            "inventory_turnover_ratio": 0.92,
            "account_receivable_turnover_ratio": 1.59,
            "reinvestment_rate": -179.4,
            "research_to_sale_ratio": null,
            "price_fair": 19.88,
            "eps_avg_yearly": 0.57,
            "eps_latest_yearly": 1.56,
            "eps_growth_yearly": 1635.44
        },
        "20092": {
            "year_quarter": 20092,
            "year": 2009,
            "quarter": 2,
            "eps": 0.29,
            "eps_growth_year": 2800,
            "eps_4q": -0.28,
            "eps_4q_growth_year": -227.81,
            "roe": 1.01,
            "roe_4q": -2.92,
            "gross_profit": 50608,
            "gross_margin": 6.98,
            "gross_margin_4q_avg": -3.12,
            "net_income": 66262,
            "revenue": 724891,
            "common_shares": 2292639,
            "book_valuer_per_share": 32.38,
            "book_valuer_per_share_4q_avg": 21.51,
            "equity": 7424607,
            "current_ratio": 161.81,
            "debt_ratio": 12.42,
            "inventory_turnover_ratio": 1.14,
            "account_receivable_turnover_ratio": 2.2,
            "reinvestment_rate": -87.28,
            "research_to_sale_ratio": null,
            "price_fair": 19.88,
            "eps_avg_yearly": 0.57,
            "eps_latest_yearly": 1.56,
            "eps_growth_yearly": 1635.44
        },
        "20093": {
            "year_quarter": 20093,
            "year": 2009,
            "quarter": 3,
            "eps": 0.45,
            "eps_growth_year": 15.38,
            "eps_4q": -0.2,
            "eps_4q_growth_year": -136.92,
            "roe": 1.26,
            "roe_4q": -4.32,
            "gross_profit": 81910,
            "gross_margin": 9.59,
            "gross_margin_4q_avg": -2.09,
            "net_income": 106252,
            "revenue": 854083,
            "common_shares": 2292639,
            "book_valuer_per_share": 41.28,
            "book_valuer_per_share_4q_avg": 28.11,
            "equity": 9464319,
            "current_ratio": 163.58,
            "debt_ratio": 11.27,
            "inventory_turnover_ratio": 1.21,
            "account_receivable_turnover_ratio": 2.09,
            "reinvestment_rate": -36.81,
            "research_to_sale_ratio": null,
            "price_fair": 23.94,
            "eps_avg_yearly": 0.68,
            "eps_latest_yearly": 1.8,
            "eps_growth_yearly": 1606.08
        },
        "20094": {
            "year_quarter": 20094,
            "year": 2009,
            "quarter": 4,
            "eps": 0.96,
            "eps_growth_year": null,
            "eps_4q": 1.66,
            "eps_4q_growth_year": null,
            "roe": 2.54,
            "roe_4q": 4.609999999999999,
            "gross_profit": 69373,
            "gross_margin": 8.97,
            "gross_margin_4q_avg": 6.59,
            "net_income": 223915,
            "revenue": 773004,
            "common_shares": 2338492,
            "book_valuer_per_share": 34.97,
            "book_valuer_per_share_4q_avg": 33.36,
            "equity": 8176816,
            "current_ratio": 241.39,
            "debt_ratio": 9.77,
            "inventory_turnover_ratio": 0.96,
            "account_receivable_turnover_ratio": 5.56,
            "reinvestment_rate": 1097.5,
            "research_to_sale_ratio": null,
            "price_fair": 36.4,
            "eps_avg_yearly": 1.04,
            "eps_latest_yearly": 3.84,
            "eps_growth_yearly": 1673.91
        },
        "20101": {
            "year_quarter": 20101,
            "year": 2010,
            "quarter": 1,
            "eps": 0.22,
            "eps_growth_year": null,
            "eps_4q": 1.91,
            "eps_4q_growth_year": null,
            "roe": 0.63,
            "roe_4q": 5.4399999999999995,
            "gross_profit": 54823,
            "gross_margin": 7.86,
            "gross_margin_4q_avg": 8.35,
            "net_income": 51016,
            "revenue": 697836,
            "common_shares": 2338492,
            "book_valuer_per_share": 33.95,
            "book_valuer_per_share_4q_avg": 35.65,
            "equity": 7938565,
            "current_ratio": 192.63,
            "debt_ratio": 12.27,
            "inventory_turnover_ratio": 0.74,
            "account_receivable_turnover_ratio": 1.92,
            "reinvestment_rate": 1084.24,
            "research_to_sale_ratio": 0.49,
            "price_fair": 37.8,
            "eps_avg_yearly": 1.08,
            "eps_latest_yearly": 0.88,
            "eps_growth_yearly": 1614.51
        },
        "20102": {
            "year_quarter": 20102,
            "year": 2010,
            "quarter": 2,
            "eps": 1.12,
            "eps_growth_year": 287.22,
            "eps_4q": 2.75,
            "eps_4q_growth_year": null,
            "roe": 3.54,
            "roe_4q": 7.97,
            "gross_profit": 37799,
            "gross_margin": 4.14,
            "gross_margin_4q_avg": 7.64,
            "net_income": 262600,
            "revenue": 913034,
            "common_shares": 2338492,
            "book_valuer_per_share": 29.49,
            "book_valuer_per_share_4q_avg": 34.92,
            "equity": 6896217,
            "current_ratio": 244,
            "debt_ratio": 10.51,
            "inventory_turnover_ratio": 0.94,
            "account_receivable_turnover_ratio": 2.09,
            "reinvestment_rate": 515.38,
            "research_to_sale_ratio": 0.15,
            "price_fair": 52.22,
            "eps_avg_yearly": 1.49,
            "eps_latest_yearly": 4.48,
            "eps_growth_yearly": 1788.14
        },
        "20103": {
            "year_quarter": 20103,
            "year": 2010,
            "quarter": 3,
            "eps": 0.86,
            "eps_growth_year": 92.07,
            "eps_4q": 3.16,
            "eps_4q_growth_year": null,
            "roe": 2.65,
            "roe_4q": 9.36,
            "gross_profit": 79878,
            "gross_margin": 6.86,
            "gross_margin_4q_avg": 6.96,
            "net_income": 202122,
            "revenue": 1164906,
            "common_shares": 2338492,
            "book_valuer_per_share": 35.79,
            "book_valuer_per_share_4q_avg": 33.55,
            "equity": 8370071,
            "current_ratio": 248.62,
            "debt_ratio": 8.66,
            "inventory_turnover_ratio": 1.19,
            "account_receivable_turnover_ratio": 2.3,
            "reinvestment_rate": 556.04,
            "research_to_sale_ratio": 0.12,
            "price_fair": 62.3,
            "eps_avg_yearly": 1.78,
            "eps_latest_yearly": 3.44,
            "eps_growth_yearly": 1756.63
        },
        "20104": {
            "year_quarter": 20104,
            "year": 2010,
            "quarter": 4,
            "eps": 0.19,
            "eps_growth_year": -80.57,
            "eps_4q": 2.39,
            "eps_4q_growth_year": 44.27,
            "roe": 0.56,
            "roe_4q": 7.38,
            "gross_profit": 24218,
            "gross_margin": 2.52,
            "gross_margin_4q_avg": 5.35,
            "net_income": 43609,
            "revenue": 962792,
            "common_shares": 2338492,
            "book_valuer_per_share": 31.26,
            "book_valuer_per_share_4q_avg": 32.62,
            "equity": 7310994,
            "current_ratio": 235.59,
            "debt_ratio": 8.73,
            "inventory_turnover_ratio": 1.07,
            "account_receivable_turnover_ratio": 1.76,
            "reinvestment_rate": 404.53,
            "research_to_sale_ratio": 0.34,
            "price_fair": 60.9,
            "eps_avg_yearly": 1.74,
            "eps_latest_yearly": 0.76,
            "eps_growth_yearly": 1682.61
        },
        "20111": {
            "year_quarter": 20111,
            "year": 2011,
            "quarter": 1,
            "eps": 0.27,
            "eps_growth_year": 22.73,
            "eps_4q": 2.44,
            "eps_4q_growth_year": 27.67,
            "roe": 0.91,
            "roe_4q": 7.66,
            "gross_profit": 50896,
            "gross_margin": 5.83,
            "gross_margin_4q_avg": 4.84,
            "net_income": 62942,
            "revenue": 873125,
            "common_shares": 2338492,
            "book_valuer_per_share": 27.81,
            "book_valuer_per_share_4q_avg": 31.09,
            "equity": 6503377,
            "current_ratio": 243.69,
            "debt_ratio": 10.35,
            "inventory_turnover_ratio": 0.87,
            "account_receivable_turnover_ratio": 1.66,
            "reinvestment_rate": 321.08,
            "research_to_sale_ratio": 0.32,
            "price_fair": 58.8,
            "eps_avg_yearly": 1.68,
            "eps_latest_yearly": 1.08,
            "eps_growth_yearly": 1544.96
        },
        "20112": {
            "year_quarter": 20112,
            "year": 2011,
            "quarter": 2,
            "eps": 0.07,
            "eps_growth_year": -93.45,
            "eps_4q": 1.36,
            "eps_4q_growth_year": -50.78,
            "roe": 0.29,
            "roe_4q": 4.41,
            "gross_profit": 68842,
            "gross_margin": 8.12,
            "gross_margin_4q_avg": 5.83,
            "net_income": 17708,
            "revenue": 848263,
            "common_shares": 2338492,
            "book_valuer_per_share": 25.27,
            "book_valuer_per_share_4q_avg": 30.03,
            "equity": 5910269,
            "current_ratio": 289.55,
            "debt_ratio": 8.77,
            "inventory_turnover_ratio": 0.8,
            "account_receivable_turnover_ratio": 1.82,
            "reinvestment_rate": 239.7,
            "research_to_sale_ratio": 1.37,
            "price_fair": 54.72,
            "eps_avg_yearly": 1.56,
            "eps_latest_yearly": 0.28,
            "eps_growth_yearly": 1391.52
        },
        "20113": {
            "year_quarter": 20113,
            "year": 2011,
            "quarter": 3,
            "eps": 0.47,
            "eps_growth_year": -46.14,
            "eps_4q": 0.98,
            "eps_4q_growth_year": -68.97,
            "roe": 2.07,
            "roe_4q": 3.83,
            "gross_profit": 38284,
            "gross_margin": 3.78,
            "gross_margin_4q_avg": 5.06,
            "net_income": 112128,
            "revenue": 1011609,
            "common_shares": 2408647,
            "book_valuer_per_share": 20.52,
            "book_valuer_per_share_4q_avg": 26.22,
            "equity": 4941501,
            "current_ratio": 295.64,
            "debt_ratio": 12.08,
            "inventory_turnover_ratio": 1.02,
            "account_receivable_turnover_ratio": 2.51,
            "reinvestment_rate": 103.81,
            "research_to_sale_ratio": 0.36,
            "price_fair": 55.57,
            "eps_avg_yearly": 1.59,
            "eps_latest_yearly": 1.88,
            "eps_growth_yearly": 1460.31
        },
        "20114": {
            "year_quarter": 20114,
            "year": 2011,
            "quarter": 4,
            "eps": -0.05,
            "eps_growth_year": -124.59,
            "eps_4q": 0.75,
            "eps_4q_growth_year": -68.46,
            "roe": -0.23,
            "roe_4q": 3.04,
            "gross_profit": 5005,
            "gross_margin": 0.68,
            "gross_margin_4q_avg": 4.6,
            "net_income": -11044,
            "revenue": 731850,
            "common_shares": 2408647,
            "book_valuer_per_share": 19.38,
            "book_valuer_per_share_4q_avg": 23.25,
            "equity": 4668704,
            "current_ratio": 360.91,
            "debt_ratio": 10.22,
            "inventory_turnover_ratio": 0.68,
            "account_receivable_turnover_ratio": 2.14,
            "reinvestment_rate": 43.77,
            "research_to_sale_ratio": -0.37,
            "price_fair": 58.57,
            "eps_avg_yearly": 1.67,
            "eps_latest_yearly": 1.88,
            "eps_growth_yearly": 1548.66
        },
        "20121": {
            "year_quarter": 20121,
            "year": 2012,
            "quarter": 1,
            "eps": -0.03,
            "eps_growth_year": -111.11,
            "eps_4q": 0.46,
            "eps_4q_growth_year": -81.18,
            "roe": -0.17,
            "roe_4q": 1.96,
            "gross_profit": 18755,
            "gross_margin": 4.13,
            "gross_margin_4q_avg": 4.18,
            "net_income": -8060,
            "revenue": 453856,
            "common_shares": 2408647,
            "book_valuer_per_share": 19.89,
            "book_valuer_per_share_4q_avg": 21.27,
            "equity": 4790927,
            "current_ratio": 331.31,
            "debt_ratio": 10.78,
            "inventory_turnover_ratio": 0.35,
            "account_receivable_turnover_ratio": 1.71,
            "reinvestment_rate": 61.87,
            "research_to_sale_ratio": 0.62,
            "price_fair": 63.76,
            "eps_avg_yearly": 1.82,
            "eps_latest_yearly": 1.88,
            "eps_growth_yearly": 1723.22
        },
        "20122": {
            "year_quarter": 20122,
            "year": 2012,
            "quarter": 2,
            "eps": 0.39,
            "eps_growth_year": 428.11,
            "eps_4q": 0.77,
            "eps_4q_growth_year": -42.85,
            "roe": 1.97,
            "roe_4q": 3.6399999999999997,
            "gross_profit": 134527,
            "gross_margin": 9.43,
            "gross_margin_4q_avg": 4.51,
            "net_income": 93518,
            "revenue": 1426371,
            "common_shares": 2408647,
            "book_valuer_per_share": 19.55,
            "book_valuer_per_share_4q_avg": 19.84,
            "equity": 4708407,
            "current_ratio": 233.82,
            "debt_ratio": 17.72,
            "inventory_turnover_ratio": 0.94,
            "account_receivable_turnover_ratio": 3.93,
            "reinvestment_rate": 52.71,
            "research_to_sale_ratio": 0.21,
            "price_fair": 70,
            "eps_avg_yearly": 2,
            "eps_latest_yearly": 1.88,
            "eps_growth_yearly": 1895.54
        },
        "20123": {
            "year_quarter": 20123,
            "year": 2012,
            "quarter": 3,
            "eps": 0.63,
            "eps_growth_year": 34.28,
            "eps_4q": 0.93,
            "eps_4q_growth_year": -4.83,
            "roe": 3.13,
            "roe_4q": 4.699999999999999,
            "gross_profit": 190012,
            "gross_margin": 16.39,
            "gross_margin_4q_avg": 7.66,
            "net_income": 150562,
            "revenue": 1159452,
            "common_shares": 2408647,
            "book_valuer_per_share": 20.35,
            "book_valuer_per_share_4q_avg": 19.79,
            "equity": 4900607,
            "current_ratio": 328.75,
            "debt_ratio": 12.06,
            "inventory_turnover_ratio": 0.69,
            "account_receivable_turnover_ratio": 2.87,
            "reinvestment_rate": 51.27,
            "research_to_sale_ratio": 0.55,
            "price_fair": 73.36,
            "eps_avg_yearly": 2.1,
            "eps_latest_yearly": 2.52,
            "eps_growth_yearly": 400.16
        },
        "20124": {
            "year_quarter": 20124,
            "year": 2012,
            "quarter": 4,
            "eps": 0.21,
            "eps_growth_year": null,
            "eps_4q": 1.19,
            "eps_4q_growth_year": 57.57,
            "roe": 1.04,
            "roe_4q": 5.97,
            "gross_profit": 75476,
            "gross_margin": 7.97,
            "gross_margin_4q_avg": 9.48,
            "net_income": 50330,
            "revenue": 946926,
            "common_shares": 2408647,
            "book_valuer_per_share": 19.95,
            "book_valuer_per_share_4q_avg": 19.94,
            "equity": 4806449,
            "current_ratio": 371.76,
            "debt_ratio": 11.09,
            "inventory_turnover_ratio": 0.75,
            "account_receivable_turnover_ratio": 3.1,
            "reinvestment_rate": 33.31,
            "research_to_sale_ratio": 0.52,
            "price_fair": 69.36,
            "eps_avg_yearly": 1.98,
            "eps_latest_yearly": 0.84,
            "eps_growth_yearly": 339.54
        },
        "20131": {
            "year_quarter": 20131,
            "year": 2013,
            "quarter": 1,
            "eps": 0.02,
            "eps_growth_year": null,
            "eps_4q": 1.24,
            "eps_4q_growth_year": 169.53,
            "roe": 0.08,
            "roe_4q": 6.22,
            "gross_profit": 30499,
            "gross_margin": 5.08,
            "gross_margin_4q_avg": 9.72,
            "net_income": 4042,
            "revenue": 600188,
            "common_shares": 2408647,
            "book_valuer_per_share": 19.83,
            "book_valuer_per_share_4q_avg": 19.92,
            "equity": 4775323,
            "current_ratio": 416.77,
            "debt_ratio": 9.92,
            "inventory_turnover_ratio": 0.64,
            "account_receivable_turnover_ratio": 1.81,
            "reinvestment_rate": -16,
            "research_to_sale_ratio": 0.55,
            "price_fair": 63.82,
            "eps_avg_yearly": 1.82,
            "eps_latest_yearly": 0.08,
            "eps_growth_yearly": 281.08
        },
        "20132": {
            "year_quarter": 20132,
            "year": 2013,
            "quarter": 2,
            "eps": -0.14,
            "eps_growth_year": -136.06,
            "eps_4q": 0.71,
            "eps_4q_growth_year": -8.76,
            "roe": -0.75,
            "roe_4q": 3.5,
            "gross_profit": -15458,
            "gross_margin": -2.53,
            "gross_margin_4q_avg": 6.73,
            "net_income": -34735,
            "revenue": 610160,
            "common_shares": 2408647,
            "book_valuer_per_share": 18.63,
            "book_valuer_per_share_4q_avg": 19.69,
            "equity": 4486788,
            "current_ratio": 316.07,
            "debt_ratio": 13.38,
            "inventory_turnover_ratio": 0.76,
            "account_receivable_turnover_ratio": 1.51,
            "reinvestment_rate": -22.61,
            "research_to_sale_ratio": 0.68,
            "price_fair": 63.82,
            "eps_avg_yearly": 1.82,
            "eps_latest_yearly": 0.08,
            "eps_growth_yearly": 281.08
        },
        "20133": {
            "year_quarter": 20133,
            "year": 2013,
            "quarter": 3,
            "eps": -0.02,
            "eps_growth_year": -103.2,
            "eps_4q": 0.06,
            "eps_4q_growth_year": -93.65,
            "roe": -0.12,
            "roe_4q": 0.25,
            "gross_profit": 19932,
            "gross_margin": 2.92,
            "gross_margin_4q_avg": 3.36,
            "net_income": -5357,
            "revenue": 682508,
            "common_shares": 2408647,
            "book_valuer_per_share": 18.02,
            "book_valuer_per_share_4q_avg": 19.11,
            "equity": 4340872,
            "current_ratio": 429.44,
            "debt_ratio": 9.78,
            "inventory_turnover_ratio": 0.91,
            "account_receivable_turnover_ratio": 1.65,
            "reinvestment_rate": -41.99,
            "research_to_sale_ratio": 0.69,
            "price_fair": 63.89,
            "eps_avg_yearly": 1.83,
            "eps_latest_yearly": 0.08,
            "eps_growth_yearly": 286.57
        },
        "20134": {
            "year_quarter": 20134,
            "year": 2013,
            "quarter": 4,
            "eps": -0.12,
            "eps_growth_year": -158.44,
            "eps_4q": -0.27,
            "eps_4q_growth_year": -122.86,
            "roe": -0.69,
            "roe_4q": -1.48,
            "gross_profit": 25648,
            "gross_margin": 4,
            "gross_margin_4q_avg": 2.37,
            "net_income": -29414,
            "revenue": 640404,
            "common_shares": 2408647,
            "book_valuer_per_share": 17.53,
            "book_valuer_per_share_4q_avg": 18.5,
            "equity": 4223053,
            "current_ratio": 457.27,
            "debt_ratio": 9.52,
            "inventory_turnover_ratio": 0.96,
            "account_receivable_turnover_ratio": 1.93,
            "reinvestment_rate": -602.37,
            "research_to_sale_ratio": 0.6,
            "price_fair": 56.84,
            "eps_avg_yearly": 1.62,
            "eps_latest_yearly": 0.08,
            "eps_growth_yearly": 269.9
        },
        "20141": {
            "year_quarter": 20141,
            "year": 2014,
            "quarter": 1,
            "eps": -0.06,
            "eps_growth_year": -400,
            "eps_4q": -0.34,
            "eps_4q_growth_year": -127.83,
            "roe": -0.32,
            "roe_4q": -1.88,
            "gross_profit": 8366,
            "gross_margin": 1.38,
            "gross_margin_4q_avg": 1.44,
            "net_income": -13544,
            "revenue": 607848,
            "common_shares": 2408647,
            "book_valuer_per_share": 17.45,
            "book_valuer_per_share_4q_avg": 17.91,
            "equity": 4202553,
            "current_ratio": 520.93,
            "debt_ratio": 8.39,
            "inventory_turnover_ratio": 0.88,
            "account_receivable_turnover_ratio": 2.16,
            "reinvestment_rate": -621.06,
            "research_to_sale_ratio": 0.83,
            "price_fair": 59.73,
            "eps_avg_yearly": 1.71,
            "eps_latest_yearly": 0.08,
            "eps_growth_yearly": 334.14
        },
        "20142": {
            "year_quarter": 20142,
            "year": 2014,
            "quarter": 2,
            "eps": -0.12,
            "eps_growth_year": null,
            "eps_4q": -0.32,
            "eps_4q_growth_year": -144.94,
            "roe": -0.67,
            "roe_4q": -1.7999999999999998,
            "gross_profit": -1624,
            "gross_margin": -0.3,
            "gross_margin_4q_avg": 2,
            "net_income": -28175,
            "revenue": 547747,
            "common_shares": 2408647,
            "book_valuer_per_share": 17.24,
            "book_valuer_per_share_4q_avg": 17.56,
            "equity": 4152047,
            "current_ratio": 592.96,
            "debt_ratio": 7.36,
            "inventory_turnover_ratio": 0.81,
            "account_receivable_turnover_ratio": 1.43,
            "reinvestment_rate": -701.23,
            "research_to_sale_ratio": 1.74,
            "price_fair": 47.6,
            "eps_avg_yearly": 1.36,
            "eps_latest_yearly": 0.08,
            "eps_growth_yearly": 171.37
        },
        "20143": {
            "year_quarter": 20143,
            "year": 2014,
            "quarter": 3,
            "eps": 0.16,
            "eps_growth_year": null,
            "eps_4q": -0.13,
            "eps_4q_growth_year": -327.3,
            "roe": 0.94,
            "roe_4q": -0.74,
            "gross_profit": 18162,
            "gross_margin": 4.95,
            "gross_margin_4q_avg": 2.51,
            "net_income": 38675,
            "revenue": 367007,
            "common_shares": 2408647,
            "book_valuer_per_share": 17.04,
            "book_valuer_per_share_4q_avg": 17.32,
            "equity": 4105511,
            "current_ratio": 783.01,
            "debt_ratio": 6.18,
            "inventory_turnover_ratio": 0.5,
            "account_receivable_turnover_ratio": 1.06,
            "reinvestment_rate": -1261.76,
            "research_to_sale_ratio": 1.73,
            "price_fair": 37.2,
            "eps_avg_yearly": 1.06,
            "eps_latest_yearly": 0.08,
            "eps_growth_yearly": 209.11
        },
        "20144": {
            "year_quarter": 20144,
            "year": 2014,
            "quarter": 4,
            "eps": -0.04,
            "eps_growth_year": null,
            "eps_4q": -0.06,
            "eps_4q_growth_year": null,
            "roe": -0.26,
            "roe_4q": -0.3100000000000001,
            "gross_profit": -8004,
            "gross_margin": -2.81,
            "gross_margin_4q_avg": 0.81,
            "net_income": -10505,
            "revenue": 285018,
            "common_shares": 2408647,
            "book_valuer_per_share": 16.99,
            "book_valuer_per_share_4q_avg": 17.18,
            "equity": 4092186,
            "current_ratio": 969.53,
            "debt_ratio": 4.98,
            "inventory_turnover_ratio": 0.39,
            "account_receivable_turnover_ratio": 1.39,
            "reinvestment_rate": -1186.58,
            "research_to_sale_ratio": 1.01,
            "price_fair": 38.97,
            "eps_avg_yearly": 1.11,
            "eps_latest_yearly": 0.08,
            "eps_growth_yearly": 295.9
        },
        "20151": {
            "year_quarter": 20151,
            "year": 2015,
            "quarter": 1,
            "eps": -0.18,
            "eps_growth_year": null,
            "eps_4q": -0.18,
            "eps_4q_growth_year": null,
            "roe": -1.1,
            "roe_4q": -1.0900000000000003,
            "gross_profit": -23627,
            "gross_margin": -5.63,
            "gross_margin_4q_avg": -0.95,
            "net_income": -44432,
            "revenue": 419506,
            "common_shares": 2408647,
            "book_valuer_per_share": 16.62,
            "book_valuer_per_share_4q_avg": 16.97,
            "equity": 4003512,
            "current_ratio": 798.93,
            "debt_ratio": 6.05,
            "inventory_turnover_ratio": 0.64,
            "account_receivable_turnover_ratio": 1.82,
            "reinvestment_rate": -1300.79,
            "research_to_sale_ratio": 1.34,
            "price_fair": 39.2,
            "eps_avg_yearly": 1.12,
            "eps_latest_yearly": 0.08,
            "eps_growth_yearly": 321.4
        },
        "20152": {
            "year_quarter": 20152,
            "year": 2015,
            "quarter": 2,
            "eps": -0.07,
            "eps_growth_year": null,
            "eps_4q": -0.13,
            "eps_4q_growth_year": null,
            "roe": -0.41,
            "roe_4q": -0.8300000000000001,
            "gross_profit": 15015,
            "gross_margin": 3.89,
            "gross_margin_4q_avg": 0.1,
            "net_income": -16000,
            "revenue": 385722,
            "common_shares": 2408647,
            "book_valuer_per_share": 16.03,
            "book_valuer_per_share_4q_avg": 16.67,
            "equity": 3861794,
            "current_ratio": 594.4,
            "debt_ratio": 8.29,
            "inventory_turnover_ratio": 0.56,
            "account_receivable_turnover_ratio": 1.39,
            "reinvestment_rate": -1235.84,
            "research_to_sale_ratio": 4.91,
            "price_fair": 46.55,
            "eps_avg_yearly": 1.33,
            "eps_latest_yearly": 0.08,
            "eps_growth_yearly": 475.82
        },
        "20153": {
            "year_quarter": 20153,
            "year": 2015,
            "quarter": 3,
            "eps": 0.14,
            "eps_growth_year": -12.5,
            "eps_4q": -0.15,
            "eps_4q_growth_year": null,
            "roe": 0.87,
            "roe_4q": -0.9000000000000001,
            "gross_profit": 54190,
            "gross_margin": 9.27,
            "gross_margin_4q_avg": 1.18,
            "net_income": 33729,
            "revenue": 584638,
            "common_shares": 2408647,
            "book_valuer_per_share": 16.07,
            "book_valuer_per_share_4q_avg": 16.43,
            "equity": 3870923,
            "current_ratio": 566.98,
            "debt_ratio": 8.97,
            "inventory_turnover_ratio": 0.72,
            "account_receivable_turnover_ratio": 1.76,
            "reinvestment_rate": -1117.75,
            "research_to_sale_ratio": 0.31,
            "price_fair": 3.44,
            "eps_avg_yearly": 1.15,
            "eps_latest_yearly": 0.08,
            "eps_growth_yearly": -127.47
        },
        "20154": {
            "year_quarter": 20154,
            "year": 2015,
            "quarter": 4,
            "eps": 0.56,
            "eps_growth_year": null,
            "eps_4q": 0.45,
            "eps_4q_growth_year": null,
            "roe": 3.42,
            "roe_4q": 2.78,
            "gross_profit": 165158,
            "gross_margin": 17.86,
            "gross_margin_4q_avg": 6.35,
            "net_income": 134497,
            "revenue": 924554,
            "common_shares": 2408647,
            "book_valuer_per_share": 16.58,
            "book_valuer_per_share_4q_avg": 16.33,
            "equity": 3993222,
            "current_ratio": 676.39,
            "debt_ratio": 8.04,
            "inventory_turnover_ratio": 1.08,
            "account_receivable_turnover_ratio": 1.4,
            "reinvestment_rate": -513.42,
            "research_to_sale_ratio": -2.09,
            "price_fair": 49.7,
            "eps_avg_yearly": 1.42,
            "eps_latest_yearly": 2.24,
            "eps_growth_yearly": 204.4
        },
        "20161": {
            "year_quarter": 20161,
            "year": 2016,
            "quarter": 1,
            "eps": -0.05,
            "eps_growth_year": null,
            "eps_4q": 0.59,
            "eps_4q_growth_year": null,
            "roe": -0.28,
            "roe_4q": 3.5999999999999996,
            "gross_profit": 8856,
            "gross_margin": 2.17,
            "gross_margin_4q_avg": 8.3,
            "net_income": -11276,
            "revenue": 408857,
            "common_shares": 2408647,
            "book_valuer_per_share": 16.62,
            "book_valuer_per_share_4q_avg": 16.33,
            "equity": 4002873,
            "current_ratio": 869.41,
            "debt_ratio": 6.3,
            "inventory_turnover_ratio": 0.72,
            "account_receivable_turnover_ratio": 0.57,
            "reinvestment_rate": -545.44,
            "research_to_sale_ratio": 0.57,
            "price_fair": 49.7,
            "eps_avg_yearly": 1.42,
            "eps_latest_yearly": 2.24,
            "eps_growth_yearly": 204.4
        },
        "20162": {
            "year_quarter": 20162,
            "year": 2016,
            "quarter": 2,
            "eps": 0.23,
            "eps_growth_year": null,
            "eps_4q": 0.88,
            "eps_4q_growth_year": null,
            "roe": 1.36,
            "roe_4q": 5.37,
            "gross_profit": 72563,
            "gross_margin": 11.28,
            "gross_margin_4q_avg": 10.15,
            "net_income": 54294,
            "revenue": 643439,
            "common_shares": 2408647,
            "book_valuer_per_share": 16.45,
            "book_valuer_per_share_4q_avg": 16.43,
            "equity": 3961024,
            "current_ratio": 560.98,
            "debt_ratio": 9.75,
            "inventory_turnover_ratio": 1.08,
            "account_receivable_turnover_ratio": 0.99,
            "reinvestment_rate": -545.13,
            "research_to_sale_ratio": 0.4,
            "price_fair": 49.7,
            "eps_avg_yearly": 1.42,
            "eps_latest_yearly": 2.24,
            "eps_growth_yearly": 204.4
        },
        "20163": {
            "year_quarter": 20163,
            "year": 2016,
            "quarter": 3,
            "eps": 0,
            "eps_growth_year": -100,
            "eps_4q": 0.73,
            "eps_4q_growth_year": null,
            "roe": -0.02,
            "roe_4q": 4.48,
            "gross_profit": 17164,
            "gross_margin": 4.13,
            "gross_margin_4q_avg": 8.86,
            "net_income": -887,
            "revenue": 415160,
            "common_shares": 2408647,
            "book_valuer_per_share": 16.64,
            "book_valuer_per_share_4q_avg": 16.57,
            "equity": 4009039,
            "current_ratio": 817.09,
            "debt_ratio": 6.56,
            "inventory_turnover_ratio": 0.73,
            "account_receivable_turnover_ratio": 0.6,
            "reinvestment_rate": -1160.48,
            "research_to_sale_ratio": 0.77,
            "price_fair": 36.87,
            "eps_avg_yearly": 1.05,
            "eps_latest_yearly": 2.24,
            "eps_growth_yearly": 190.48
        },
        "20164": {
            "year_quarter": 20164,
            "year": 2016,
            "quarter": 4,
            "eps": 0.05,
            "eps_growth_year": -91.41,
            "eps_4q": 0.22,
            "eps_4q_growth_year": -50.19,
            "roe": 0.29,
            "roe_4q": 1.35,
            "gross_profit": 36366,
            "gross_margin": 7.24,
            "gross_margin_4q_avg": 6.21,
            "net_income": 11556,
            "revenue": 501966,
            "common_shares": 2408647,
            "book_valuer_per_share": 16.5,
            "book_valuer_per_share_4q_avg": 16.55,
            "equity": 3973695,
            "current_ratio": 958.58,
            "debt_ratio": 5.94,
            "inventory_turnover_ratio": 0.95,
            "account_receivable_turnover_ratio": 0.8,
            "reinvestment_rate": -1574.07,
            "research_to_sale_ratio": 0.72,
            "price_fair": 40.6,
            "eps_avg_yearly": 1.16,
            "eps_latest_yearly": 2.24,
            "eps_growth_yearly": 419.05
        },
        "20171": {
            "year_quarter": 20171,
            "year": 2017,
            "quarter": 1,
            "eps": -0.03,
            "eps_growth_year": null,
            "eps_4q": 0.24,
            "eps_4q_growth_year": -58.9,
            "roe": -0.18,
            "roe_4q": 1.4500000000000002,
            "gross_profit": 17349,
            "gross_margin": 4.53,
            "gross_margin_4q_avg": 6.8,
            "net_income": -7033,
            "revenue": 382845,
            "common_shares": 2408647,
            "book_valuer_per_share": 16.51,
            "book_valuer_per_share_4q_avg": 16.53,
            "equity": 3975489,
            "current_ratio": 790.21,
            "debt_ratio": 7.18,
            "inventory_turnover_ratio": 0.73,
            "account_receivable_turnover_ratio": 0.65,
            "reinvestment_rate": -824.63,
            "research_to_sale_ratio": 0.57,
            "price_fair": 78.4,
            "eps_avg_yearly": 2.24,
            "eps_latest_yearly": 2.24,
            "eps_growth_yearly": 1200
        },
        "20172": {
            "year_quarter": 20172,
            "year": 2017,
            "quarter": 2,
            "eps": 0.28,
            "eps_growth_year": 21.74,
            "eps_4q": 0.3,
            "eps_4q_growth_year": -66.3,
            "roe": 1.7,
            "roe_4q": 1.79,
            "gross_profit": 98248,
            "gross_margin": 13.85,
            "gross_margin_4q_avg": 7.44,
            "net_income": 67553,
            "revenue": 709326,
            "common_shares": 2408647,
            "book_valuer_per_share": 16.51,
            "book_valuer_per_share_4q_avg": 16.54,
            "equity": 3977453,
            "current_ratio": 632.1,
            "debt_ratio": 8.92,
            "inventory_turnover_ratio": 1.14,
            "account_receivable_turnover_ratio": 1.3,
            "reinvestment_rate": -262.41,
            "research_to_sale_ratio": 0.36,
            "price_fair": 78.4,
            "eps_avg_yearly": 2.24,
            "eps_latest_yearly": 2.24,
            "eps_growth_yearly": 1200
        },
        "20173": {
            "year_quarter": 20173,
            "year": 2017,
            "quarter": 3,
            "eps": -0.02,
            "eps_growth_year": null,
            "eps_4q": 0.28,
            "eps_4q_growth_year": -62.39,
            "roe": -0.14,
            "roe_4q": 1.6700000000000002,
            "gross_profit": 13047,
            "gross_margin": 2.72,
            "gross_margin_4q_avg": 7.09,
            "net_income": -5647,
            "revenue": 479296,
            "common_shares": 2408647,
            "book_valuer_per_share": 16.68,
            "book_valuer_per_share_4q_avg": 16.55,
            "equity": 4018190,
            "current_ratio": 906.72,
            "debt_ratio": 6.26,
            "inventory_turnover_ratio": 0.86,
            "account_receivable_turnover_ratio": 1.06,
            "reinvestment_rate": -131.53,
            "research_to_sale_ratio": 0.51,
            "price_fair": 78.4,
            "eps_avg_yearly": 2.24,
            "eps_latest_yearly": 2.24,
            "eps_growth_yearly": 1200
        },
        "20174": {
            "year_quarter": 20174,
            "year": 2017,
            "quarter": 4,
            "eps": 0.12,
            "eps_growth_year": 146.27,
            "eps_4q": 0.35,
            "eps_4q_growth_year": 55.22,
            "roe": 0.7,
            "roe_4q": 2.0799999999999996,
            "gross_profit": 50722,
            "gross_margin": 9.26,
            "gross_margin_4q_avg": 7.59,
            "net_income": 28459,
            "revenue": 547793,
            "common_shares": 2408647,
            "book_valuer_per_share": 16.96,
            "book_valuer_per_share_4q_avg": 16.67,
            "equity": 4086222,
            "current_ratio": 831.01,
            "debt_ratio": 6.98,
            "inventory_turnover_ratio": 0.89,
            "account_receivable_turnover_ratio": 1.3,
            "reinvestment_rate": -35.57,
            "research_to_sale_ratio": 1.21,
            "price_fair": 78.4,
            "eps_avg_yearly": 2.24,
            "eps_latest_yearly": 2.24,
            "eps_growth_yearly": 1200
        },
        "20181": {
            "year_quarter": 20181,
            "year": 2018,
            "quarter": 1,
            "eps": 0.04,
            "eps_growth_year": null,
            "eps_4q": 0.42,
            "eps_4q_growth_year": 72.92,
            "roe": 0.24,
            "roe_4q": 2.5,
            "gross_profit": 20978,
            "gross_margin": 5.08,
            "gross_margin_4q_avg": 7.73,
            "net_income": 9807,
            "revenue": 413318,
            "common_shares": 2408647,
            "book_valuer_per_share": 16.93,
            "book_valuer_per_share_4q_avg": 16.77,
            "equity": 4078525,
            "current_ratio": 1002.41,
            "debt_ratio": 5.94,
            "inventory_turnover_ratio": 0.68,
            "account_receivable_turnover_ratio": 0.92,
            "reinvestment_rate": -218.93,
            "research_to_sale_ratio": 0.44,
            "price_fair": 42,
            "eps_avg_yearly": 1.2,
            "eps_latest_yearly": 0.16,
            "eps_growth_yearly": 466.67
        },
        "20182": {
            "year_quarter": 20182,
            "year": 2018,
            "quarter": 2,
            "eps": 0.19,
            "eps_growth_year": -32.14,
            "eps_4q": 0.33,
            "eps_4q_growth_year": 10.43,
            "roe": 1.13,
            "roe_4q": 1.9299999999999997,
            "gross_profit": 72352,
            "gross_margin": 9.4,
            "gross_margin_4q_avg": 6.62,
            "net_income": 45998,
            "revenue": 769300,
            "common_shares": 2408647,
            "book_valuer_per_share": 16.87,
            "book_valuer_per_share_4q_avg": 16.86,
            "equity": 4063880,
            "current_ratio": 608.42,
            "debt_ratio": 9.6,
            "inventory_turnover_ratio": 1.2,
            "account_receivable_turnover_ratio": 1.34,
            "reinvestment_rate": -163.36,
            "research_to_sale_ratio": 0.32,
            "price_fair": 36.87,
            "eps_avg_yearly": 1.05,
            "eps_latest_yearly": 0.76,
            "eps_growth_yearly": 811.11
        },
        "20183": {
            "year_quarter": 20183,
            "year": 2018,
            "quarter": 3,
            "eps": 0.02,
            "eps_growth_year": null,
            "eps_4q": 0.37,
            "eps_4q_growth_year": 33.33,
            "roe": 0.11,
            "roe_4q": 2.1799999999999997,
            "gross_profit": 29138,
            "gross_margin": 5.06,
            "gross_margin_4q_avg": 7.2,
            "net_income": 4309,
            "revenue": 575724,
            "common_shares": 2408647,
            "book_valuer_per_share": 16.71,
            "book_valuer_per_share_4q_avg": 16.87,
            "equity": 4024511,
            "current_ratio": 676.84,
            "debt_ratio": 8.74,
            "inventory_turnover_ratio": 0.96,
            "account_receivable_turnover_ratio": 0.9,
            "reinvestment_rate": -154.42,
            "research_to_sale_ratio": 0.29,
            "price_fair": 28.35,
            "eps_avg_yearly": 0.81,
            "eps_latest_yearly": 0.08,
            "eps_growth_yearly": 518.86
        },
        "20184": {
            "year_quarter": 20184,
            "year": 2018,
            "quarter": 4,
            "eps": -0.29,
            "eps_growth_year": -348.08,
            "eps_4q": -0.04,
            "eps_4q_growth_year": -112.58,
            "roe": -1.78,
            "roe_4q": -0.30000000000000004,
            "gross_profit": -18397,
            "gross_margin": -5.09,
            "gross_margin_4q_avg": 3.61,
            "net_income": -70601,
            "revenue": 361317,
            "common_shares": 2408647,
            "book_valuer_per_share": 16.26,
            "book_valuer_per_share_4q_avg": 16.69,
            "equity": 3917241,
            "current_ratio": 801.33,
            "debt_ratio": 7.5,
            "inventory_turnover_ratio": 0.65,
            "account_receivable_turnover_ratio": 0.79,
            "reinvestment_rate": -202.12,
            "research_to_sale_ratio": 0.59,
            "price_fair": 28.35,
            "eps_avg_yearly": 0.81,
            "eps_latest_yearly": 0.08,
            "eps_growth_yearly": 518.86
        },
        "20191": {
            "year_quarter": 20191,
            "year": 2019,
            "quarter": 1,
            "eps": -0.11,
            "eps_growth_year": -375,
            "eps_4q": -0.19,
            "eps_4q_growth_year": -145.81,
            "roe": -0.65,
            "roe_4q": -1.1900000000000004,
            "gross_profit": -1440,
            "gross_margin": -0.3,
            "gross_margin_4q_avg": 2.27,
            "net_income": -25594,
            "revenue": 477275,
            "common_shares": 2408647,
            "book_valuer_per_share": 16.45,
            "book_valuer_per_share_4q_avg": 16.57,
            "equity": 3961851,
            "current_ratio": 801.99,
            "debt_ratio": 7.77,
            "inventory_turnover_ratio": 0.86,
            "account_receivable_turnover_ratio": 1.09,
            "reinvestment_rate": -225.32,
            "research_to_sale_ratio": 0.37,
            "price_fair": 28.35,
            "eps_avg_yearly": 0.81,
            "eps_latest_yearly": 0.08,
            "eps_growth_yearly": 518.86
        },
        "20192": {
            "year_quarter": 20192,
            "year": 2019,
            "quarter": 2,
            "eps": -0.07,
            "eps_growth_year": -136.84,
            "eps_4q": -0.45,
            "eps_4q_growth_year": -236.8,
            "roe": -0.4,
            "roe_4q": -2.72,
            "gross_profit": -20572,
            "gross_margin": -3.76,
            "gross_margin_4q_avg": -1.02,
            "net_income": -15660,
            "revenue": 547001,
            "common_shares": 2408647,
            "book_valuer_per_share": 16.11,
            "book_valuer_per_share_4q_avg": 16.38,
            "equity": 3879545,
            "current_ratio": 481.46,
            "debt_ratio": 12.51,
            "inventory_turnover_ratio": 0.91,
            "account_receivable_turnover_ratio": 1.18,
            "reinvestment_rate": -192.44,
            "research_to_sale_ratio": 0.34,
            "price_fair": 28.35,
            "eps_avg_yearly": 0.81,
            "eps_latest_yearly": 0.08,
            "eps_growth_yearly": 518.86
        },
        "20193": {
            "year_quarter": 20193,
            "year": 2019,
            "quarter": 3,
            "eps": 0.28,
            "eps_growth_year": 1300,
            "eps_4q": -0.18,
            "eps_4q_growth_year": -149.25,
            "roe": 1.73,
            "roe_4q": -1.1,
            "gross_profit": 84706,
            "gross_margin": 10.23,
            "gross_margin_4q_avg": 0.27,
            "net_income": 68232,
            "revenue": 827651,
            "common_shares": 2408647,
            "book_valuer_per_share": 16.64,
            "book_valuer_per_share_4q_avg": 16.37,
            "equity": 4008703,
            "current_ratio": 460.2,
            "debt_ratio": 13.3,
            "inventory_turnover_ratio": 0.96,
            "account_receivable_turnover_ratio": 1.68,
            "reinvestment_rate": -163.08,
            "research_to_sale_ratio": 0.17,
            "price_fair": 28.35,
            "eps_avg_yearly": 0.81,
            "eps_latest_yearly": 0.08,
            "eps_growth_yearly": 518.86
        },
        "20194": {
            "year_quarter": 20194,
            "year": 2019,
            "quarter": 4,
            "eps": 0.17,
            "eps_growth_year": null,
            "eps_4q": 0.28,
            "eps_4q_growth_year": null,
            "roe": 1.01,
            "roe_4q": 1.6900000000000004,
            "gross_profit": 105107,
            "gross_margin": 11.6,
            "gross_margin_4q_avg": 4.44,
            "net_income": 40964,
            "revenue": 905809,
            "common_shares": 2408647,
            "book_valuer_per_share": 17.06,
            "book_valuer_per_share_4q_avg": 16.57,
            "equity": 4109222,
            "current_ratio": 546.81,
            "debt_ratio": 11.27,
            "inventory_turnover_ratio": 0.97,
            "account_receivable_turnover_ratio": 1.67,
            "reinvestment_rate": -246,
            "research_to_sale_ratio": 0.2,
            "price_fair": 14.7,
            "eps_avg_yearly": 0.42,
            "eps_latest_yearly": 0.68,
            "eps_growth_yearly": 179.57
        },
        "20201": {
            "year_quarter": 20201,
            "year": 2020,
            "quarter": 1,
            "eps": -0.03,
            "eps_growth_year": null,
            "eps_4q": 0.36,
            "eps_4q_growth_year": null,
            "roe": -0.18,
            "roe_4q": 2.16,
            "gross_profit": -669,
            "gross_margin": -0.15,
            "gross_margin_4q_avg": 4.48,
            "net_income": -7151,
            "revenue": 436279,
            "common_shares": 2408647,
            "book_valuer_per_share": 16.4,
            "book_valuer_per_share_4q_avg": 16.55,
            "equity": 3949609,
            "current_ratio": 571.17,
            "debt_ratio": 10.83,
            "inventory_turnover_ratio": 0.5,
            "account_receivable_turnover_ratio": 0.95,
            "reinvestment_rate": -251.22,
            "research_to_sale_ratio": 0.24,
            "price_fair": 14.7,
            "eps_avg_yearly": 0.42,
            "eps_latest_yearly": 0.68,
            "eps_growth_yearly": 179.57
        },
        "20202": {
            "year_quarter": 20202,
            "year": 2020,
            "quarter": 2,
            "eps": 0.23,
            "eps_growth_year": null,
            "eps_4q": 0.66,
            "eps_4q_growth_year": null,
            "roe": 1.41,
            "roe_4q": 3.97,
            "gross_profit": 47102,
            "gross_margin": 8.57,
            "gross_margin_4q_avg": 7.56,
            "net_income": 56316,
            "revenue": 549630,
            "common_shares": 2408647,
            "book_valuer_per_share": 16.73,
            "book_valuer_per_share_4q_avg": 16.71,
            "equity": 4029664,
            "current_ratio": 450.45,
            "debt_ratio": 13.31,
            "inventory_turnover_ratio": 0.49,
            "account_receivable_turnover_ratio": 1.62,
            "reinvestment_rate": -309.14,
            "research_to_sale_ratio": 0.25,
            "price_fair": 14.7,
            "eps_avg_yearly": 0.42,
            "eps_latest_yearly": 0.68,
            "eps_growth_yearly": 179.57
        },
        "20203": {
            "year_quarter": 20203,
            "year": 2020,
            "quarter": 3,
            "eps": 0.63,
            "eps_growth_year": 125,
            "eps_4q": 1,
            "eps_4q_growth_year": null,
            "roe": 3.66,
            "roe_4q": 5.9,
            "gross_profit": 210320,
            "gross_margin": 17.16,
            "gross_margin_4q_avg": 9.3,
            "net_income": 150988,
            "revenue": 1225642,
            "common_shares": 2408647,
            "book_valuer_per_share": 17.48,
            "book_valuer_per_share_4q_avg": 16.92,
            "equity": 4209887,
            "current_ratio": 526.69,
            "debt_ratio": 11.57,
            "inventory_turnover_ratio": 1.06,
            "account_receivable_turnover_ratio": 3.2,
            "reinvestment_rate": -192.22,
            "research_to_sale_ratio": 0.08,
            "price_fair": 29.4,
            "eps_avg_yearly": 0.84,
            "eps_latest_yearly": 2.52,
            "eps_growth_yearly": 282.79
        },
        "20204": {
            "year_quarter": 20204,
            "year": 2020,
            "quarter": 4,
            "eps": 0.17,
            "eps_growth_year": 2.11,
            "eps_4q": 1,
            "eps_4q_growth_year": 256.16,
            "roe": 0.95,
            "roe_4q": 5.840000000000001,
            "gross_profit": 84152,
            "gross_margin": 13.76,
            "gross_margin_4q_avg": 9.84,
            "net_income": 41827,
            "revenue": 611396,
            "common_shares": 2408647,
            "book_valuer_per_share": 19.16,
            "book_valuer_per_share_4q_avg": 17.44,
            "equity": 4615594,
            "current_ratio": 627.46,
            "debt_ratio": 8.37,
            "inventory_turnover_ratio": 0.7,
            "account_receivable_turnover_ratio": 1.56,
            "reinvestment_rate": -111.76,
            "research_to_sale_ratio": 0.17,
            "price_fair": 28.47,
            "eps_avg_yearly": 0.81,
            "eps_latest_yearly": 0.68,
            "eps_growth_yearly": 186.98
        },
        "20211": {
            "year_quarter": 20211,
            "year": 2021,
            "quarter": 1,
            "eps": 0.28,
            "eps_growth_year": null,
            "eps_4q": 1.31,
            "eps_4q_growth_year": 266.61,
            "roe": 1.44,
            "roe_4q": 7.46,
            "gross_profit": 116244,
            "gross_margin": 14.31,
            "gross_margin_4q_avg": 13.45,
            "net_income": 67567,
            "revenue": 812470,
            "common_shares": 2408647,
            "book_valuer_per_share": 19.91,
            "book_valuer_per_share_4q_avg": 18.32,
            "equity": 4794919,
            "current_ratio": 670.77,
            "debt_ratio": 7.78,
            "inventory_turnover_ratio": 0.89,
            "account_receivable_turnover_ratio": 2.62,
            "reinvestment_rate": -92.73,
            "research_to_sale_ratio": 0.2,
            "price_fair": 30,
            "eps_avg_yearly": 0.86,
            "eps_latest_yearly": 1.12,
            "eps_growth_yearly": 197.24
        },
        "20212": {
            "year_quarter": 20212,
            "year": 2021,
            "quarter": 2,
            "eps": 0.23,
            "eps_growth_year": 0,
            "eps_4q": 1.31,
            "eps_4q_growth_year": 98.76,
            "roe": 1.13,
            "roe_4q": 7.18,
            "gross_profit": 81826,
            "gross_margin": 10.87,
            "gross_margin_4q_avg": 14.03,
            "net_income": 54379,
            "revenue": 753052,
            "common_shares": 2408647,
            "book_valuer_per_share": 20.07,
            "book_valuer_per_share_4q_avg": 19.16,
            "equity": 4833655,
            "current_ratio": 713.85,
            "debt_ratio": 7.35,
            "inventory_turnover_ratio": 0.83,
            "account_receivable_turnover_ratio": 2.63,
            "reinvestment_rate": -86.94,
            "research_to_sale_ratio": 0.15,
            "price_fair": 30.28,
            "eps_avg_yearly": 0.87,
            "eps_latest_yearly": 0.92,
            "eps_growth_yearly": 163.66
        },
        "20213": {
            "year_quarter": 20213,
            "year": 2021,
            "quarter": 3,
            "eps": 0.2,
            "eps_growth_year": -68.25,
            "eps_4q": 1.08,
            "eps_4q_growth_year": 7.82,
            "roe": 0.98,
            "roe_4q": 4.5,
            "gross_profit": 49597,
            "gross_margin": 10.61,
            "gross_margin_4q_avg": 12.39,
            "net_income": 44202,
            "revenue": 467334,
            "common_shares": 1926917,
            "book_valuer_per_share": 21.81,
            "book_valuer_per_share_4q_avg": 20.24,
            "equity": 4203315,
            "current_ratio": 295.15,
            "debt_ratio": 17.01,
            "inventory_turnover_ratio": 0.46,
            "account_receivable_turnover_ratio": 1.3,
            "reinvestment_rate": -102.86,
            "research_to_sale_ratio": 0.2,
            "price_fair": 30.02,
            "eps_avg_yearly": 0.86,
            "eps_latest_yearly": 0.8,
            "eps_growth_yearly": 139.68
        },
        "20214": {
            "year_quarter": 20214,
            "year": 2021,
            "quarter": 4,
            "eps": 0.35,
            "eps_growth_year": 99.54,
            "eps_4q": 1.21,
            "eps_4q_growth_year": 20.32,
            "roe": 1.58,
            "roe_4q": 5.13,
            "gross_profit": 97435,
            "gross_margin": 12.64,
            "gross_margin_4q_avg": 12.11,
            "net_income": 66768,
            "revenue": 770985,
            "common_shares": 1926917,
            "book_valuer_per_share": 22.01,
            "book_valuer_per_share_4q_avg": 20.95,
            "equity": 4240868,
            "current_ratio": 667.92,
            "debt_ratio": 7.47,
            "inventory_turnover_ratio": 0.71,
            "account_receivable_turnover_ratio": 1.95,
            "reinvestment_rate": -98.47,
            "research_to_sale_ratio": 0.15,
            "price_fair": 31.92,
            "eps_avg_yearly": 0.91,
            "eps_latest_yearly": 1.4,
            "eps_growth_yearly": 155.71
        },
        "20221": {
            "year_quarter": 20221,
            "year": 2022,
            "quarter": 1,
            "eps": 0.34,
            "eps_growth_year": 21.43,
            "eps_4q": 1.2,
            "eps_4q_growth_year": -8.92,
            "roe": 1.53,
            "roe_4q": 5.22,
            "gross_profit": 90780,
            "gross_margin": 12.94,
            "gross_margin_4q_avg": 11.77,
            "net_income": 65413,
            "revenue": 701581,
            "common_shares": 1926917,
            "book_valuer_per_share": 22.39,
            "book_valuer_per_share_4q_avg": 21.57,
            "equity": 4314321,
            "current_ratio": 617.63,
            "debt_ratio": 8.34,
            "inventory_turnover_ratio": 0.74,
            "account_receivable_turnover_ratio": 1.41,
            "reinvestment_rate": -2.74,
            "research_to_sale_ratio": 0.11,
            "price_fair": 36.12,
            "eps_avg_yearly": 1.03,
            "eps_latest_yearly": 1.36,
            "eps_growth_yearly": 181.23
        },
        "20222": {
            "year_quarter": 20222,
            "year": 2022,
            "quarter": 2,
            "eps": 0.27,
            "eps_growth_year": 17.39,
            "eps_4q": 1.19,
            "eps_4q_growth_year": -9.09,
            "roe": 1.23,
            "roe_4q": 5.32,
            "gross_profit": 35254,
            "gross_margin": 6.66,
            "gross_margin_4q_avg": 10.71,
            "net_income": 52538,
            "revenue": 529433,
            "common_shares": 1926917,
            "book_valuer_per_share": 21.97,
            "book_valuer_per_share_4q_avg": 22.05,
            "equity": 4233732,
            "current_ratio": 403.91,
            "debt_ratio": 12.81,
            "inventory_turnover_ratio": 0.56,
            "account_receivable_turnover_ratio": 0.89,
            "reinvestment_rate": -1.57,
            "research_to_sale_ratio": 0.17,
            "price_fair": 35.11,
            "eps_avg_yearly": 1.06,
            "eps_latest_yearly": 1.08,
            "eps_growth_yearly": 23
        },
        "20223": {
            "year_quarter": 20223,
            "year": 2022,
            "quarter": 3,
            "eps": 0.2,
            "eps_growth_year": 0,
            "eps_4q": 1.16,
            "eps_4q_growth_year": 7.72,
            "roe": 0.93,
            "roe_4q": 5.2700000000000005,
            "gross_profit": 70924,
            "gross_margin": 8.71,
            "gross_margin_4q_avg": 10.24,
            "net_income": 39320,
            "revenue": 814509,
            "common_shares": 1926917,
            "book_valuer_per_share": 21.78,
            "book_valuer_per_share_4q_avg": 22.04,
            "equity": 4197777,
            "current_ratio": 349.68,
            "debt_ratio": 15.32,
            "inventory_turnover_ratio": 0.75,
            "account_receivable_turnover_ratio": 1.32,
            "reinvestment_rate": 0.33,
            "research_to_sale_ratio": 0.12,
            "price_fair": 39.76,
            "eps_avg_yearly": 1.14,
            "eps_latest_yearly": 0.8,
            "eps_growth_yearly": 48.42
        },
        "20224": {
            "year_quarter": 20224,
            "year": 2022,
            "quarter": 4,
            "eps": 0.47,
            "eps_growth_year": 36,
            "eps_4q": 1.29,
            "eps_4q_growth_year": 6.51,
            "roe": 2.14,
            "roe_4q": 5.830000000000001,
            "gross_profit": 125376,
            "gross_margin": 15.31,
            "gross_margin_4q_avg": 10.91,
            "net_income": 90806,
            "revenue": 818889,
            "common_shares": 1926917,
            "book_valuer_per_share": 22.32,
            "book_valuer_per_share_4q_avg": 22.12,
            "equity": 4300470,
            "current_ratio": 473.54,
            "debt_ratio": 10.99,
            "inventory_turnover_ratio": 0.68,
            "account_receivable_turnover_ratio": 1.38,
            "reinvestment_rate": 3.65,
            "research_to_sale_ratio": 0.11,
            "price_fair": 42.13,
            "eps_avg_yearly": 1.2,
            "eps_latest_yearly": 1.88,
            "eps_growth_yearly": 93.11
        },
        "20231": {
            "year_quarter": 20231,
            "year": 2023,
            "quarter": 1,
            "eps": 0.28,
            "eps_growth_year": -17.65,
            "eps_4q": 1.23,
            "eps_4q_growth_year": 2.49,
            "roe": 1.23,
            "roe_4q": 5.529999999999999,
            "gross_profit": 113243,
            "gross_margin": 14.03,
            "gross_margin_4q_avg": 11.18,
            "net_income": 53849,
            "revenue": 807325,
            "common_shares": 1926917,
            "book_valuer_per_share": 23.04,
            "book_valuer_per_share_4q_avg": 22.28,
            "equity": 4439060,
            "current_ratio": 345.22,
            "debt_ratio": 15.04,
            "inventory_turnover_ratio": 0.62,
            "account_receivable_turnover_ratio": 1.51,
            "reinvestment_rate": 0.83,
            "research_to_sale_ratio": 0.11,
            "price_fair": 41.88,
            "eps_avg_yearly": 1.2,
            "eps_latest_yearly": 1.12,
            "eps_growth_yearly": 71.87
        }
    },
    "months": {
        "2001-06": {
            "month": "2001-06",
            "price": "4.99",
            "revenue": 194581
        },
        "2001-07": {
            "month": "2001-07",
            "price": "4.86",
            "revenue": 100392
        },
        "2001-08": {
            "month": "2001-08",
            "price": "4.79",
            "revenue": 98983
        },
        "2001-09": {
            "month": "2001-09",
            "price": "4.01",
            "revenue": 368722
        },
        "2001-10": {
            "month": "2001-10",
            "price": "3.54",
            "revenue": 119605
        },
        "2001-11": {
            "month": "2001-11",
            "price": "3.94",
            "revenue": 142091
        },
        "2001-12": {
            "month": "2001-12",
            "price": "4.50",
            "revenue": 281444
        },
        "2002-01": {
            "month": "2002-01",
            "price": "5.49",
            "revenue": 110141
        },
        "2002-02": {
            "month": "2002-02",
            "price": "6.20",
            "revenue": 101403
        },
        "2002-03": {
            "month": "2002-03",
            "price": "8.09",
            "revenue": 208280
        },
        "2002-04": {
            "month": "2002-04",
            "price": "9.98",
            "revenue": 147139
        },
        "2002-05": {
            "month": "2002-05",
            "price": "7.55",
            "revenue": 144255
        },
        "2002-06": {
            "month": "2002-06",
            "price": "7.94",
            "revenue": 172872
        },
        "2002-07": {
            "month": "2002-07",
            "price": "7.71",
            "revenue": 187861
        },
        "2002-08": {
            "month": "2002-08",
            "price": "8.29",
            "revenue": 162600
        },
        "2002-09": {
            "month": "2002-09",
            "price": "7.89",
            "revenue": 138870
        },
        "2002-10": {
            "month": "2002-10",
            "price": "8.25",
            "revenue": 152882
        },
        "2002-11": {
            "month": "2002-11",
            "price": "9.50",
            "revenue": 124425
        },
        "2002-12": {
            "month": "2002-12",
            "price": "9.48",
            "revenue": 163040
        },
        "2003-01": {
            "month": "2003-01",
            "price": "12.57",
            "revenue": 146728
        },
        "2003-02": {
            "month": "2003-02",
            "price": "13.35",
            "revenue": 176356
        },
        "2003-03": {
            "month": "2003-03",
            "price": "13.02",
            "revenue": 177640
        },
        "2003-04": {
            "month": "2003-04",
            "price": "12.52",
            "revenue": 177867
        },
        "2003-05": {
            "month": "2003-05",
            "price": "12.95",
            "revenue": 171531
        },
        "2003-06": {
            "month": "2003-06",
            "price": "14.25",
            "revenue": 209814
        },
        "2003-07": {
            "month": "2003-07",
            "price": "14.25",
            "revenue": 176139
        },
        "2003-08": {
            "month": "2003-08",
            "price": "13.88",
            "revenue": 187146
        },
        "2003-09": {
            "month": "2003-09",
            "price": "15.43",
            "revenue": 330097
        },
        "2003-10": {
            "month": "2003-10",
            "price": "15.60",
            "revenue": 195704
        },
        "2003-11": {
            "month": "2003-11",
            "price": "20.30",
            "revenue": 203355
        },
        "2003-12": {
            "month": "2003-12",
            "price": "28.81",
            "revenue": 240234
        },
        "2004-01": {
            "month": "2004-01",
            "price": "37.47",
            "revenue": 153708
        },
        "2004-02": {
            "month": "2004-02",
            "price": "29.10",
            "revenue": 266710
        },
        "2004-03": {
            "month": "2004-03",
            "price": "23.80",
            "revenue": 322419
        },
        "2004-04": {
            "month": "2004-04",
            "price": "25.03",
            "revenue": 225001
        },
        "2004-05": {
            "month": "2004-05",
            "price": "21.06",
            "revenue": 358969
        },
        "2004-06": {
            "month": "2004-06",
            "price": "22.20",
            "revenue": 516953
        },
        "2004-07": {
            "month": "2004-07",
            "price": "19.27",
            "revenue": 299546
        },
        "2004-08": {
            "month": "2004-08",
            "price": "17.86",
            "revenue": 270698
        },
        "2004-09": {
            "month": "2004-09",
            "price": "17.98",
            "revenue": 262529
        },
        "2004-10": {
            "month": "2004-10",
            "price": "20.52",
            "revenue": 211712
        },
        "2004-11": {
            "month": "2004-11",
            "price": "18.12",
            "revenue": 289482
        },
        "2004-12": {
            "month": "2004-12",
            "price": "12.31",
            "revenue": 270119
        },
        "2005-01": {
            "month": "2005-01",
            "price": "12.04",
            "revenue": 188220
        },
        "2005-02": {
            "month": "2005-02",
            "price": "11.94",
            "revenue": 287326
        },
        "2005-03": {
            "month": "2005-03",
            "price": "11.94",
            "revenue": 275782
        },
        "2005-04": {
            "month": "2005-04",
            "price": "10.17",
            "revenue": 236802
        },
        "2005-05": {
            "month": "2005-05",
            "price": "9.23",
            "revenue": 294827
        },
        "2005-06": {
            "month": "2005-06",
            "price": "10.35",
            "revenue": 220423
        },
        "2005-07": {
            "month": "2005-07",
            "price": "10.22",
            "revenue": 307207
        },
        "2005-08": {
            "month": "2005-08",
            "price": "9.34",
            "revenue": 379973
        },
        "2005-09": {
            "month": "2005-09",
            "price": "7.88",
            "revenue": 278865
        },
        "2005-10": {
            "month": "2005-10",
            "price": "7.00",
            "revenue": 453646
        },
        "2005-11": {
            "month": "2005-11",
            "price": "6.46",
            "revenue": 336742
        },
        "2005-12": {
            "month": "2005-12",
            "price": "6.97",
            "revenue": 419992
        },
        "2006-01": {
            "month": "2006-01",
            "price": "6.92",
            "revenue": 164058
        },
        "2006-02": {
            "month": "2006-02",
            "price": "6.54",
            "revenue": 411666
        },
        "2006-03": {
            "month": "2006-03",
            "price": "6.02",
            "revenue": 309968
        },
        "2006-04": {
            "month": "2006-04",
            "price": "6.54",
            "revenue": 299553
        },
        "2006-05": {
            "month": "2006-05",
            "price": "7.57",
            "revenue": 392240
        },
        "2006-06": {
            "month": "2006-06",
            "price": "6.61",
            "revenue": 339412
        },
        "2006-07": {
            "month": "2006-07",
            "price": "6.54",
            "revenue": 297776
        },
        "2006-08": {
            "month": "2006-08",
            "price": "6.38",
            "revenue": 429187
        },
        "2006-09": {
            "month": "2006-09",
            "price": "6.11",
            "revenue": 298447
        },
        "2006-10": {
            "month": "2006-10",
            "price": "6.84",
            "revenue": 475240
        },
        "2006-11": {
            "month": "2006-11",
            "price": "7.72",
            "revenue": 305379
        },
        "2006-12": {
            "month": "2006-12",
            "price": "8.87",
            "revenue": 466257
        },
        "2007-01": {
            "month": "2007-01",
            "price": "8.51",
            "revenue": 265777
        },
        "2007-02": {
            "month": "2007-02",
            "price": "8.30",
            "revenue": 218081
        },
        "2007-03": {
            "month": "2007-03",
            "price": "8.18",
            "revenue": 383854
        },
        "2007-04": {
            "month": "2007-04",
            "price": "9.43",
            "revenue": 277053
        },
        "2007-05": {
            "month": "2007-05",
            "price": "11.71",
            "revenue": 410593
        },
        "2007-06": {
            "month": "2007-06",
            "price": "11.62",
            "revenue": 315686
        },
        "2007-07": {
            "month": "2007-07",
            "price": "13.13",
            "revenue": 288567
        },
        "2007-08": {
            "month": "2007-08",
            "price": "11.15",
            "revenue": 438555
        },
        "2007-09": {
            "month": "2007-09",
            "price": "11.69",
            "revenue": 253508
        },
        "2007-10": {
            "month": "2007-10",
            "price": "10.80",
            "revenue": 237717
        },
        "2007-11": {
            "month": "2007-11",
            "price": "11.24",
            "revenue": 263159
        },
        "2007-12": {
            "month": "2007-12",
            "price": "11.15",
            "revenue": 592323
        },
        "2008-01": {
            "month": "2008-01",
            "price": "10.41",
            "revenue": 221879
        },
        "2008-02": {
            "month": "2008-02",
            "price": "10.01",
            "revenue": 243342
        },
        "2008-03": {
            "month": "2008-03",
            "price": "10.89",
            "revenue": 272964
        },
        "2008-04": {
            "month": "2008-04",
            "price": "12.23",
            "revenue": 264098
        },
        "2008-05": {
            "month": "2008-05",
            "price": "12.03",
            "revenue": 229679
        },
        "2008-06": {
            "month": "2008-06",
            "price": "10.93",
            "revenue": 297722
        },
        "2008-07": {
            "month": "2008-07",
            "price": "9.16",
            "revenue": 255152
        },
        "2008-08": {
            "month": "2008-08",
            "price": "9.00",
            "revenue": 268249
        },
        "2008-09": {
            "month": "2008-09",
            "price": "7.10",
            "revenue": 397721
        },
        "2008-10": {
            "month": "2008-10",
            "price": "6.22",
            "revenue": 232451
        },
        "2008-11": {
            "month": "2008-11",
            "price": "5.05",
            "revenue": 172631
        },
        "2008-12": {
            "month": "2008-12",
            "price": "4.87",
            "revenue": 296315
        },
        "2009-01": {
            "month": "2009-01",
            "price": "5.08",
            "revenue": 154160
        },
        "2009-02": {
            "month": "2009-02",
            "price": "7.01",
            "revenue": 142597
        },
        "2009-03": {
            "month": "2009-03",
            "price": "11.20",
            "revenue": 262028
        },
        "2009-04": {
            "month": "2009-04",
            "price": "11.89",
            "revenue": 189532
        },
        "2009-05": {
            "month": "2009-05",
            "price": "20.00",
            "revenue": 236486
        },
        "2009-06": {
            "month": "2009-06",
            "price": "21.18",
            "revenue": 281035
        },
        "2009-07": {
            "month": "2009-07",
            "price": "21.42",
            "revenue": 228377
        },
        "2009-08": {
            "month": "2009-08",
            "price": "19.71",
            "revenue": 179025
        },
        "2009-09": {
            "month": "2009-09",
            "price": "21.60",
            "revenue": 429616
        },
        "2009-10": {
            "month": "2009-10",
            "price": "22.67",
            "revenue": 169078
        },
        "2009-11": {
            "month": "2009-11",
            "price": "22.68",
            "revenue": 268814
        },
        "2009-12": {
            "month": "2009-12",
            "price": "22.09",
            "revenue": 318811
        },
        "2010-01": {
            "month": "2010-01",
            "price": "22.20",
            "revenue": 178075
        },
        "2010-02": {
            "month": "2010-02",
            "price": "19.18",
            "revenue": 151431
        },
        "2010-03": {
            "month": "2010-03",
            "price": "20.18",
            "revenue": 350275
        },
        "2010-04": {
            "month": "2010-04",
            "price": "20.46",
            "revenue": 271803
        },
        "2010-05": {
            "month": "2010-05",
            "price": "17.29",
            "revenue": 358740
        },
        "2010-06": {
            "month": "2010-06",
            "price": "17.08",
            "revenue": 250838
        },
        "2010-07": {
            "month": "2010-07",
            "price": "17.39",
            "revenue": 256216
        },
        "2010-08": {
            "month": "2010-08",
            "price": "19.29",
            "revenue": 443968
        },
        "2010-09": {
            "month": "2010-09",
            "price": "21.00",
            "revenue": 446151
        },
        "2010-10": {
            "month": "2010-10",
            "price": "21.14",
            "revenue": 401761
        },
        "2010-11": {
            "month": "2010-11",
            "price": "21.05",
            "revenue": 324226
        },
        "2010-12": {
            "month": "2010-12",
            "price": "21.92",
            "revenue": 235398
        },
        "2011-01": {
            "month": "2011-01",
            "price": "22.17",
            "revenue": 205535
        },
        "2011-02": {
            "month": "2011-02",
            "price": "20.12",
            "revenue": 311289
        },
        "2011-03": {
            "month": "2011-03",
            "price": "19.84",
            "revenue": 348665
        },
        "2011-04": {
            "month": "2011-04",
            "price": "20.14",
            "revenue": 248994
        },
        "2011-05": {
            "month": "2011-05",
            "price": "18.07",
            "revenue": 290020
        },
        "2011-06": {
            "month": "2011-06",
            "price": "17.19",
            "revenue": 287646
        },
        "2011-07": {
            "month": "2011-07",
            "price": "16.18",
            "revenue": 407735
        },
        "2011-08": {
            "month": "2011-08",
            "price": "13.01",
            "revenue": 319520
        },
        "2011-09": {
            "month": "2011-09",
            "price": "11.46",
            "revenue": 283475
        },
        "2011-10": {
            "month": "2011-10",
            "price": "11.03",
            "revenue": 280398
        },
        "2011-11": {
            "month": "2011-11",
            "price": "10.54",
            "revenue": 119076
        },
        "2011-12": {
            "month": "2011-12",
            "price": "8.77",
            "revenue": 337684
        },
        "2012-01": {
            "month": "2012-01",
            "price": "9.18",
            "revenue": 87873
        },
        "2012-02": {
            "month": "2012-02",
            "price": "11.40",
            "revenue": 174982
        },
        "2012-03": {
            "month": "2012-03",
            "price": "11.25",
            "revenue": 191001
        },
        "2012-04": {
            "month": "2012-04",
            "price": "10.44",
            "revenue": 562548
        },
        "2012-05": {
            "month": "2012-05",
            "price": "10.10",
            "revenue": 468341
        },
        "2012-06": {
            "month": "2012-06",
            "price": "9.90",
            "revenue": 395482
        },
        "2012-07": {
            "month": "2012-07",
            "price": "10.09",
            "revenue": 341469
        },
        "2012-08": {
            "month": "2012-08",
            "price": "10.52",
            "revenue": 616645
        },
        "2012-09": {
            "month": "2012-09",
            "price": "11.64",
            "revenue": 201338
        },
        "2012-10": {
            "month": "2012-10",
            "price": "10.74",
            "revenue": 175536
        },
        "2012-11": {
            "month": "2012-11",
            "price": "10.55",
            "revenue": 573560
        },
        "2012-12": {
            "month": "2012-12",
            "price": "11.27",
            "revenue": 197830
        },
        "2013-01": {
            "month": "2013-01",
            "price": "11.31",
            "revenue": 181817
        },
        "2013-02": {
            "month": "2013-02",
            "price": "11.19",
            "revenue": 147071
        },
        "2013-03": {
            "month": "2013-03",
            "price": "11.20",
            "revenue": 271301
        },
        "2013-04": {
            "month": "2013-04",
            "price": "11.52",
            "revenue": 190004
        },
        "2013-05": {
            "month": "2013-05",
            "price": "11.60",
            "revenue": 244290
        },
        "2013-06": {
            "month": "2013-06",
            "price": "11.02",
            "revenue": 175865
        },
        "2013-07": {
            "month": "2013-07",
            "price": "10.59",
            "revenue": 285925
        },
        "2013-08": {
            "month": "2013-08",
            "price": "10.03",
            "revenue": 173086
        },
        "2013-09": {
            "month": "2013-09",
            "price": "9.98",
            "revenue": 223497
        },
        "2013-10": {
            "month": "2013-10",
            "price": "10.10",
            "revenue": 223084
        },
        "2013-11": {
            "month": "2013-11",
            "price": "9.67",
            "revenue": 285010
        },
        "2013-12": {
            "month": "2013-12",
            "price": "9.70",
            "revenue": 132310
        },
        "2014-01": {
            "month": "2014-01",
            "price": "9.79",
            "revenue": 254309
        },
        "2014-02": {
            "month": "2014-02",
            "price": "9.83",
            "revenue": 193975
        },
        "2014-03": {
            "month": "2014-03",
            "price": "10.16",
            "revenue": 159564
        },
        "2014-04": {
            "month": "2014-04",
            "price": "9.91",
            "revenue": 143120
        },
        "2014-05": {
            "month": "2014-05",
            "price": "9.50",
            "revenue": 156858
        },
        "2014-06": {
            "month": "2014-06",
            "price": "9.43",
            "revenue": 247769
        },
        "2014-07": {
            "month": "2014-07",
            "price": "9.74",
            "revenue": 175637
        },
        "2014-08": {
            "month": "2014-08",
            "price": "9.47",
            "revenue": 93864
        },
        "2014-09": {
            "month": "2014-09",
            "price": "9.28",
            "revenue": 97506
        },
        "2014-10": {
            "month": "2014-10",
            "price": "8.38",
            "revenue": 86362
        },
        "2014-11": {
            "month": "2014-11",
            "price": "7.97",
            "revenue": 82127
        },
        "2014-12": {
            "month": "2014-12",
            "price": "8.13",
            "revenue": 116529
        },
        "2015-01": {
            "month": "2015-01",
            "price": "8.66",
            "revenue": 108139
        },
        "2015-02": {
            "month": "2015-02",
            "price": "9.05",
            "revenue": 87982
        },
        "2015-03": {
            "month": "2015-03",
            "price": "8.97",
            "revenue": 223385
        },
        "2015-04": {
            "month": "2015-04",
            "price": "8.79",
            "revenue": 110124
        },
        "2015-05": {
            "month": "2015-05",
            "price": "8.36",
            "revenue": 185870
        },
        "2015-06": {
            "month": "2015-06",
            "price": "7.33",
            "revenue": 89729
        },
        "2015-07": {
            "month": "2015-07",
            "price": "6.80",
            "revenue": 204771
        },
        "2015-08": {
            "month": "2015-08",
            "price": "6.45",
            "revenue": 288262
        },
        "2015-09": {
            "month": "2015-09",
            "price": "7.22",
            "revenue": 91604
        },
        "2015-10": {
            "month": "2015-10",
            "price": "7.06",
            "revenue": 157392
        },
        "2015-11": {
            "month": "2015-11",
            "price": "7.11",
            "revenue": 246175
        },
        "2015-12": {
            "month": "2015-12",
            "price": "7.06",
            "revenue": 520987
        },
        "2016-01": {
            "month": "2016-01",
            "price": "7.20",
            "revenue": 126472
        },
        "2016-02": {
            "month": "2016-02",
            "price": "7.42",
            "revenue": 141179
        },
        "2016-03": {
            "month": "2016-03",
            "price": "7.73",
            "revenue": 141206
        },
        "2016-04": {
            "month": "2016-04",
            "price": "8.28",
            "revenue": 121454
        },
        "2016-05": {
            "month": "2016-05",
            "price": "7.48",
            "revenue": 193362
        },
        "2016-06": {
            "month": "2016-06",
            "price": "7.54",
            "revenue": 328623
        },
        "2016-07": {
            "month": "2016-07",
            "price": "8.16",
            "revenue": 133845
        },
        "2016-08": {
            "month": "2016-08",
            "price": "8.10",
            "revenue": 198900
        },
        "2016-09": {
            "month": "2016-09",
            "price": "8.15",
            "revenue": 82415
        },
        "2016-10": {
            "month": "2016-10",
            "price": "7.86",
            "revenue": 124016
        },
        "2016-11": {
            "month": "2016-11",
            "price": "7.99",
            "revenue": 246894
        },
        "2016-12": {
            "month": "2016-12",
            "price": "8.39",
            "revenue": 131056
        },
        "2017-01": {
            "month": "2017-01",
            "price": "8.41",
            "revenue": 82952
        },
        "2017-02": {
            "month": "2017-02",
            "price": "8.97",
            "revenue": 110576
        },
        "2017-03": {
            "month": "2017-03",
            "price": "8.83",
            "revenue": 189317
        },
        "2017-04": {
            "month": "2017-04",
            "price": "8.47",
            "revenue": 146577
        },
        "2017-05": {
            "month": "2017-05",
            "price": "8.24",
            "revenue": 165184
        },
        "2017-06": {
            "month": "2017-06",
            "price": "8.35",
            "revenue": 397565
        },
        "2017-07": {
            "month": "2017-07",
            "price": "8.34",
            "revenue": 211532
        },
        "2017-08": {
            "month": "2017-08",
            "price": "8.72",
            "revenue": 143725
        },
        "2017-09": {
            "month": "2017-09",
            "price": "9.32",
            "revenue": 124039
        },
        "2017-10": {
            "month": "2017-10",
            "price": "9.11",
            "revenue": 128532
        },
        "2017-11": {
            "month": "2017-11",
            "price": "9.53",
            "revenue": 146708
        },
        "2017-12": {
            "month": "2017-12",
            "price": "9.31",
            "revenue": 272553
        },
        "2018-01": {
            "month": "2018-01",
            "price": "9.80",
            "revenue": 208651
        },
        "2018-02": {
            "month": "2018-02",
            "price": "9.31",
            "revenue": 81493
        },
        "2018-03": {
            "month": "2018-03",
            "price": "9.36",
            "revenue": 123174
        },
        "2018-04": {
            "month": "2018-04",
            "price": "9.85",
            "revenue": 194853
        },
        "2018-05": {
            "month": "2018-05",
            "price": "9.37",
            "revenue": 178308
        },
        "2018-06": {
            "month": "2018-06",
            "price": "9.71",
            "revenue": 396139
        },
        "2018-07": {
            "month": "2018-07",
            "price": "9.23",
            "revenue": 194596
        },
        "2018-08": {
            "month": "2018-08",
            "price": "8.99",
            "revenue": 240780
        },
        "2018-09": {
            "month": "2018-09",
            "price": "8.90",
            "revenue": 140348
        },
        "2018-10": {
            "month": "2018-10",
            "price": "8.27",
            "revenue": 135184
        },
        "2018-11": {
            "month": "2018-11",
            "price": "8.75",
            "revenue": 116442
        },
        "2018-12": {
            "month": "2018-12",
            "price": "8.69",
            "revenue": 109691
        },
        "2019-01": {
            "month": "2019-01",
            "price": "8.47",
            "revenue": 145365
        },
        "2019-02": {
            "month": "2019-02",
            "price": "8.62",
            "revenue": 147645
        },
        "2019-03": {
            "month": "2019-03",
            "price": "8.87",
            "revenue": 184265
        },
        "2019-04": {
            "month": "2019-04",
            "price": "8.64",
            "revenue": 158173
        },
        "2019-05": {
            "month": "2019-05",
            "price": "8.45",
            "revenue": 223902
        },
        "2019-06": {
            "month": "2019-06",
            "price": "8.49",
            "revenue": 164926
        },
        "2019-07": {
            "month": "2019-07",
            "price": "8.33",
            "revenue": 235397
        },
        "2019-08": {
            "month": "2019-08",
            "price": "8.17",
            "revenue": 172739
        },
        "2019-09": {
            "month": "2019-09",
            "price": "8.18",
            "revenue": 419515
        },
        "2019-10": {
            "month": "2019-10",
            "price": "8.55",
            "revenue": 250665
        },
        "2019-11": {
            "month": "2019-11",
            "price": "8.73",
            "revenue": 424301
        },
        "2019-12": {
            "month": "2019-12",
            "price": "9.25",
            "revenue": 230843
        },
        "2020-01": {
            "month": "2020-01",
            "price": "9.24",
            "revenue": 90271
        },
        "2020-02": {
            "month": "2020-02",
            "price": "8.68",
            "revenue": 169846
        },
        "2020-03": {
            "month": "2020-03",
            "price": "7.18",
            "revenue": 176162
        },
        "2020-04": {
            "month": "2020-04",
            "price": "7.37",
            "revenue": 198568
        },
        "2020-05": {
            "month": "2020-05",
            "price": "7.83",
            "revenue": 206328
        },
        "2020-06": {
            "month": "2020-06",
            "price": "8.35",
            "revenue": 144734
        },
        "2020-07": {
            "month": "2020-07",
            "price": "8.57",
            "revenue": 505642
        },
        "2020-08": {
            "month": "2020-08",
            "price": "8.82",
            "revenue": 276791
        },
        "2020-09": {
            "month": "2020-09",
            "price": "9.65",
            "revenue": 443209
        },
        "2020-10": {
            "month": "2020-10",
            "price": "10.90",
            "revenue": 215094
        },
        "2020-11": {
            "month": "2020-11",
            "price": "11.70",
            "revenue": 248374
        },
        "2020-12": {
            "month": "2020-12",
            "price": "12.98",
            "revenue": 147928
        },
        "2021-01": {
            "month": "2021-01",
            "price": "11.70",
            "revenue": 257430
        },
        "2021-02": {
            "month": "2021-02",
            "price": "12.39",
            "revenue": 352009
        },
        "2021-03": {
            "month": "2021-03",
            "price": "14.55",
            "revenue": 203031
        },
        "2021-04": {
            "month": "2021-04",
            "price": "18.78",
            "revenue": 176037
        },
        "2021-05": {
            "month": "2021-05",
            "price": "16.90",
            "revenue": 445601
        },
        "2021-06": {
            "month": "2021-06",
            "price": "16.87",
            "revenue": 131414
        },
        "2021-07": {
            "month": "2021-07",
            "price": "16.12",
            "revenue": 153537
        },
        "2021-08": {
            "month": "2021-08",
            "price": "13.81",
            "revenue": 143424
        },
        "2021-09": {
            "month": "2021-09",
            "price": "14.04",
            "revenue": 170373
        },
        "2021-10": {
            "month": "2021-10",
            "price": "14.11",
            "revenue": 432201
        },
        "2021-11": {
            "month": "2021-11",
            "price": "14.79",
            "revenue": 127702
        },
        "2021-12": {
            "month": "2021-12",
            "price": "14.43",
            "revenue": 211082
        },
        "2022-01": {
            "month": "2022-01",
            "price": "13.98",
            "revenue": 224176
        },
        "2022-02": {
            "month": "2022-02",
            "price": "13.69",
            "revenue": 139086
        },
        "2022-03": {
            "month": "2022-03",
            "price": "13.29",
            "revenue": 338319
        },
        "2022-04": {
            "month": "2022-04",
            "price": "13.77",
            "revenue": 122181
        },
        "2022-05": {
            "month": "2022-05",
            "price": "12.88",
            "revenue": 293935
        },
        "2022-06": {
            "month": "2022-06",
            "price": "13.23",
            "revenue": 113317
        },
        "2022-07": {
            "month": "2022-07",
            "price": "12.01",
            "revenue": 103947
        },
        "2022-08": {
            "month": "2022-08",
            "price": "12.60",
            "revenue": 405947
        },
        "2022-09": {
            "month": "2022-09",
            "price": "14.06",
            "revenue": 304615
        },
        "2022-10": {
            "month": "2022-10",
            "price": "13.85",
            "revenue": 335164
        },
        "2022-11": {
            "month": "2022-11",
            "price": "14.47",
            "revenue": 315167
        },
        "2022-12": {
            "month": "2022-12",
            "price": "14.30",
            "revenue": 168558
        },
        "2023-01": {
            "month": "2023-01",
            "price": "15.02",
            "revenue": 151877
        },
        "2023-02": {
            "month": "2023-02",
            "price": "14.95",
            "revenue": 220221
        },
        "2023-03": {
            "month": "2023-03",
            "price": "15.26",
            "revenue": 435227
        },
        "2023-04": {
            "month": "2023-04",
            "price": "18.28",
            "revenue": 329646
        },
        "2023-05": {
            "month": "2023-05",
            "price": "19.26",
            "revenue": 234673
        }
    }
}
