{
    "summary": {
        "stock_name": "艾美特-KY",
        "stock_id": "1626",
        "category": "電器電纜",
        "main_business": "電風扇、電暖器及各式小家電之研發、生產及銷售",
        "website_url": "http://www.airmate-china.com",
        "ceo": "史瑞斌",
        "pe_ratio": -22,
        "report_year_from": 2002,
        "report_year_to": 2023,
        "age": 22,
        "eps_negative_percentage": 42,
        "eps_growth_avg": {
            "last_all": -56.51,
            "last_2y": -95.85,
            "last_4y": -79.7,
            "last_8y": -84.77,
            "last_12y": null,
            "last_16y": null,
            "last_20y": null,
            "at_2006_last_3y": null,
            "at_2007_last_3y": null,
            "at_2008_last_3y": null,
            "at_2009_last_3y": null,
            "at_2010_last_3y": null,
            "at_2011_last_3y": null,
            "at_2012_last_3y": null,
            "at_2013_last_3y": null,
            "at_2014_last_3y": null,
            "at_2015_last_3y": null,
            "at_2016_last_3y": 0,
            "at_2017_last_3y": -100,
            "at_2018_last_3y": -100,
            "at_2019_last_3y": -100,
            "at_2020_last_3y": -73.7,
            "at_2021_last_3y": -73.7,
            "at_2022_last_3y": -73.7,
            "at_2023_last_3y": -79.7,
            "at_2024_last_3y": -79.7,
            "at_2006_last_all": null,
            "at_2007_last_all": null,
            "at_2008_last_all": null,
            "at_2009_last_all": null,
            "at_2010_last_all": null,
            "at_2011_last_all": null,
            "at_2012_last_all": null,
            "at_2013_last_all": null,
            "at_2014_last_all": 0,
            "at_2015_last_all": 0,
            "at_2016_last_all": 0,
            "at_2017_last_all": -33.33,
            "at_2018_last_all": -33.33,
            "at_2019_last_all": -33.33,
            "at_2020_last_all": -36.85,
            "at_2021_last_all": -49.48,
            "at_2022_last_all": -49.48,
            "at_2023_last_all": -56.51,
            "at_2024_last_all": -56.51
        },
        "latest_eps": -0.75,
        "latest_price": 16.65,
        "latest_roe": -3.44,
        "latest_gross_margin": 18.06,
        "latest_equity": 3224146,
        "latest_revenue": 1457187,
        "latest_gross_profit": 263106,
        "latest_net_income": -103899,
        "latest_debt_ratio": 63.55,
        "latest_current_ratio": 105.66,
        "latest_account_receivable_turnover_ratio": 0.62,
        "latest_inventory_turnover_ratio": 0.62,
        "latest_reinvestment_rate": 235.77,
        "latest_research_to_sale_ratio": 2.3
    },
    "eps_dividends": {
        "2001": {
            "cash": 0,
            "stock": 0,
            "eps": 0
        },
        "2002": {
            "cash": 0,
            "stock": 0,
            "eps": 0
        },
        "2003": {
            "cash": 0,
            "stock": 0,
            "eps": 0
        },
        "2004": {
            "cash": 0,
            "stock": 0,
            "eps": 0
        },
        "2005": {
            "cash": 0,
            "stock": 0,
            "eps": 0
        },
        "2006": {
            "cash": 0,
            "stock": 0,
            "eps": 0
        },
        "2007": {
            "cash": 0,
            "stock": 0,
            "eps": 0
        },
        "2008": {
            "cash": 0,
            "stock": 0,
            "eps": 0
        },
        "2009": {
            "cash": 0,
            "stock": 0,
            "eps": 0
        },
        "2010": {
            "cash": 0,
            "stock": 0,
            "eps": 0
        },
        "2011": {
            "cash": 0,
            "stock": 0,
            "eps": 0
        },
        "2012": {
            "cash": 0,
            "stock": 0,
            "eps": 0.58
        },
        "2013": {
            "cash": 2.5,
            "stock": 0,
            "eps": 5.2
        },
        "2014": {
            "cash": 2.55,
            "stock": 0,
            "eps": -2.7
        },
        "2015": {
            "cash": 0,
            "stock": 0,
            "eps": -0.77
        },
        "2016": {
            "cash": 0,
            "stock": 0,
            "eps": 2.3
        },
        "2017": {
            "cash": 1,
            "stock": 0,
            "eps": -0.28
        },
        "2018": {
            "cash": 0.1,
            "stock": 0,
            "eps": -0.12
        },
        "2019": {
            "cash": 0,
            "stock": 0,
            "eps": 2.11
        },
        "2020": {
            "cash": 0.8,
            "stock": 0.2,
            "eps": 1.11
        },
        "2021": {
            "cash": 0.6,
            "stock": 0.4,
            "eps": -2.13
        },
        "2022": {
            "cash": 0,
            "stock": 0,
            "eps": 3.25
        },
        "2023": {
            "cash": 0.5,
            "stock": 0.5,
            "eps": 0.27
        }
    },
    "dividends": {
        "2013-03-27": {
            "cash": 2.5,
            "stock": 0
        },
        "2014-09-29": {
            "cash": 2.55,
            "stock": 0
        },
        "2017-08-31": {
            "cash": 1,
            "stock": 0
        },
        "2018-08-23": {
            "cash": 0.1,
            "stock": 0
        },
        "2020-08-26": {
            "cash": 0.8,
            "stock": 0.2
        },
        "2021-10-20": {
            "cash": 0.6,
            "stock": 0.4
        },
        "2023-10-06": {
            "cash": 0.5,
            "stock": 0.5
        }
    },
    "prices": {
        "200101": "無",
        "200102": "無",
        "200103": "無",
        "200104": "無",
        "200105": "無",
        "200106": "無",
        "200107": "無",
        "200108": "無",
        "200109": "無",
        "200110": "無",
        "200111": "無",
        "200112": "無",
        "200201": "無",
        "200202": "無",
        "200203": "無",
        "200204": "無",
        "200205": "無",
        "200206": "無",
        "200207": "無",
        "200208": "無",
        "200209": "無",
        "200210": "無",
        "200211": "無",
        "200212": "無",
        "200301": "無",
        "200302": "無",
        "200303": "無",
        "200304": "無",
        "200305": "無",
        "200306": "無",
        "200307": "無",
        "200308": "無",
        "200309": "無",
        "200310": "無",
        "200311": "無",
        "200312": "無",
        "200401": "無",
        "200402": "無",
        "200403": "無",
        "200404": "無",
        "200405": "無",
        "200406": "無",
        "200407": "無",
        "200408": "無",
        "200409": "無",
        "200410": "無",
        "200411": "無",
        "200412": "無",
        "200501": "無",
        "200502": "無",
        "200503": "無",
        "200504": "無",
        "200505": "無",
        "200506": "無",
        "200507": "無",
        "200508": "無",
        "200509": "無",
        "200510": "無",
        "200511": "無",
        "200512": "無",
        "200601": "無",
        "200602": "無",
        "200603": "無",
        "200604": "無",
        "200605": "無",
        "200606": "無",
        "200607": "無",
        "200608": "無",
        "200609": "無",
        "200610": "無",
        "200611": "無",
        "200612": "無",
        "200701": "無",
        "200702": "無",
        "200703": "無",
        "200704": "無",
        "200705": "無",
        "200706": "無",
        "200707": "無",
        "200708": "無",
        "200709": "無",
        "200710": "無",
        "200711": "無",
        "200712": "無",
        "200801": "無",
        "200802": "無",
        "200803": "無",
        "200804": "無",
        "200805": "無",
        "200806": "無",
        "200807": "無",
        "200808": "無",
        "200809": "無",
        "200810": "無",
        "200811": "無",
        "200812": "無",
        "200901": "無",
        "200902": "無",
        "200903": "無",
        "200904": "無",
        "200905": "無",
        "200906": "無",
        "200907": "無",
        "200908": "無",
        "200909": "無",
        "200910": "無",
        "200911": "無",
        "200912": "無",
        "201001": "無",
        "201002": "無",
        "201003": "無",
        "201004": "無",
        "201005": "無",
        "201006": "無",
        "201007": "無",
        "201008": "無",
        "201009": "無",
        "201010": "無",
        "201011": "無",
        "201012": "無",
        "201101": "無",
        "201102": "無",
        "201103": "無",
        "201104": "無",
        "201105": "無",
        "201106": "無",
        "201107": "無",
        "201108": "無",
        "201109": "無",
        "201110": "無",
        "201111": "無",
        "201112": "無",
        "201201": "無",
        "201202": "無",
        "201203": "無",
        "201204": "無",
        "201205": "無",
        "201206": "無",
        "201207": "無",
        "201208": "無",
        "201209": "無",
        "201210": "65.62",
        "201211": "65.67",
        "201212": "64.59",
        "201301": "67.45",
        "201302": "77.27",
        "201303": "72.37",
        "201304": "70.04",
        "201305": "73.58",
        "201306": "70.84",
        "201307": "72.79",
        "201308": "81.28",
        "201309": "76.75",
        "201310": "79.83",
        "201311": "80.33",
        "201312": "82.82",
        "201401": "81.20",
        "201402": "78.43",
        "201403": "79.44",
        "201404": "77.70",
        "201405": "63.73",
        "201406": "60.50",
        "201407": "59.60",
        "201408": "51.38",
        "201409": "47.95",
        "201410": "39.21",
        "201411": "34.17",
        "201412": "32.98",
        "201501": "28.94",
        "201502": "28.42",
        "201503": "28.46",
        "201504": "29.54",
        "201505": "35.52",
        "201506": "30.18",
        "201507": "25.95",
        "201508": "23.95",
        "201509": "23.54",
        "201510": "24.19",
        "201511": "24.48",
        "201512": "22.10",
        "201601": "20.95",
        "201602": "21.60",
        "201603": "23.01",
        "201604": "23.11",
        "201605": "24.58",
        "201606": "26.07",
        "201607": "24.70",
        "201608": "27.57",
        "201609": "26.36",
        "201610": "26.98",
        "201611": "25.49",
        "201612": "25.98",
        "201701": "25.91",
        "201702": "26.13",
        "201703": "28.62",
        "201704": "29.29",
        "201705": "30.90",
        "201706": "31.12",
        "201707": "29.44",
        "201708": "27.43",
        "201709": "27.68",
        "201710": "29.26",
        "201711": "26.52",
        "201712": "23.71",
        "201801": "25.39",
        "201802": "23.38",
        "201803": "24.02",
        "201804": "23.04",
        "201805": "20.35",
        "201806": "21.14",
        "201807": "20.21",
        "201808": "18.35",
        "201809": "17.66",
        "201810": "15.12",
        "201811": "12.80",
        "201812": "13.38",
        "201901": "14.14",
        "201902": "15.80",
        "201903": "26.02",
        "201904": "24.94",
        "201905": "23.20",
        "201906": "24.93",
        "201907": "27.38",
        "201908": "30.78",
        "201909": "31.77",
        "201910": "30.94",
        "201911": "30.78",
        "201912": "29.35",
        "202001": "28.14",
        "202002": "27.38",
        "202003": "22.66",
        "202004": "22.98",
        "202005": "25.70",
        "202006": "27.74",
        "202007": "27.78",
        "202008": "26.03",
        "202009": "25.15",
        "202010": "24.19",
        "202011": "24.56",
        "202012": "22.95",
        "202101": "23.56",
        "202102": "25.45",
        "202103": "26.52",
        "202104": "27.97",
        "202105": "25.68",
        "202106": "25.37",
        "202107": "26.79",
        "202108": "24.84",
        "202109": "23.34",
        "202110": "20.32",
        "202111": "19.42",
        "202112": "19.69",
        "202201": "20.50",
        "202202": "21.34",
        "202203": "20.05",
        "202204": "20.18",
        "202205": "19.13",
        "202206": "18.51",
        "202207": "17.49",
        "202208": "19.16",
        "202209": "18.67",
        "202210": "16.64",
        "202211": "16.41",
        "202212": "16.94",
        "202301": "16.79",
        "202302": "17.51",
        "202303": "18.67",
        "202304": "18.58",
        "202305": "18.70",
        "202306": "18.65",
        "202307": "18.59",
        "202308": "17.72",
        "202309": "16.92",
        "202310": "16.93",
        "202311": "16.60",
        "202312": "16.59"
    },
    "quarters": {
        "20011": {
            "year_quarter": 20011,
            "year": 2001,
            "quarter": 1,
            "eps": null,
            "eps_growth_year": null,
            "eps_4q": null,
            "eps_4q_growth_year": null,
            "roe": null,
            "roe_4q": 0,
            "gross_profit": null,
            "gross_margin": null,
            "gross_margin_4q_avg": 0,
            "net_income": null,
            "net_income_4q": null,
            "revenue": null,
            "revenue_4q": null,
            "common_shares": null,
            "book_valuer_per_share": null,
            "book_valuer_per_share_4q_avg": 0,
            "equity": null,
            "current_ratio": null,
            "debt_ratio": null,
            "inventory_turnover_ratio": null,
            "account_receivable_turnover_ratio": null,
            "reinvestment_rate": null,
            "research_to_sale_ratio": null,
            "price_fair": 0,
            "eps_avg_yearly": 0,
            "eps_latest_yearly": 0,
            "eps_growth_yearly": 0
        },
        "20012": {
            "year_quarter": 20012,
            "year": 2001,
            "quarter": 2,
            "eps": null,
            "eps_growth_year": null,
            "eps_4q": null,
            "eps_4q_growth_year": null,
            "roe": null,
            "roe_4q": 0,
            "gross_profit": null,
            "gross_margin": null,
            "gross_margin_4q_avg": 0,
            "net_income": null,
            "net_income_4q": null,
            "revenue": null,
            "revenue_4q": null,
            "common_shares": null,
            "book_valuer_per_share": null,
            "book_valuer_per_share_4q_avg": 0,
            "equity": null,
            "current_ratio": null,
            "debt_ratio": null,
            "inventory_turnover_ratio": null,
            "account_receivable_turnover_ratio": null,
            "reinvestment_rate": null,
            "research_to_sale_ratio": null,
            "price_fair": 0,
            "eps_avg_yearly": 0,
            "eps_latest_yearly": 0,
            "eps_growth_yearly": 0
        },
        "20013": {
            "year_quarter": 20013,
            "year": 2001,
            "quarter": 3,
            "eps": null,
            "eps_growth_year": null,
            "eps_4q": null,
            "eps_4q_growth_year": null,
            "roe": null,
            "roe_4q": 0,
            "gross_profit": null,
            "gross_margin": null,
            "gross_margin_4q_avg": 0,
            "net_income": null,
            "net_income_4q": null,
            "revenue": null,
            "revenue_4q": null,
            "common_shares": null,
            "book_valuer_per_share": null,
            "book_valuer_per_share_4q_avg": 0,
            "equity": null,
            "current_ratio": null,
            "debt_ratio": null,
            "inventory_turnover_ratio": null,
            "account_receivable_turnover_ratio": null,
            "reinvestment_rate": null,
            "research_to_sale_ratio": null,
            "price_fair": 0,
            "eps_avg_yearly": 0,
            "eps_latest_yearly": 0,
            "eps_growth_yearly": 0
        },
        "20014": {
            "year_quarter": 20014,
            "year": 2001,
            "quarter": 4,
            "eps": null,
            "eps_growth_year": null,
            "eps_4q": null,
            "eps_4q_growth_year": null,
            "roe": null,
            "roe_4q": 0,
            "gross_profit": null,
            "gross_margin": null,
            "gross_margin_4q_avg": 0,
            "net_income": null,
            "net_income_4q": null,
            "revenue": null,
            "revenue_4q": null,
            "common_shares": null,
            "book_valuer_per_share": null,
            "book_valuer_per_share_4q_avg": 0,
            "equity": null,
            "current_ratio": null,
            "debt_ratio": null,
            "inventory_turnover_ratio": null,
            "account_receivable_turnover_ratio": null,
            "reinvestment_rate": null,
            "research_to_sale_ratio": null,
            "price_fair": 0,
            "eps_avg_yearly": 0,
            "eps_latest_yearly": 0,
            "eps_growth_yearly": 0
        },
        "20021": {
            "year_quarter": 20021,
            "year": 2002,
            "quarter": 1,
            "eps": null,
            "eps_growth_year": null,
            "eps_4q": null,
            "eps_4q_growth_year": null,
            "roe": null,
            "roe_4q": 0,
            "gross_profit": null,
            "gross_margin": null,
            "gross_margin_4q_avg": 0,
            "net_income": null,
            "net_income_4q": null,
            "revenue": null,
            "revenue_4q": null,
            "common_shares": null,
            "book_valuer_per_share": null,
            "book_valuer_per_share_4q_avg": 0,
            "equity": null,
            "current_ratio": null,
            "debt_ratio": null,
            "inventory_turnover_ratio": null,
            "account_receivable_turnover_ratio": null,
            "reinvestment_rate": null,
            "research_to_sale_ratio": null,
            "price_fair": 0,
            "eps_avg_yearly": 0,
            "eps_latest_yearly": 0,
            "eps_growth_yearly": 0
        },
        "20022": {
            "year_quarter": 20022,
            "year": 2002,
            "quarter": 2,
            "eps": null,
            "eps_growth_year": null,
            "eps_4q": null,
            "eps_4q_growth_year": null,
            "roe": null,
            "roe_4q": 0,
            "gross_profit": null,
            "gross_margin": null,
            "gross_margin_4q_avg": 0,
            "net_income": null,
            "net_income_4q": null,
            "revenue": null,
            "revenue_4q": null,
            "common_shares": null,
            "book_valuer_per_share": null,
            "book_valuer_per_share_4q_avg": 0,
            "equity": null,
            "current_ratio": null,
            "debt_ratio": null,
            "inventory_turnover_ratio": null,
            "account_receivable_turnover_ratio": null,
            "reinvestment_rate": null,
            "research_to_sale_ratio": null,
            "price_fair": 0,
            "eps_avg_yearly": 0,
            "eps_latest_yearly": 0,
            "eps_growth_yearly": 0
        },
        "20023": {
            "year_quarter": 20023,
            "year": 2002,
            "quarter": 3,
            "eps": null,
            "eps_growth_year": null,
            "eps_4q": null,
            "eps_4q_growth_year": null,
            "roe": null,
            "roe_4q": 0,
            "gross_profit": null,
            "gross_margin": null,
            "gross_margin_4q_avg": 0,
            "net_income": null,
            "net_income_4q": null,
            "revenue": null,
            "revenue_4q": null,
            "common_shares": null,
            "book_valuer_per_share": null,
            "book_valuer_per_share_4q_avg": 0,
            "equity": null,
            "current_ratio": null,
            "debt_ratio": null,
            "inventory_turnover_ratio": null,
            "account_receivable_turnover_ratio": null,
            "reinvestment_rate": null,
            "research_to_sale_ratio": null,
            "price_fair": 0,
            "eps_avg_yearly": 0,
            "eps_latest_yearly": 0,
            "eps_growth_yearly": 0
        },
        "20024": {
            "year_quarter": 20024,
            "year": 2002,
            "quarter": 4,
            "eps": null,
            "eps_growth_year": null,
            "eps_4q": null,
            "eps_4q_growth_year": null,
            "roe": null,
            "roe_4q": 0,
            "gross_profit": null,
            "gross_margin": null,
            "gross_margin_4q_avg": 0,
            "net_income": null,
            "net_income_4q": null,
            "revenue": null,
            "revenue_4q": null,
            "common_shares": null,
            "book_valuer_per_share": null,
            "book_valuer_per_share_4q_avg": 0,
            "equity": null,
            "current_ratio": null,
            "debt_ratio": null,
            "inventory_turnover_ratio": null,
            "account_receivable_turnover_ratio": null,
            "reinvestment_rate": null,
            "research_to_sale_ratio": null,
            "price_fair": 0,
            "eps_avg_yearly": 0,
            "eps_latest_yearly": 0,
            "eps_growth_yearly": 0
        },
        "20031": {
            "year_quarter": 20031,
            "year": 2003,
            "quarter": 1,
            "eps": null,
            "eps_growth_year": null,
            "eps_4q": null,
            "eps_4q_growth_year": null,
            "roe": null,
            "roe_4q": 0,
            "gross_profit": null,
            "gross_margin": null,
            "gross_margin_4q_avg": 0,
            "net_income": null,
            "net_income_4q": null,
            "revenue": null,
            "revenue_4q": null,
            "common_shares": null,
            "book_valuer_per_share": null,
            "book_valuer_per_share_4q_avg": 0,
            "equity": null,
            "current_ratio": null,
            "debt_ratio": null,
            "inventory_turnover_ratio": null,
            "account_receivable_turnover_ratio": null,
            "reinvestment_rate": null,
            "research_to_sale_ratio": null,
            "price_fair": 0,
            "eps_avg_yearly": 0,
            "eps_latest_yearly": 0,
            "eps_growth_yearly": 0
        },
        "20032": {
            "year_quarter": 20032,
            "year": 2003,
            "quarter": 2,
            "eps": null,
            "eps_growth_year": null,
            "eps_4q": null,
            "eps_4q_growth_year": null,
            "roe": null,
            "roe_4q": 0,
            "gross_profit": null,
            "gross_margin": null,
            "gross_margin_4q_avg": 0,
            "net_income": null,
            "net_income_4q": null,
            "revenue": null,
            "revenue_4q": null,
            "common_shares": null,
            "book_valuer_per_share": null,
            "book_valuer_per_share_4q_avg": 0,
            "equity": null,
            "current_ratio": null,
            "debt_ratio": null,
            "inventory_turnover_ratio": null,
            "account_receivable_turnover_ratio": null,
            "reinvestment_rate": null,
            "research_to_sale_ratio": null,
            "price_fair": 0,
            "eps_avg_yearly": 0,
            "eps_latest_yearly": 0,
            "eps_growth_yearly": 0
        },
        "20033": {
            "year_quarter": 20033,
            "year": 2003,
            "quarter": 3,
            "eps": null,
            "eps_growth_year": null,
            "eps_4q": null,
            "eps_4q_growth_year": null,
            "roe": null,
            "roe_4q": 0,
            "gross_profit": null,
            "gross_margin": null,
            "gross_margin_4q_avg": 0,
            "net_income": null,
            "net_income_4q": null,
            "revenue": null,
            "revenue_4q": null,
            "common_shares": null,
            "book_valuer_per_share": null,
            "book_valuer_per_share_4q_avg": 0,
            "equity": null,
            "current_ratio": null,
            "debt_ratio": null,
            "inventory_turnover_ratio": null,
            "account_receivable_turnover_ratio": null,
            "reinvestment_rate": null,
            "research_to_sale_ratio": null,
            "price_fair": 0,
            "eps_avg_yearly": 0,
            "eps_latest_yearly": 0,
            "eps_growth_yearly": 0
        },
        "20034": {
            "year_quarter": 20034,
            "year": 2003,
            "quarter": 4,
            "eps": null,
            "eps_growth_year": null,
            "eps_4q": null,
            "eps_4q_growth_year": null,
            "roe": null,
            "roe_4q": 0,
            "gross_profit": null,
            "gross_margin": null,
            "gross_margin_4q_avg": 0,
            "net_income": null,
            "net_income_4q": null,
            "revenue": null,
            "revenue_4q": null,
            "common_shares": null,
            "book_valuer_per_share": null,
            "book_valuer_per_share_4q_avg": 0,
            "equity": null,
            "current_ratio": null,
            "debt_ratio": null,
            "inventory_turnover_ratio": null,
            "account_receivable_turnover_ratio": null,
            "reinvestment_rate": null,
            "research_to_sale_ratio": null,
            "price_fair": 0,
            "eps_avg_yearly": 0,
            "eps_latest_yearly": 0,
            "eps_growth_yearly": 0
        },
        "20041": {
            "year_quarter": 20041,
            "year": 2004,
            "quarter": 1,
            "eps": null,
            "eps_growth_year": null,
            "eps_4q": null,
            "eps_4q_growth_year": null,
            "roe": null,
            "roe_4q": 0,
            "gross_profit": null,
            "gross_margin": null,
            "gross_margin_4q_avg": 0,
            "net_income": null,
            "net_income_4q": null,
            "revenue": null,
            "revenue_4q": null,
            "common_shares": null,
            "book_valuer_per_share": null,
            "book_valuer_per_share_4q_avg": 0,
            "equity": null,
            "current_ratio": null,
            "debt_ratio": null,
            "inventory_turnover_ratio": null,
            "account_receivable_turnover_ratio": null,
            "reinvestment_rate": null,
            "research_to_sale_ratio": null,
            "price_fair": 0,
            "eps_avg_yearly": 0,
            "eps_latest_yearly": 0,
            "eps_growth_yearly": 0
        },
        "20042": {
            "year_quarter": 20042,
            "year": 2004,
            "quarter": 2,
            "eps": null,
            "eps_growth_year": null,
            "eps_4q": null,
            "eps_4q_growth_year": null,
            "roe": null,
            "roe_4q": 0,
            "gross_profit": null,
            "gross_margin": null,
            "gross_margin_4q_avg": 0,
            "net_income": null,
            "net_income_4q": null,
            "revenue": null,
            "revenue_4q": null,
            "common_shares": null,
            "book_valuer_per_share": null,
            "book_valuer_per_share_4q_avg": 0,
            "equity": null,
            "current_ratio": null,
            "debt_ratio": null,
            "inventory_turnover_ratio": null,
            "account_receivable_turnover_ratio": null,
            "reinvestment_rate": null,
            "research_to_sale_ratio": null,
            "price_fair": 0,
            "eps_avg_yearly": 0,
            "eps_latest_yearly": 0,
            "eps_growth_yearly": 0
        },
        "20043": {
            "year_quarter": 20043,
            "year": 2004,
            "quarter": 3,
            "eps": null,
            "eps_growth_year": null,
            "eps_4q": null,
            "eps_4q_growth_year": null,
            "roe": null,
            "roe_4q": 0,
            "gross_profit": null,
            "gross_margin": null,
            "gross_margin_4q_avg": 0,
            "net_income": null,
            "net_income_4q": null,
            "revenue": null,
            "revenue_4q": null,
            "common_shares": null,
            "book_valuer_per_share": null,
            "book_valuer_per_share_4q_avg": 0,
            "equity": null,
            "current_ratio": null,
            "debt_ratio": null,
            "inventory_turnover_ratio": null,
            "account_receivable_turnover_ratio": null,
            "reinvestment_rate": null,
            "research_to_sale_ratio": null,
            "price_fair": 0,
            "eps_avg_yearly": 0,
            "eps_latest_yearly": 0,
            "eps_growth_yearly": 0
        },
        "20044": {
            "year_quarter": 20044,
            "year": 2004,
            "quarter": 4,
            "eps": null,
            "eps_growth_year": null,
            "eps_4q": null,
            "eps_4q_growth_year": null,
            "roe": null,
            "roe_4q": 0,
            "gross_profit": null,
            "gross_margin": null,
            "gross_margin_4q_avg": 0,
            "net_income": null,
            "net_income_4q": null,
            "revenue": null,
            "revenue_4q": null,
            "common_shares": null,
            "book_valuer_per_share": null,
            "book_valuer_per_share_4q_avg": 0,
            "equity": null,
            "current_ratio": null,
            "debt_ratio": null,
            "inventory_turnover_ratio": null,
            "account_receivable_turnover_ratio": null,
            "reinvestment_rate": null,
            "research_to_sale_ratio": null,
            "price_fair": 0,
            "eps_avg_yearly": 0,
            "eps_latest_yearly": 0,
            "eps_growth_yearly": 0
        },
        "20051": {
            "year_quarter": 20051,
            "year": 2005,
            "quarter": 1,
            "eps": null,
            "eps_growth_year": null,
            "eps_4q": null,
            "eps_4q_growth_year": null,
            "roe": null,
            "roe_4q": 0,
            "gross_profit": null,
            "gross_margin": null,
            "gross_margin_4q_avg": 0,
            "net_income": null,
            "net_income_4q": null,
            "revenue": null,
            "revenue_4q": null,
            "common_shares": null,
            "book_valuer_per_share": null,
            "book_valuer_per_share_4q_avg": 0,
            "equity": null,
            "current_ratio": null,
            "debt_ratio": null,
            "inventory_turnover_ratio": null,
            "account_receivable_turnover_ratio": null,
            "reinvestment_rate": null,
            "research_to_sale_ratio": null,
            "price_fair": 0,
            "eps_avg_yearly": 0,
            "eps_latest_yearly": 0,
            "eps_growth_yearly": 0
        },
        "20052": {
            "year_quarter": 20052,
            "year": 2005,
            "quarter": 2,
            "eps": null,
            "eps_growth_year": null,
            "eps_4q": null,
            "eps_4q_growth_year": null,
            "roe": null,
            "roe_4q": 0,
            "gross_profit": null,
            "gross_margin": null,
            "gross_margin_4q_avg": 0,
            "net_income": null,
            "net_income_4q": null,
            "revenue": null,
            "revenue_4q": null,
            "common_shares": null,
            "book_valuer_per_share": null,
            "book_valuer_per_share_4q_avg": 0,
            "equity": null,
            "current_ratio": null,
            "debt_ratio": null,
            "inventory_turnover_ratio": null,
            "account_receivable_turnover_ratio": null,
            "reinvestment_rate": null,
            "research_to_sale_ratio": null,
            "price_fair": 0,
            "eps_avg_yearly": 0,
            "eps_latest_yearly": 0,
            "eps_growth_yearly": 0
        },
        "20053": {
            "year_quarter": 20053,
            "year": 2005,
            "quarter": 3,
            "eps": null,
            "eps_growth_year": null,
            "eps_4q": null,
            "eps_4q_growth_year": null,
            "roe": null,
            "roe_4q": 0,
            "gross_profit": null,
            "gross_margin": null,
            "gross_margin_4q_avg": 0,
            "net_income": null,
            "net_income_4q": null,
            "revenue": null,
            "revenue_4q": null,
            "common_shares": null,
            "book_valuer_per_share": null,
            "book_valuer_per_share_4q_avg": 0,
            "equity": null,
            "current_ratio": null,
            "debt_ratio": null,
            "inventory_turnover_ratio": null,
            "account_receivable_turnover_ratio": null,
            "reinvestment_rate": null,
            "research_to_sale_ratio": null,
            "price_fair": 0,
            "eps_avg_yearly": 0,
            "eps_latest_yearly": 0,
            "eps_growth_yearly": 0
        },
        "20054": {
            "year_quarter": 20054,
            "year": 2005,
            "quarter": 4,
            "eps": null,
            "eps_growth_year": null,
            "eps_4q": null,
            "eps_4q_growth_year": null,
            "roe": null,
            "roe_4q": 0,
            "gross_profit": null,
            "gross_margin": null,
            "gross_margin_4q_avg": 0,
            "net_income": null,
            "net_income_4q": null,
            "revenue": null,
            "revenue_4q": null,
            "common_shares": null,
            "book_valuer_per_share": null,
            "book_valuer_per_share_4q_avg": 0,
            "equity": null,
            "current_ratio": null,
            "debt_ratio": null,
            "inventory_turnover_ratio": null,
            "account_receivable_turnover_ratio": null,
            "reinvestment_rate": null,
            "research_to_sale_ratio": null,
            "price_fair": 0,
            "eps_avg_yearly": 0,
            "eps_latest_yearly": 0,
            "eps_growth_yearly": 0
        },
        "20061": {
            "year_quarter": 20061,
            "year": 2006,
            "quarter": 1,
            "eps": null,
            "eps_growth_year": null,
            "eps_4q": null,
            "eps_4q_growth_year": null,
            "roe": null,
            "roe_4q": 0,
            "gross_profit": null,
            "gross_margin": null,
            "gross_margin_4q_avg": 0,
            "net_income": null,
            "net_income_4q": null,
            "revenue": null,
            "revenue_4q": null,
            "common_shares": null,
            "book_valuer_per_share": null,
            "book_valuer_per_share_4q_avg": 0,
            "equity": null,
            "current_ratio": null,
            "debt_ratio": null,
            "inventory_turnover_ratio": null,
            "account_receivable_turnover_ratio": null,
            "reinvestment_rate": null,
            "research_to_sale_ratio": null,
            "price_fair": 0,
            "eps_avg_yearly": 0,
            "eps_latest_yearly": 0,
            "eps_growth_yearly": 0
        },
        "20062": {
            "year_quarter": 20062,
            "year": 2006,
            "quarter": 2,
            "eps": null,
            "eps_growth_year": null,
            "eps_4q": null,
            "eps_4q_growth_year": null,
            "roe": null,
            "roe_4q": 0,
            "gross_profit": null,
            "gross_margin": null,
            "gross_margin_4q_avg": 0,
            "net_income": null,
            "net_income_4q": null,
            "revenue": null,
            "revenue_4q": null,
            "common_shares": null,
            "book_valuer_per_share": null,
            "book_valuer_per_share_4q_avg": 0,
            "equity": null,
            "current_ratio": null,
            "debt_ratio": null,
            "inventory_turnover_ratio": null,
            "account_receivable_turnover_ratio": null,
            "reinvestment_rate": null,
            "research_to_sale_ratio": null,
            "price_fair": 0,
            "eps_avg_yearly": 0,
            "eps_latest_yearly": 0,
            "eps_growth_yearly": 0
        },
        "20063": {
            "year_quarter": 20063,
            "year": 2006,
            "quarter": 3,
            "eps": null,
            "eps_growth_year": null,
            "eps_4q": null,
            "eps_4q_growth_year": null,
            "roe": null,
            "roe_4q": 0,
            "gross_profit": null,
            "gross_margin": null,
            "gross_margin_4q_avg": 0,
            "net_income": null,
            "net_income_4q": null,
            "revenue": null,
            "revenue_4q": null,
            "common_shares": null,
            "book_valuer_per_share": null,
            "book_valuer_per_share_4q_avg": 0,
            "equity": null,
            "current_ratio": null,
            "debt_ratio": null,
            "inventory_turnover_ratio": null,
            "account_receivable_turnover_ratio": null,
            "reinvestment_rate": null,
            "research_to_sale_ratio": null,
            "price_fair": 0,
            "eps_avg_yearly": 0,
            "eps_latest_yearly": 0,
            "eps_growth_yearly": 0
        },
        "20064": {
            "year_quarter": 20064,
            "year": 2006,
            "quarter": 4,
            "eps": null,
            "eps_growth_year": null,
            "eps_4q": null,
            "eps_4q_growth_year": null,
            "roe": null,
            "roe_4q": 0,
            "gross_profit": null,
            "gross_margin": null,
            "gross_margin_4q_avg": 0,
            "net_income": null,
            "net_income_4q": null,
            "revenue": null,
            "revenue_4q": null,
            "common_shares": null,
            "book_valuer_per_share": null,
            "book_valuer_per_share_4q_avg": 0,
            "equity": null,
            "current_ratio": null,
            "debt_ratio": null,
            "inventory_turnover_ratio": null,
            "account_receivable_turnover_ratio": null,
            "reinvestment_rate": null,
            "research_to_sale_ratio": null,
            "price_fair": 0,
            "eps_avg_yearly": 0,
            "eps_latest_yearly": 0,
            "eps_growth_yearly": 0
        },
        "20071": {
            "year_quarter": 20071,
            "year": 2007,
            "quarter": 1,
            "eps": null,
            "eps_growth_year": null,
            "eps_4q": null,
            "eps_4q_growth_year": null,
            "roe": null,
            "roe_4q": 0,
            "gross_profit": null,
            "gross_margin": null,
            "gross_margin_4q_avg": 0,
            "net_income": null,
            "net_income_4q": null,
            "revenue": null,
            "revenue_4q": null,
            "common_shares": null,
            "book_valuer_per_share": null,
            "book_valuer_per_share_4q_avg": 0,
            "equity": null,
            "current_ratio": null,
            "debt_ratio": null,
            "inventory_turnover_ratio": null,
            "account_receivable_turnover_ratio": null,
            "reinvestment_rate": null,
            "research_to_sale_ratio": null,
            "price_fair": 0,
            "eps_avg_yearly": 0,
            "eps_latest_yearly": 0,
            "eps_growth_yearly": 0
        },
        "20072": {
            "year_quarter": 20072,
            "year": 2007,
            "quarter": 2,
            "eps": null,
            "eps_growth_year": null,
            "eps_4q": null,
            "eps_4q_growth_year": null,
            "roe": null,
            "roe_4q": 0,
            "gross_profit": null,
            "gross_margin": null,
            "gross_margin_4q_avg": 0,
            "net_income": null,
            "net_income_4q": null,
            "revenue": null,
            "revenue_4q": null,
            "common_shares": null,
            "book_valuer_per_share": null,
            "book_valuer_per_share_4q_avg": 0,
            "equity": null,
            "current_ratio": null,
            "debt_ratio": null,
            "inventory_turnover_ratio": null,
            "account_receivable_turnover_ratio": null,
            "reinvestment_rate": null,
            "research_to_sale_ratio": null,
            "price_fair": 0,
            "eps_avg_yearly": 0,
            "eps_latest_yearly": 0,
            "eps_growth_yearly": 0
        },
        "20073": {
            "year_quarter": 20073,
            "year": 2007,
            "quarter": 3,
            "eps": null,
            "eps_growth_year": null,
            "eps_4q": null,
            "eps_4q_growth_year": null,
            "roe": null,
            "roe_4q": 0,
            "gross_profit": null,
            "gross_margin": null,
            "gross_margin_4q_avg": 0,
            "net_income": null,
            "net_income_4q": null,
            "revenue": null,
            "revenue_4q": null,
            "common_shares": null,
            "book_valuer_per_share": null,
            "book_valuer_per_share_4q_avg": 0,
            "equity": null,
            "current_ratio": null,
            "debt_ratio": null,
            "inventory_turnover_ratio": null,
            "account_receivable_turnover_ratio": null,
            "reinvestment_rate": null,
            "research_to_sale_ratio": null,
            "price_fair": 0,
            "eps_avg_yearly": 0,
            "eps_latest_yearly": 0,
            "eps_growth_yearly": 0
        },
        "20074": {
            "year_quarter": 20074,
            "year": 2007,
            "quarter": 4,
            "eps": null,
            "eps_growth_year": null,
            "eps_4q": null,
            "eps_4q_growth_year": null,
            "roe": null,
            "roe_4q": 0,
            "gross_profit": null,
            "gross_margin": null,
            "gross_margin_4q_avg": 0,
            "net_income": null,
            "net_income_4q": null,
            "revenue": null,
            "revenue_4q": null,
            "common_shares": null,
            "book_valuer_per_share": null,
            "book_valuer_per_share_4q_avg": 0,
            "equity": null,
            "current_ratio": null,
            "debt_ratio": null,
            "inventory_turnover_ratio": null,
            "account_receivable_turnover_ratio": null,
            "reinvestment_rate": null,
            "research_to_sale_ratio": null,
            "price_fair": 0,
            "eps_avg_yearly": 0,
            "eps_latest_yearly": 0,
            "eps_growth_yearly": 0
        },
        "20081": {
            "year_quarter": 20081,
            "year": 2008,
            "quarter": 1,
            "eps": null,
            "eps_growth_year": null,
            "eps_4q": null,
            "eps_4q_growth_year": null,
            "roe": null,
            "roe_4q": 0,
            "gross_profit": null,
            "gross_margin": null,
            "gross_margin_4q_avg": 0,
            "net_income": null,
            "net_income_4q": null,
            "revenue": null,
            "revenue_4q": null,
            "common_shares": null,
            "book_valuer_per_share": null,
            "book_valuer_per_share_4q_avg": 0,
            "equity": null,
            "current_ratio": null,
            "debt_ratio": null,
            "inventory_turnover_ratio": null,
            "account_receivable_turnover_ratio": null,
            "reinvestment_rate": null,
            "research_to_sale_ratio": null,
            "price_fair": 0,
            "eps_avg_yearly": 0,
            "eps_latest_yearly": 0,
            "eps_growth_yearly": 0
        },
        "20082": {
            "year_quarter": 20082,
            "year": 2008,
            "quarter": 2,
            "eps": null,
            "eps_growth_year": null,
            "eps_4q": null,
            "eps_4q_growth_year": null,
            "roe": null,
            "roe_4q": 0,
            "gross_profit": null,
            "gross_margin": null,
            "gross_margin_4q_avg": 0,
            "net_income": null,
            "net_income_4q": null,
            "revenue": null,
            "revenue_4q": null,
            "common_shares": null,
            "book_valuer_per_share": null,
            "book_valuer_per_share_4q_avg": 0,
            "equity": null,
            "current_ratio": null,
            "debt_ratio": null,
            "inventory_turnover_ratio": null,
            "account_receivable_turnover_ratio": null,
            "reinvestment_rate": null,
            "research_to_sale_ratio": null,
            "price_fair": 0,
            "eps_avg_yearly": 0,
            "eps_latest_yearly": 0,
            "eps_growth_yearly": 0
        },
        "20083": {
            "year_quarter": 20083,
            "year": 2008,
            "quarter": 3,
            "eps": null,
            "eps_growth_year": null,
            "eps_4q": null,
            "eps_4q_growth_year": null,
            "roe": null,
            "roe_4q": 0,
            "gross_profit": null,
            "gross_margin": null,
            "gross_margin_4q_avg": 0,
            "net_income": null,
            "net_income_4q": null,
            "revenue": null,
            "revenue_4q": null,
            "common_shares": null,
            "book_valuer_per_share": null,
            "book_valuer_per_share_4q_avg": 0,
            "equity": null,
            "current_ratio": null,
            "debt_ratio": null,
            "inventory_turnover_ratio": null,
            "account_receivable_turnover_ratio": null,
            "reinvestment_rate": null,
            "research_to_sale_ratio": null,
            "price_fair": 0,
            "eps_avg_yearly": 0,
            "eps_latest_yearly": 0,
            "eps_growth_yearly": 0
        },
        "20084": {
            "year_quarter": 20084,
            "year": 2008,
            "quarter": 4,
            "eps": null,
            "eps_growth_year": null,
            "eps_4q": null,
            "eps_4q_growth_year": null,
            "roe": null,
            "roe_4q": 0,
            "gross_profit": null,
            "gross_margin": null,
            "gross_margin_4q_avg": 0,
            "net_income": null,
            "net_income_4q": null,
            "revenue": null,
            "revenue_4q": null,
            "common_shares": 70189,
            "book_valuer_per_share": 140.48,
            "book_valuer_per_share_4q_avg": 35.12,
            "equity": 985984,
            "current_ratio": 88.29,
            "debt_ratio": 79.94,
            "inventory_turnover_ratio": null,
            "account_receivable_turnover_ratio": null,
            "reinvestment_rate": null,
            "research_to_sale_ratio": null,
            "price_fair": 0,
            "eps_avg_yearly": 0,
            "eps_latest_yearly": 0,
            "eps_growth_yearly": 0
        },
        "20091": {
            "year_quarter": 20091,
            "year": 2009,
            "quarter": 1,
            "eps": null,
            "eps_growth_year": null,
            "eps_4q": null,
            "eps_4q_growth_year": null,
            "roe": null,
            "roe_4q": 0,
            "gross_profit": null,
            "gross_margin": null,
            "gross_margin_4q_avg": 0,
            "net_income": null,
            "net_income_4q": null,
            "revenue": null,
            "revenue_4q": null,
            "common_shares": null,
            "book_valuer_per_share": null,
            "book_valuer_per_share_4q_avg": 35.12,
            "equity": null,
            "current_ratio": null,
            "debt_ratio": null,
            "inventory_turnover_ratio": null,
            "account_receivable_turnover_ratio": null,
            "reinvestment_rate": null,
            "research_to_sale_ratio": null,
            "price_fair": 0,
            "eps_avg_yearly": 0,
            "eps_latest_yearly": 0,
            "eps_growth_yearly": 0
        },
        "20092": {
            "year_quarter": 20092,
            "year": 2009,
            "quarter": 2,
            "eps": null,
            "eps_growth_year": null,
            "eps_4q": null,
            "eps_4q_growth_year": null,
            "roe": null,
            "roe_4q": 0,
            "gross_profit": null,
            "gross_margin": null,
            "gross_margin_4q_avg": 0,
            "net_income": null,
            "net_income_4q": null,
            "revenue": null,
            "revenue_4q": null,
            "common_shares": null,
            "book_valuer_per_share": null,
            "book_valuer_per_share_4q_avg": 35.12,
            "equity": null,
            "current_ratio": null,
            "debt_ratio": null,
            "inventory_turnover_ratio": null,
            "account_receivable_turnover_ratio": null,
            "reinvestment_rate": null,
            "research_to_sale_ratio": null,
            "price_fair": 0,
            "eps_avg_yearly": 0,
            "eps_latest_yearly": 0,
            "eps_growth_yearly": 0
        },
        "20093": {
            "year_quarter": 20093,
            "year": 2009,
            "quarter": 3,
            "eps": null,
            "eps_growth_year": null,
            "eps_4q": null,
            "eps_4q_growth_year": null,
            "roe": null,
            "roe_4q": 0,
            "gross_profit": null,
            "gross_margin": null,
            "gross_margin_4q_avg": 0,
            "net_income": null,
            "net_income_4q": null,
            "revenue": null,
            "revenue_4q": null,
            "common_shares": null,
            "book_valuer_per_share": null,
            "book_valuer_per_share_4q_avg": 35.12,
            "equity": null,
            "current_ratio": null,
            "debt_ratio": null,
            "inventory_turnover_ratio": null,
            "account_receivable_turnover_ratio": null,
            "reinvestment_rate": null,
            "research_to_sale_ratio": null,
            "price_fair": 0,
            "eps_avg_yearly": 0,
            "eps_latest_yearly": 0,
            "eps_growth_yearly": 0
        },
        "20094": {
            "year_quarter": 20094,
            "year": 2009,
            "quarter": 4,
            "eps": null,
            "eps_growth_year": null,
            "eps_4q": null,
            "eps_4q_growth_year": null,
            "roe": null,
            "roe_4q": 0,
            "gross_profit": null,
            "gross_margin": null,
            "gross_margin_4q_avg": 0,
            "net_income": null,
            "net_income_4q": null,
            "revenue": null,
            "revenue_4q": null,
            "common_shares": 94788,
            "book_valuer_per_share": 127.78,
            "book_valuer_per_share_4q_avg": 31.95,
            "equity": 1237748,
            "current_ratio": 87.54,
            "debt_ratio": 73.02,
            "inventory_turnover_ratio": null,
            "account_receivable_turnover_ratio": null,
            "reinvestment_rate": null,
            "research_to_sale_ratio": null,
            "price_fair": 0,
            "eps_avg_yearly": 0,
            "eps_latest_yearly": 0,
            "eps_growth_yearly": 0
        },
        "20101": {
            "year_quarter": 20101,
            "year": 2010,
            "quarter": 1,
            "eps": null,
            "eps_growth_year": null,
            "eps_4q": null,
            "eps_4q_growth_year": null,
            "roe": null,
            "roe_4q": 0,
            "gross_profit": null,
            "gross_margin": null,
            "gross_margin_4q_avg": 0,
            "net_income": null,
            "net_income_4q": null,
            "revenue": null,
            "revenue_4q": null,
            "common_shares": null,
            "book_valuer_per_share": null,
            "book_valuer_per_share_4q_avg": 31.95,
            "equity": null,
            "current_ratio": null,
            "debt_ratio": null,
            "inventory_turnover_ratio": null,
            "account_receivable_turnover_ratio": null,
            "reinvestment_rate": null,
            "research_to_sale_ratio": null,
            "price_fair": 0,
            "eps_avg_yearly": 0,
            "eps_latest_yearly": 0,
            "eps_growth_yearly": 0
        },
        "20102": {
            "year_quarter": 20102,
            "year": 2010,
            "quarter": 2,
            "eps": null,
            "eps_growth_year": null,
            "eps_4q": null,
            "eps_4q_growth_year": null,
            "roe": null,
            "roe_4q": 0,
            "gross_profit": null,
            "gross_margin": null,
            "gross_margin_4q_avg": 0,
            "net_income": null,
            "net_income_4q": null,
            "revenue": null,
            "revenue_4q": null,
            "common_shares": null,
            "book_valuer_per_share": null,
            "book_valuer_per_share_4q_avg": 31.95,
            "equity": null,
            "current_ratio": null,
            "debt_ratio": null,
            "inventory_turnover_ratio": null,
            "account_receivable_turnover_ratio": null,
            "reinvestment_rate": null,
            "research_to_sale_ratio": null,
            "price_fair": 0,
            "eps_avg_yearly": 0,
            "eps_latest_yearly": 0,
            "eps_growth_yearly": 0
        },
        "20103": {
            "year_quarter": 20103,
            "year": 2010,
            "quarter": 3,
            "eps": null,
            "eps_growth_year": null,
            "eps_4q": null,
            "eps_4q_growth_year": null,
            "roe": null,
            "roe_4q": 0,
            "gross_profit": null,
            "gross_margin": null,
            "gross_margin_4q_avg": 0,
            "net_income": null,
            "net_income_4q": null,
            "revenue": null,
            "revenue_4q": null,
            "common_shares": null,
            "book_valuer_per_share": null,
            "book_valuer_per_share_4q_avg": 31.95,
            "equity": null,
            "current_ratio": null,
            "debt_ratio": null,
            "inventory_turnover_ratio": null,
            "account_receivable_turnover_ratio": null,
            "reinvestment_rate": null,
            "research_to_sale_ratio": null,
            "price_fair": 0,
            "eps_avg_yearly": 0,
            "eps_latest_yearly": 0,
            "eps_growth_yearly": 0
        },
        "20104": {
            "year_quarter": 20104,
            "year": 2010,
            "quarter": 4,
            "eps": null,
            "eps_growth_year": null,
            "eps_4q": null,
            "eps_4q_growth_year": null,
            "roe": null,
            "roe_4q": 0,
            "gross_profit": null,
            "gross_margin": null,
            "gross_margin_4q_avg": 0,
            "net_income": null,
            "net_income_4q": null,
            "revenue": null,
            "revenue_4q": null,
            "common_shares": 97600,
            "book_valuer_per_share": 110.31,
            "book_valuer_per_share_4q_avg": 27.58,
            "equity": 1104704,
            "current_ratio": 84.41,
            "debt_ratio": 77.45,
            "inventory_turnover_ratio": null,
            "account_receivable_turnover_ratio": null,
            "reinvestment_rate": null,
            "research_to_sale_ratio": null,
            "price_fair": 0,
            "eps_avg_yearly": 0,
            "eps_latest_yearly": 0,
            "eps_growth_yearly": 0
        },
        "20111": {
            "year_quarter": 20111,
            "year": 2011,
            "quarter": 1,
            "eps": null,
            "eps_growth_year": null,
            "eps_4q": null,
            "eps_4q_growth_year": null,
            "roe": null,
            "roe_4q": 0,
            "gross_profit": null,
            "gross_margin": null,
            "gross_margin_4q_avg": 0,
            "net_income": null,
            "net_income_4q": null,
            "revenue": null,
            "revenue_4q": null,
            "common_shares": null,
            "book_valuer_per_share": null,
            "book_valuer_per_share_4q_avg": 27.58,
            "equity": null,
            "current_ratio": null,
            "debt_ratio": null,
            "inventory_turnover_ratio": null,
            "account_receivable_turnover_ratio": null,
            "reinvestment_rate": null,
            "research_to_sale_ratio": null,
            "price_fair": 0,
            "eps_avg_yearly": 0,
            "eps_latest_yearly": 0,
            "eps_growth_yearly": 0
        },
        "20112": {
            "year_quarter": 20112,
            "year": 2011,
            "quarter": 2,
            "eps": null,
            "eps_growth_year": null,
            "eps_4q": null,
            "eps_4q_growth_year": null,
            "roe": null,
            "roe_4q": 0,
            "gross_profit": null,
            "gross_margin": null,
            "gross_margin_4q_avg": 0,
            "net_income": null,
            "net_income_4q": null,
            "revenue": null,
            "revenue_4q": null,
            "common_shares": 97600,
            "book_valuer_per_share": null,
            "book_valuer_per_share_4q_avg": 27.58,
            "equity": 1168334,
            "current_ratio": null,
            "debt_ratio": null,
            "inventory_turnover_ratio": null,
            "account_receivable_turnover_ratio": null,
            "reinvestment_rate": null,
            "research_to_sale_ratio": null,
            "price_fair": 0,
            "eps_avg_yearly": 0,
            "eps_latest_yearly": 0,
            "eps_growth_yearly": 0
        },
        "20113": {
            "year_quarter": 20113,
            "year": 2011,
            "quarter": 3,
            "eps": null,
            "eps_growth_year": null,
            "eps_4q": null,
            "eps_4q_growth_year": null,
            "roe": null,
            "roe_4q": 0,
            "gross_profit": 489557,
            "gross_margin": null,
            "gross_margin_4q_avg": 0,
            "net_income": 26330,
            "net_income_4q": null,
            "revenue": 2480446,
            "revenue_4q": null,
            "common_shares": 97600,
            "book_valuer_per_share": 128.52,
            "book_valuer_per_share_4q_avg": 59.71,
            "equity": 1280866,
            "current_ratio": 86.53,
            "debt_ratio": 76.33,
            "inventory_turnover_ratio": null,
            "account_receivable_turnover_ratio": null,
            "reinvestment_rate": null,
            "research_to_sale_ratio": null,
            "price_fair": 0,
            "eps_avg_yearly": 0,
            "eps_latest_yearly": 0,
            "eps_growth_yearly": 0
        },
        "20114": {
            "year_quarter": 20114,
            "year": 2011,
            "quarter": 4,
            "eps": null,
            "eps_growth_year": null,
            "eps_4q": null,
            "eps_4q_growth_year": null,
            "roe": null,
            "roe_4q": 0,
            "gross_profit": 477487,
            "gross_margin": null,
            "gross_margin_4q_avg": 0,
            "net_income": 74670,
            "net_income_4q": null,
            "revenue": 2006606,
            "revenue_4q": null,
            "common_shares": 977090,
            "book_valuer_per_share": 13.77,
            "book_valuer_per_share_4q_avg": 35.57,
            "equity": 1345671,
            "current_ratio": 87.16,
            "debt_ratio": 76.84,
            "inventory_turnover_ratio": null,
            "account_receivable_turnover_ratio": null,
            "reinvestment_rate": null,
            "research_to_sale_ratio": null,
            "price_fair": 0,
            "eps_avg_yearly": 0,
            "eps_latest_yearly": 0,
            "eps_growth_yearly": 0
        },
        "20121": {
            "year_quarter": 20121,
            "year": 2012,
            "quarter": 1,
            "eps": null,
            "eps_growth_year": null,
            "eps_4q": null,
            "eps_4q_growth_year": null,
            "roe": null,
            "roe_4q": 0,
            "gross_profit": 462889,
            "gross_margin": null,
            "gross_margin_4q_avg": 0,
            "net_income": 56520,
            "net_income_4q": null,
            "revenue": 2473618,
            "revenue_4q": null,
            "common_shares": 977090,
            "book_valuer_per_share": null,
            "book_valuer_per_share_4q_avg": 35.57,
            "equity": 1365010,
            "current_ratio": null,
            "debt_ratio": null,
            "inventory_turnover_ratio": null,
            "account_receivable_turnover_ratio": null,
            "reinvestment_rate": null,
            "research_to_sale_ratio": null,
            "price_fair": 0,
            "eps_avg_yearly": 0,
            "eps_latest_yearly": 0,
            "eps_growth_yearly": 0
        },
        "20122": {
            "year_quarter": 20122,
            "year": 2012,
            "quarter": 2,
            "eps": null,
            "eps_growth_year": null,
            "eps_4q": null,
            "eps_4q_growth_year": null,
            "roe": null,
            "roe_4q": 0,
            "gross_profit": 1150590,
            "gross_margin": null,
            "gross_margin_4q_avg": 0,
            "net_income": 375582,
            "net_income_4q": null,
            "revenue": 4581578,
            "revenue_4q": null,
            "common_shares": 1087525,
            "book_valuer_per_share": 20.19,
            "book_valuer_per_share_4q_avg": 40.62,
            "equity": 2196247,
            "current_ratio": 105.37,
            "debt_ratio": 65.74,
            "inventory_turnover_ratio": null,
            "account_receivable_turnover_ratio": null,
            "reinvestment_rate": null,
            "research_to_sale_ratio": null,
            "price_fair": 0,
            "eps_avg_yearly": 0,
            "eps_latest_yearly": 0,
            "eps_growth_yearly": 0
        },
        "20123": {
            "year_quarter": 20123,
            "year": 2012,
            "quarter": 3,
            "eps": 0.11,
            "eps_growth_year": null,
            "eps_4q": 0.11,
            "eps_4q_growth_year": null,
            "roe": 0.54,
            "roe_4q": 0.54,
            "gross_profit": 525575,
            "gross_margin": 24.59,
            "gross_margin_4q_avg": 6.15,
            "net_income": 11770,
            "net_income_4q": null,
            "revenue": 2137424,
            "revenue_4q": null,
            "common_shares": 1102442,
            "book_valuer_per_share": 19.81,
            "book_valuer_per_share_4q_avg": 13.44,
            "equity": 2184200,
            "current_ratio": 105.39,
            "debt_ratio": 62.56,
            "inventory_turnover_ratio": 0.97,
            "account_receivable_turnover_ratio": 1.62,
            "reinvestment_rate": null,
            "research_to_sale_ratio": 1.79,
            "price_fair": 0,
            "eps_avg_yearly": 0,
            "eps_latest_yearly": 0,
            "eps_growth_yearly": 0
        },
        "20124": {
            "year_quarter": 20124,
            "year": 2012,
            "quarter": 4,
            "eps": 0.47,
            "eps_growth_year": null,
            "eps_4q": 0.58,
            "eps_4q_growth_year": null,
            "roe": 2.37,
            "roe_4q": 2.91,
            "gross_profit": 544215,
            "gross_margin": 22.82,
            "gross_margin_4q_avg": 11.85,
            "net_income": 52192,
            "net_income_4q": null,
            "revenue": 2385191,
            "revenue_4q": null,
            "common_shares": 1102442,
            "book_valuer_per_share": 20.13,
            "book_valuer_per_share_4q_avg": 15.03,
            "equity": 2219598,
            "current_ratio": 103.54,
            "debt_ratio": 67.35,
            "inventory_turnover_ratio": 0.89,
            "account_receivable_turnover_ratio": 1.84,
            "reinvestment_rate": null,
            "research_to_sale_ratio": 2.06,
            "price_fair": 65.8,
            "eps_avg_yearly": 1.88,
            "eps_latest_yearly": 1.88,
            "eps_growth_yearly": 1309.09
        },
        "20131": {
            "year_quarter": 20131,
            "year": 2013,
            "quarter": 1,
            "eps": 2.35,
            "eps_growth_year": null,
            "eps_4q": 2.67,
            "eps_4q_growth_year": null,
            "roe": 9.57,
            "roe_4q": 12.48,
            "gross_profit": 578593,
            "gross_margin": 19.34,
            "gross_margin_4q_avg": 16.69,
            "net_income": 262750,
            "net_income_4q": null,
            "revenue": 2991812,
            "revenue_4q": null,
            "common_shares": 1224942,
            "book_valuer_per_share": 26.69,
            "book_valuer_per_share_4q_avg": 21.71,
            "equity": 3269547,
            "current_ratio": 126.84,
            "debt_ratio": 56.79,
            "inventory_turnover_ratio": 1,
            "account_receivable_turnover_ratio": 1.83,
            "reinvestment_rate": null,
            "research_to_sale_ratio": 1.24,
            "price_fair": 197.4,
            "eps_avg_yearly": 5.64,
            "eps_latest_yearly": 9.4,
            "eps_growth_yearly": 1454.55
        },
        "20132": {
            "year_quarter": 20132,
            "year": 2013,
            "quarter": 2,
            "eps": 2.07,
            "eps_growth_year": null,
            "eps_4q": 4.73,
            "eps_4q_growth_year": null,
            "roe": 7.73,
            "roe_4q": 20.21,
            "gross_profit": 927831,
            "gross_margin": 19.61,
            "gross_margin_4q_avg": 21.59,
            "net_income": 252962,
            "net_income_4q": null,
            "revenue": 4731778,
            "revenue_4q": null,
            "common_shares": 1224942,
            "book_valuer_per_share": 26.74,
            "book_valuer_per_share_4q_avg": 23.34,
            "equity": 3275372,
            "current_ratio": 121.07,
            "debt_ratio": 59.94,
            "inventory_turnover_ratio": 1.8,
            "account_receivable_turnover_ratio": 2.12,
            "reinvestment_rate": null,
            "research_to_sale_ratio": 1.23,
            "price_fair": 228.2,
            "eps_avg_yearly": 6.52,
            "eps_latest_yearly": 8.28,
            "eps_growth_yearly": 953.81
        },
        "20133": {
            "year_quarter": 20133,
            "year": 2013,
            "quarter": 3,
            "eps": 0.34,
            "eps_growth_year": 218.46,
            "eps_4q": 4.98,
            "eps_4q_growth_year": 4561.65,
            "roe": 1.27,
            "roe_4q": 20.94,
            "gross_profit": 558767,
            "gross_margin": 20.9,
            "gross_margin_4q_avg": 20.67,
            "net_income": 41740,
            "net_income_4q": null,
            "revenue": 2673112,
            "revenue_4q": null,
            "common_shares": 1224942,
            "book_valuer_per_share": 26.83,
            "book_valuer_per_share_4q_avg": 25.1,
            "equity": 3286969,
            "current_ratio": 124.61,
            "debt_ratio": 55.88,
            "inventory_turnover_ratio": 1.11,
            "account_receivable_turnover_ratio": 1.07,
            "reinvestment_rate": null,
            "research_to_sale_ratio": 1.77,
            "price_fair": 183.05,
            "eps_avg_yearly": 5.23,
            "eps_latest_yearly": 1.36,
            "eps_growth_yearly": 631.78
        },
        "20134": {
            "year_quarter": 20134,
            "year": 2013,
            "quarter": 4,
            "eps": 0.44,
            "eps_growth_year": -6.56,
            "eps_4q": 4.99,
            "eps_4q_growth_year": 760.62,
            "roe": 1.63,
            "roe_4q": 20.200000000000003,
            "gross_profit": 560161,
            "gross_margin": 21.66,
            "gross_margin_4q_avg": 20.38,
            "net_income": 54188,
            "net_income_4q": null,
            "revenue": 2585800,
            "revenue_4q": null,
            "common_shares": 1224942,
            "book_valuer_per_share": 27.36,
            "book_valuer_per_share_4q_avg": 26.91,
            "equity": 3351520,
            "current_ratio": 121.87,
            "debt_ratio": 58.3,
            "inventory_turnover_ratio": 0.9,
            "account_receivable_turnover_ratio": 1.12,
            "reinvestment_rate": null,
            "research_to_sale_ratio": 2.38,
            "price_fair": 158.76,
            "eps_avg_yearly": 4.54,
            "eps_latest_yearly": 1.76,
            "eps_growth_yearly": 528.96
        },
        "20141": {
            "year_quarter": 20141,
            "year": 2014,
            "quarter": 1,
            "eps": -1.93,
            "eps_growth_year": -182.13,
            "eps_4q": 0.92,
            "eps_4q_growth_year": -65.62,
            "roe": -7.28,
            "roe_4q": 3.3499999999999996,
            "gross_profit": 483268,
            "gross_margin": 17.12,
            "gross_margin_4q_avg": 19.82,
            "net_income": -236550,
            "net_income_4q": null,
            "revenue": 2823236,
            "revenue_4q": null,
            "common_shares": 1224942,
            "book_valuer_per_share": 25.7,
            "book_valuer_per_share_4q_avg": 26.66,
            "equity": 3148509,
            "current_ratio": 112.53,
            "debt_ratio": 64.78,
            "inventory_turnover_ratio": 0.88,
            "account_receivable_turnover_ratio": 1.13,
            "reinvestment_rate": null,
            "research_to_sale_ratio": 1.74,
            "price_fair": 158.76,
            "eps_avg_yearly": 4.54,
            "eps_latest_yearly": 1.76,
            "eps_growth_yearly": 528.96
        },
        "20142": {
            "year_quarter": 20142,
            "year": 2014,
            "quarter": 2,
            "eps": 0.28,
            "eps_growth_year": -86.47,
            "eps_4q": -0.87,
            "eps_4q_growth_year": -118.42,
            "roe": 1.13,
            "roe_4q": -3.2500000000000004,
            "gross_profit": 829227,
            "gross_margin": 18.63,
            "gross_margin_4q_avg": 19.58,
            "net_income": 33861,
            "net_income_4q": null,
            "revenue": 4452065,
            "revenue_4q": null,
            "common_shares": 1224942,
            "book_valuer_per_share": 23.02,
            "book_valuer_per_share_4q_avg": 25.73,
            "equity": 2819840,
            "current_ratio": 106.09,
            "debt_ratio": 70.24,
            "inventory_turnover_ratio": 1.37,
            "account_receivable_turnover_ratio": 1.46,
            "reinvestment_rate": null,
            "research_to_sale_ratio": 1.3,
            "price_fair": 158.76,
            "eps_avg_yearly": 4.54,
            "eps_latest_yearly": 1.76,
            "eps_growth_yearly": 528.96
        },
        "20143": {
            "year_quarter": 20143,
            "year": 2014,
            "quarter": 3,
            "eps": -0.27,
            "eps_growth_year": -179.41,
            "eps_4q": -1.48,
            "eps_4q_growth_year": -129.72,
            "roe": -1.15,
            "roe_4q": -5.670000000000001,
            "gross_profit": 384786,
            "gross_margin": 16.11,
            "gross_margin_4q_avg": 18.38,
            "net_income": -33286,
            "net_income_4q": null,
            "revenue": 2387981,
            "revenue_4q": null,
            "common_shares": 1228846,
            "book_valuer_per_share": 24.29,
            "book_valuer_per_share_4q_avg": 25.09,
            "equity": 2984696,
            "current_ratio": 139.12,
            "debt_ratio": 63.65,
            "inventory_turnover_ratio": 0.79,
            "account_receivable_turnover_ratio": 0.89,
            "reinvestment_rate": null,
            "research_to_sale_ratio": 1.92,
            "price_fair": 158.76,
            "eps_avg_yearly": 4.54,
            "eps_latest_yearly": 1.76,
            "eps_growth_yearly": 528.96
        },
        "20144": {
            "year_quarter": 20144,
            "year": 2014,
            "quarter": 4,
            "eps": -0.78,
            "eps_growth_year": -277.16,
            "eps_4q": -2.7,
            "eps_4q_growth_year": -154.15,
            "roe": -3.23,
            "roe_4q": -10.530000000000001,
            "gross_profit": 502778,
            "gross_margin": 20.48,
            "gross_margin_4q_avg": 18.09,
            "net_income": -96307,
            "net_income_4q": null,
            "revenue": 2454547,
            "revenue_4q": null,
            "common_shares": 1228846,
            "book_valuer_per_share": 24.18,
            "book_valuer_per_share_4q_avg": 24.3,
            "equity": 2971893,
            "current_ratio": 122.09,
            "debt_ratio": 68.59,
            "inventory_turnover_ratio": 0.69,
            "account_receivable_turnover_ratio": 1.18,
            "reinvestment_rate": null,
            "research_to_sale_ratio": 2.18,
            "price_fair": 158.76,
            "eps_avg_yearly": 4.54,
            "eps_latest_yearly": 1.76,
            "eps_growth_yearly": 528.96
        },
        "20151": {
            "year_quarter": 20151,
            "year": 2015,
            "quarter": 1,
            "eps": 0.06,
            "eps_growth_year": null,
            "eps_4q": -0.72,
            "eps_4q_growth_year": -178.54,
            "roe": 0.24,
            "roe_4q": -3.0100000000000007,
            "gross_profit": 545675,
            "gross_margin": 18.43,
            "gross_margin_4q_avg": 18.41,
            "net_income": 7220,
            "net_income_4q": null,
            "revenue": 2961223,
            "revenue_4q": null,
            "common_shares": 1228846,
            "book_valuer_per_share": 23.93,
            "book_valuer_per_share_4q_avg": 23.86,
            "equity": 2940095,
            "current_ratio": 115.87,
            "debt_ratio": 70.03,
            "inventory_turnover_ratio": 0.83,
            "account_receivable_turnover_ratio": 1.27,
            "reinvestment_rate": null,
            "research_to_sale_ratio": 1.29,
            "price_fair": 158.76,
            "eps_avg_yearly": 4.54,
            "eps_latest_yearly": 1.76,
            "eps_growth_yearly": 528.96
        },
        "20152": {
            "year_quarter": 20152,
            "year": 2015,
            "quarter": 2,
            "eps": 1.12,
            "eps_growth_year": 300,
            "eps_4q": 0.13,
            "eps_4q_growth_year": null,
            "roe": 4.62,
            "roe_4q": 0.4800000000000004,
            "gross_profit": 838472,
            "gross_margin": 21.34,
            "gross_margin_4q_avg": 19.09,
            "net_income": 137769,
            "net_income_4q": null,
            "revenue": 3928282,
            "revenue_4q": null,
            "common_shares": 1228846,
            "book_valuer_per_share": 24.65,
            "book_valuer_per_share_4q_avg": 24.26,
            "equity": 3028977,
            "current_ratio": 124.38,
            "debt_ratio": 67.11,
            "inventory_turnover_ratio": 1.23,
            "account_receivable_turnover_ratio": 1.5,
            "reinvestment_rate": 139.22,
            "research_to_sale_ratio": 1,
            "price_fair": 158.43,
            "eps_avg_yearly": 4.53,
            "eps_latest_yearly": 4.48,
            "eps_growth_yearly": 1618.57
        },
        "20153": {
            "year_quarter": 20153,
            "year": 2015,
            "quarter": 3,
            "eps": -1.14,
            "eps_growth_year": null,
            "eps_4q": -0.74,
            "eps_4q_growth_year": null,
            "roe": -4.65,
            "roe_4q": -3.0200000000000005,
            "gross_profit": 262369,
            "gross_margin": 13.33,
            "gross_margin_4q_avg": 18.4,
            "net_income": -139914,
            "net_income_4q": null,
            "revenue": 1968553,
            "revenue_4q": null,
            "common_shares": 1228846,
            "book_valuer_per_share": 24.31,
            "book_valuer_per_share_4q_avg": 24.27,
            "equity": 2987435,
            "current_ratio": 96.29,
            "debt_ratio": 64.69,
            "inventory_turnover_ratio": 0.75,
            "account_receivable_turnover_ratio": 0.81,
            "reinvestment_rate": 161.41,
            "research_to_sale_ratio": 1.93,
            "price_fair": 158.43,
            "eps_avg_yearly": 4.53,
            "eps_latest_yearly": 4.48,
            "eps_growth_yearly": 1618.57
        },
        "20154": {
            "year_quarter": 20154,
            "year": 2015,
            "quarter": 4,
            "eps": -0.81,
            "eps_growth_year": null,
            "eps_4q": -0.77,
            "eps_4q_growth_year": null,
            "roe": -3.43,
            "roe_4q": -3.2199999999999998,
            "gross_profit": 429465,
            "gross_margin": 20.36,
            "gross_margin_4q_avg": 18.37,
            "net_income": -99117,
            "net_income_4q": null,
            "revenue": 2109611,
            "revenue_4q": null,
            "common_shares": 1228846,
            "book_valuer_per_share": 22.72,
            "book_valuer_per_share_4q_avg": 23.9,
            "equity": 2792153,
            "current_ratio": 95.01,
            "debt_ratio": 66.02,
            "inventory_turnover_ratio": 0.71,
            "account_receivable_turnover_ratio": 1.16,
            "reinvestment_rate": 164.37,
            "research_to_sale_ratio": 2.12,
            "price_fair": 158.43,
            "eps_avg_yearly": 4.53,
            "eps_latest_yearly": 4.48,
            "eps_growth_yearly": 1618.57
        },
        "20161": {
            "year_quarter": 20161,
            "year": 2016,
            "quarter": 1,
            "eps": 0.28,
            "eps_growth_year": 366.67,
            "eps_4q": -0.54,
            "eps_4q_growth_year": null,
            "roe": 1.19,
            "roe_4q": -2.2700000000000005,
            "gross_profit": 572751,
            "gross_margin": 20.07,
            "gross_margin_4q_avg": 18.78,
            "net_income": 33408,
            "net_income_4q": null,
            "revenue": 2853835,
            "revenue_4q": null,
            "common_shares": 1228846,
            "book_valuer_per_share": 22.67,
            "book_valuer_per_share_4q_avg": 23.59,
            "equity": 2808805,
            "current_ratio": 96.1,
            "debt_ratio": 68.98,
            "inventory_turnover_ratio": 0.91,
            "account_receivable_turnover_ratio": 1.44,
            "reinvestment_rate": 168.29,
            "research_to_sale_ratio": 1.26,
            "price_fair": 158.43,
            "eps_avg_yearly": 4.53,
            "eps_latest_yearly": 4.48,
            "eps_growth_yearly": 1618.57
        },
        "20162": {
            "year_quarter": 20162,
            "year": 2016,
            "quarter": 2,
            "eps": 1.93,
            "eps_growth_year": 72.32,
            "eps_4q": 0.27,
            "eps_4q_growth_year": 117.52,
            "roe": 8.23,
            "roe_4q": 1.3399999999999999,
            "gross_profit": 863038,
            "gross_margin": 22.01,
            "gross_margin_4q_avg": 18.94,
            "net_income": 236046,
            "net_income_4q": null,
            "revenue": 3921028,
            "revenue_4q": null,
            "common_shares": 1228846,
            "book_valuer_per_share": 23.67,
            "book_valuer_per_share_4q_avg": 23.34,
            "equity": 2928937,
            "current_ratio": 112.17,
            "debt_ratio": 66.41,
            "inventory_turnover_ratio": 1.36,
            "account_receivable_turnover_ratio": 1.49,
            "reinvestment_rate": 160.1,
            "research_to_sale_ratio": 1.03,
            "price_fair": 174.4,
            "eps_avg_yearly": 4.98,
            "eps_latest_yearly": 7.72,
            "eps_growth_yearly": 1724.08
        },
        "20163": {
            "year_quarter": 20163,
            "year": 2016,
            "quarter": 3,
            "eps": -0.54,
            "eps_growth_year": null,
            "eps_4q": 0.87,
            "eps_4q_growth_year": null,
            "roe": -2.39,
            "roe_4q": 3.599999999999999,
            "gross_profit": 380797,
            "gross_margin": 19.12,
            "gross_margin_4q_avg": 20.39,
            "net_income": -67490,
            "net_income_4q": null,
            "revenue": 1991637,
            "revenue_4q": null,
            "common_shares": 1228846,
            "book_valuer_per_share": 22.03,
            "book_valuer_per_share_4q_avg": 22.77,
            "equity": 2724829,
            "current_ratio": 114.14,
            "debt_ratio": 62.8,
            "inventory_turnover_ratio": 0.83,
            "account_receivable_turnover_ratio": 0.87,
            "reinvestment_rate": 156.62,
            "research_to_sale_ratio": 2.02,
            "price_fair": 174.4,
            "eps_avg_yearly": 4.98,
            "eps_latest_yearly": 7.72,
            "eps_growth_yearly": 1724.08
        },
        "20164": {
            "year_quarter": 20164,
            "year": 2016,
            "quarter": 4,
            "eps": 0.63,
            "eps_growth_year": null,
            "eps_4q": 2.31,
            "eps_4q_growth_year": null,
            "roe": 2.76,
            "roe_4q": 9.79,
            "gross_profit": 474813,
            "gross_margin": 20.96,
            "gross_margin_4q_avg": 20.54,
            "net_income": 74982,
            "net_income_4q": null,
            "revenue": 2265505,
            "revenue_4q": null,
            "common_shares": 1228436,
            "book_valuer_per_share": 21.97,
            "book_valuer_per_share_4q_avg": 22.59,
            "equity": 2706395,
            "current_ratio": 99.99,
            "debt_ratio": 64.83,
            "inventory_turnover_ratio": 0.82,
            "account_receivable_turnover_ratio": 1.39,
            "reinvestment_rate": 123.01,
            "research_to_sale_ratio": 1.88,
            "price_fair": 192.5,
            "eps_avg_yearly": 5.5,
            "eps_latest_yearly": 7.72,
            "eps_growth_yearly": 1793.25
        },
        "20171": {
            "year_quarter": 20171,
            "year": 2017,
            "quarter": 1,
            "eps": 0,
            "eps_growth_year": -100,
            "eps_4q": 2.34,
            "eps_4q_growth_year": null,
            "roe": 1.43,
            "roe_4q": 10.03,
            "gross_profit": 500239,
            "gross_margin": 19.06,
            "gross_margin_4q_avg": 20.29,
            "net_income": 37778,
            "net_income_4q": null,
            "revenue": 2624509,
            "revenue_4q": null,
            "common_shares": 1228436,
            "book_valuer_per_share": 21.07,
            "book_valuer_per_share_4q_avg": 22.19,
            "equity": 2595039,
            "current_ratio": 100.7,
            "debt_ratio": 67.13,
            "inventory_turnover_ratio": 0.85,
            "account_receivable_turnover_ratio": 1.52,
            "reinvestment_rate": 140.01,
            "research_to_sale_ratio": 1.4,
            "price_fair": 165.2,
            "eps_avg_yearly": 4.72,
            "eps_latest_yearly": 7.72,
            "eps_growth_yearly": 1831.9
        },
        "20172": {
            "year_quarter": 20172,
            "year": 2017,
            "quarter": 2,
            "eps": 1.04,
            "eps_growth_year": -46.11,
            "eps_4q": 1.71,
            "eps_4q_growth_year": 527.25,
            "roe": 4.84,
            "roe_4q": 6.639999999999999,
            "gross_profit": 665156,
            "gross_margin": 18.79,
            "gross_margin_4q_avg": 19.48,
            "net_income": 127258,
            "net_income_4q": null,
            "revenue": 3540249,
            "revenue_4q": null,
            "common_shares": 1228436,
            "book_valuer_per_share": 25.89,
            "book_valuer_per_share_4q_avg": 22.74,
            "equity": 2664861,
            "current_ratio": 101.36,
            "debt_ratio": 67.46,
            "inventory_turnover_ratio": 1.25,
            "account_receivable_turnover_ratio": 1.65,
            "reinvestment_rate": 245.48,
            "research_to_sale_ratio": 1.19,
            "price_fair": 134.05,
            "eps_avg_yearly": 3.83,
            "eps_latest_yearly": 7.72,
            "eps_growth_yearly": 2301.79
        },
        "20173": {
            "year_quarter": 20173,
            "year": 2017,
            "quarter": 3,
            "eps": -0.94,
            "eps_growth_year": null,
            "eps_4q": 1.04,
            "eps_4q_growth_year": 19.68,
            "roe": -4.36,
            "roe_4q": 4.669999999999999,
            "gross_profit": 305567,
            "gross_margin": 15.71,
            "gross_margin_4q_avg": 18.63,
            "net_income": -115162,
            "net_income_4q": null,
            "revenue": 1945500,
            "revenue_4q": null,
            "common_shares": 1228436,
            "book_valuer_per_share": 21.32,
            "book_valuer_per_share_4q_avg": 22.56,
            "equity": 2620148,
            "current_ratio": 99.79,
            "debt_ratio": 69.58,
            "inventory_turnover_ratio": 0.79,
            "account_receivable_turnover_ratio": 1.01,
            "reinvestment_rate": null,
            "research_to_sale_ratio": 2.07,
            "price_fair": 162.87,
            "eps_avg_yearly": 4.65,
            "eps_latest_yearly": 7.72,
            "eps_growth_yearly": 3180.49
        },
        "20174": {
            "year_quarter": 20174,
            "year": 2017,
            "quarter": 4,
            "eps": -0.38,
            "eps_growth_year": -160.15,
            "eps_4q": 0.03,
            "eps_4q_growth_year": -98.49,
            "roe": -1.86,
            "roe_4q": 0.049999999999999156,
            "gross_profit": 265401,
            "gross_margin": 13.87,
            "gross_margin_4q_avg": 16.86,
            "net_income": -48520,
            "net_income_4q": null,
            "revenue": 1913944,
            "revenue_4q": null,
            "common_shares": 1228436,
            "book_valuer_per_share": 21.16,
            "book_valuer_per_share_4q_avg": 22.36,
            "equity": 2597142,
            "current_ratio": 112.79,
            "debt_ratio": 66.84,
            "inventory_turnover_ratio": 0.72,
            "account_receivable_turnover_ratio": 1.31,
            "reinvestment_rate": null,
            "research_to_sale_ratio": 2.36,
            "price_fair": 213.5,
            "eps_avg_yearly": 6.1,
            "eps_latest_yearly": 7.72,
            "eps_growth_yearly": 4711.9
        },
        "20181": {
            "year_quarter": 20181,
            "year": 2018,
            "quarter": 1,
            "eps": -0.45,
            "eps_growth_year": null,
            "eps_4q": -0.73,
            "eps_4q_growth_year": -131.36,
            "roe": -2.12,
            "roe_4q": -3.5,
            "gross_profit": 421457,
            "gross_margin": 16.17,
            "gross_margin_4q_avg": 16.14,
            "net_income": -55156,
            "net_income_4q": null,
            "revenue": 2606179,
            "revenue_4q": null,
            "common_shares": 1228436,
            "book_valuer_per_share": 21.39,
            "book_valuer_per_share_4q_avg": 22.44,
            "equity": 2615584,
            "current_ratio": 106.6,
            "debt_ratio": 70.12,
            "inventory_turnover_ratio": 0.89,
            "account_receivable_turnover_ratio": 1.4,
            "reinvestment_rate": 293.74,
            "research_to_sale_ratio": 1.47,
            "price_fair": 213.5,
            "eps_avg_yearly": 6.1,
            "eps_latest_yearly": 7.72,
            "eps_growth_yearly": 4711.9
        },
        "20182": {
            "year_quarter": 20182,
            "year": 2018,
            "quarter": 2,
            "eps": 0.38,
            "eps_growth_year": -63.46,
            "eps_4q": -1.39,
            "eps_4q_growth_year": -181.43,
            "roe": 1.71,
            "roe_4q": -6.630000000000001,
            "gross_profit": 625374,
            "gross_margin": 15.8,
            "gross_margin_4q_avg": 15.39,
            "net_income": 44253,
            "net_income_4q": null,
            "revenue": 3957336,
            "revenue_4q": null,
            "common_shares": 1228436,
            "book_valuer_per_share": 21.07,
            "book_valuer_per_share_4q_avg": 21.24,
            "equity": 2573748,
            "current_ratio": 106.85,
            "debt_ratio": 72.11,
            "inventory_turnover_ratio": 1.47,
            "account_receivable_turnover_ratio": 1.5,
            "reinvestment_rate": 112.85,
            "research_to_sale_ratio": 1.12,
            "price_fair": 213.5,
            "eps_avg_yearly": 6.1,
            "eps_latest_yearly": 7.72,
            "eps_growth_yearly": 4711.9
        },
        "20183": {
            "year_quarter": 20183,
            "year": 2018,
            "quarter": 3,
            "eps": -0.93,
            "eps_growth_year": null,
            "eps_4q": -1.38,
            "eps_4q_growth_year": -232.45,
            "roe": -4.76,
            "roe_4q": -7.03,
            "gross_profit": 305978,
            "gross_margin": 15.38,
            "gross_margin_4q_avg": 15.31,
            "net_income": -116536,
            "net_income_4q": null,
            "revenue": 1988833,
            "revenue_4q": null,
            "common_shares": 1228436,
            "book_valuer_per_share": 19.01,
            "book_valuer_per_share_4q_avg": 20.66,
            "equity": 2319642,
            "current_ratio": 101.91,
            "debt_ratio": 70.24,
            "inventory_turnover_ratio": 0.79,
            "account_receivable_turnover_ratio": 0.87,
            "reinvestment_rate": null,
            "research_to_sale_ratio": 2.11,
            "price_fair": 213.5,
            "eps_avg_yearly": 6.1,
            "eps_latest_yearly": 7.72,
            "eps_growth_yearly": 4711.9
        },
        "20184": {
            "year_quarter": 20184,
            "year": 2018,
            "quarter": 4,
            "eps": 0.88,
            "eps_growth_year": null,
            "eps_4q": -0.12,
            "eps_4q_growth_year": -443.95,
            "roe": 4.56,
            "roe_4q": -0.6100000000000003,
            "gross_profit": 457012,
            "gross_margin": 22.16,
            "gross_margin_4q_avg": 17.38,
            "net_income": 109356,
            "net_income_4q": null,
            "revenue": 2062592,
            "revenue_4q": null,
            "common_shares": 1228436,
            "book_valuer_per_share": 20.25,
            "book_valuer_per_share_4q_avg": 20.43,
            "equity": 2473033,
            "current_ratio": 98.24,
            "debt_ratio": 70.44,
            "inventory_turnover_ratio": 0.75,
            "account_receivable_turnover_ratio": 1.21,
            "reinvestment_rate": -406.75,
            "research_to_sale_ratio": 1.76,
            "price_fair": 213.5,
            "eps_avg_yearly": 6.1,
            "eps_latest_yearly": 7.72,
            "eps_growth_yearly": 4711.9
        },
        "20191": {
            "year_quarter": 20191,
            "year": 2019,
            "quarter": 1,
            "eps": 0.36,
            "eps_growth_year": null,
            "eps_4q": 0.69,
            "eps_4q_growth_year": null,
            "roe": 1.68,
            "roe_4q": 3.1899999999999995,
            "gross_profit": 409220,
            "gross_margin": 16.91,
            "gross_margin_4q_avg": 17.56,
            "net_income": 42818,
            "net_income_4q": null,
            "revenue": 2419610,
            "revenue_4q": null,
            "common_shares": 1228436,
            "book_valuer_per_share": 21.57,
            "book_valuer_per_share_4q_avg": 20.48,
            "equity": 2632769,
            "current_ratio": 100.8,
            "debt_ratio": 69.68,
            "inventory_turnover_ratio": 0.93,
            "account_receivable_turnover_ratio": 1.26,
            "reinvestment_rate": -467.48,
            "research_to_sale_ratio": 1.61,
            "price_fair": 159.13,
            "eps_avg_yearly": 4.55,
            "eps_latest_yearly": 1.44,
            "eps_growth_yearly": 3062.48
        },
        "20192": {
            "year_quarter": 20192,
            "year": 2019,
            "quarter": 2,
            "eps": 2.09,
            "eps_growth_year": 450,
            "eps_4q": 2.4,
            "eps_4q_growth_year": null,
            "roe": 9.39,
            "roe_4q": 10.87,
            "gross_profit": 819314,
            "gross_margin": 20.95,
            "gross_margin_4q_avg": 18.85,
            "net_income": 255525,
            "net_income_4q": null,
            "revenue": 3910239,
            "revenue_4q": null,
            "common_shares": 1228436,
            "book_valuer_per_share": 23.01,
            "book_valuer_per_share_4q_avg": 20.96,
            "equity": 2808727,
            "current_ratio": 100.85,
            "debt_ratio": 69.97,
            "inventory_turnover_ratio": 1.51,
            "account_receivable_turnover_ratio": 1.84,
            "reinvestment_rate": -295.52,
            "research_to_sale_ratio": 0.98,
            "price_fair": 204.4,
            "eps_avg_yearly": 5.84,
            "eps_latest_yearly": 8.36,
            "eps_growth_yearly": 1347.67
        },
        "20193": {
            "year_quarter": 20193,
            "year": 2019,
            "quarter": 3,
            "eps": 0.03,
            "eps_growth_year": null,
            "eps_4q": 3.33,
            "eps_4q_growth_year": null,
            "roe": 0.21,
            "roe_4q": 15.84,
            "gross_profit": 356821,
            "gross_margin": 19.09,
            "gross_margin_4q_avg": 19.78,
            "net_income": 5919,
            "net_income_4q": null,
            "revenue": 1869217,
            "revenue_4q": null,
            "common_shares": 1241121,
            "book_valuer_per_share": 22.03,
            "book_valuer_per_share_4q_avg": 21.72,
            "equity": 2719684,
            "current_ratio": 102.69,
            "debt_ratio": 66.08,
            "inventory_turnover_ratio": 0.81,
            "account_receivable_turnover_ratio": 0.98,
            "reinvestment_rate": -251.62,
            "research_to_sale_ratio": 1.8,
            "price_fair": 154.35,
            "eps_avg_yearly": 4.41,
            "eps_latest_yearly": 0.12,
            "eps_growth_yearly": 912.19
        },
        "20194": {
            "year_quarter": 20194,
            "year": 2019,
            "quarter": 4,
            "eps": -0.37,
            "eps_growth_year": -141.69,
            "eps_4q": 1.84,
            "eps_4q_growth_year": null,
            "roe": -1.64,
            "roe_4q": 9.64,
            "gross_profit": 391189,
            "gross_margin": 20.13,
            "gross_margin_4q_avg": 19.27,
            "net_income": -47103,
            "net_income_4q": null,
            "revenue": 1943715,
            "revenue_4q": null,
            "common_shares": 1368506,
            "book_valuer_per_share": 21.88,
            "book_valuer_per_share_4q_avg": 22.12,
            "equity": 3009093,
            "current_ratio": 104.29,
            "debt_ratio": 66.19,
            "inventory_turnover_ratio": 0.79,
            "account_receivable_turnover_ratio": 1.15,
            "reinvestment_rate": -211.56,
            "research_to_sale_ratio": 1.83,
            "price_fair": 154.35,
            "eps_avg_yearly": 4.41,
            "eps_latest_yearly": 0.12,
            "eps_growth_yearly": 912.19
        },
        "20201": {
            "year_quarter": 20201,
            "year": 2020,
            "quarter": 1,
            "eps": -0.4,
            "eps_growth_year": -211.11,
            "eps_4q": 1.12,
            "eps_4q_growth_year": 62.05,
            "roe": -1.87,
            "roe_4q": 6.090000000000001,
            "gross_profit": 254533,
            "gross_margin": 14.05,
            "gross_margin_4q_avg": 18.56,
            "net_income": -55081,
            "net_income_4q": null,
            "revenue": 1811810,
            "revenue_4q": null,
            "common_shares": 1368506,
            "book_valuer_per_share": 21.14,
            "book_valuer_per_share_4q_avg": 22.02,
            "equity": 2893469,
            "current_ratio": 103.15,
            "debt_ratio": 68.47,
            "inventory_turnover_ratio": 0.78,
            "account_receivable_turnover_ratio": 0.91,
            "reinvestment_rate": -258.45,
            "research_to_sale_ratio": 1.57,
            "price_fair": 154.35,
            "eps_avg_yearly": 4.41,
            "eps_latest_yearly": 0.12,
            "eps_growth_yearly": 912.19
        },
        "20202": {
            "year_quarter": 20202,
            "year": 2020,
            "quarter": 2,
            "eps": 1.96,
            "eps_growth_year": -6.22,
            "eps_4q": 1.24,
            "eps_4q_growth_year": -48.41,
            "roe": 9.31,
            "roe_4q": 6.010000000000001,
            "gross_profit": 818922,
            "gross_margin": 21.9,
            "gross_margin_4q_avg": 18.79,
            "net_income": 274128,
            "net_income_4q": null,
            "revenue": 3738857,
            "revenue_4q": null,
            "common_shares": 1368506,
            "book_valuer_per_share": 21.87,
            "book_valuer_per_share_4q_avg": 21.73,
            "equity": 2992583,
            "current_ratio": 106.17,
            "debt_ratio": 71.19,
            "inventory_turnover_ratio": 1.63,
            "account_receivable_turnover_ratio": 1.34,
            "reinvestment_rate": -227.32,
            "research_to_sale_ratio": 0.71,
            "price_fair": 115.73,
            "eps_avg_yearly": 3.31,
            "eps_latest_yearly": 0.12,
            "eps_growth_yearly": 430.53
        },
        "20203": {
            "year_quarter": 20203,
            "year": 2020,
            "quarter": 3,
            "eps": -0.46,
            "eps_growth_year": -1633.33,
            "eps_4q": 0.75,
            "eps_4q_growth_year": -77.52,
            "roe": -2.15,
            "roe_4q": 3.6500000000000004,
            "gross_profit": 222360,
            "gross_margin": 12.64,
            "gross_margin_4q_avg": 17.18,
            "net_income": -64577,
            "net_income_4q": null,
            "revenue": 1758658,
            "revenue_4q": null,
            "common_shares": 1395876,
            "book_valuer_per_share": 21.64,
            "book_valuer_per_share_4q_avg": 21.63,
            "equity": 3020218,
            "current_ratio": 106.55,
            "debt_ratio": 67.87,
            "inventory_turnover_ratio": 0.89,
            "account_receivable_turnover_ratio": 0.66,
            "reinvestment_rate": -203.72,
            "research_to_sale_ratio": 1.56,
            "price_fair": 115.73,
            "eps_avg_yearly": 3.31,
            "eps_latest_yearly": 0.12,
            "eps_growth_yearly": 430.53
        },
        "20204": {
            "year_quarter": 20204,
            "year": 2020,
            "quarter": 4,
            "eps": 0.01,
            "eps_growth_year": null,
            "eps_4q": 1.12,
            "eps_4q_growth_year": -39.2,
            "roe": 0.06,
            "roe_4q": 5.3500000000000005,
            "gross_profit": 270324,
            "gross_margin": 14.24,
            "gross_margin_4q_avg": 15.71,
            "net_income": 1769,
            "net_income_4q": null,
            "revenue": 1898021,
            "revenue_4q": null,
            "common_shares": 1395876,
            "book_valuer_per_share": 22.49,
            "book_valuer_per_share_4q_avg": 21.79,
            "equity": 3138916,
            "current_ratio": 118.25,
            "debt_ratio": 66.08,
            "inventory_turnover_ratio": 0.83,
            "account_receivable_turnover_ratio": 0.91,
            "reinvestment_rate": 134.58,
            "research_to_sale_ratio": 1.34,
            "price_fair": 115.73,
            "eps_avg_yearly": 3.31,
            "eps_latest_yearly": 0.12,
            "eps_growth_yearly": 430.53
        },
        "20211": {
            "year_quarter": 20211,
            "year": 2021,
            "quarter": 1,
            "eps": -0.26,
            "eps_growth_year": null,
            "eps_4q": 1.25,
            "eps_4q_growth_year": 12.01,
            "roe": -1.17,
            "roe_4q": 6.050000000000001,
            "gross_profit": 329820,
            "gross_margin": 12.97,
            "gross_margin_4q_avg": 15.44,
            "net_income": -36314,
            "net_income_4q": null,
            "revenue": 2543532,
            "revenue_4q": null,
            "common_shares": 1396099,
            "book_valuer_per_share": 22.07,
            "book_valuer_per_share_4q_avg": 22.02,
            "equity": 3080143,
            "current_ratio": 115.36,
            "debt_ratio": 68.9,
            "inventory_turnover_ratio": 1.01,
            "account_receivable_turnover_ratio": 1.01,
            "reinvestment_rate": 186.67,
            "research_to_sale_ratio": 1.2,
            "price_fair": 115.73,
            "eps_avg_yearly": 3.31,
            "eps_latest_yearly": 0.12,
            "eps_growth_yearly": 430.53
        },
        "20212": {
            "year_quarter": 20212,
            "year": 2021,
            "quarter": 2,
            "eps": -0.27,
            "eps_growth_year": -113.78,
            "eps_4q": -0.98,
            "eps_4q_growth_year": -179.06,
            "roe": -1.23,
            "roe_4q": -4.49,
            "gross_profit": 509571,
            "gross_margin": 13.17,
            "gross_margin_4q_avg": 13.26,
            "net_income": -37764,
            "net_income_4q": null,
            "revenue": 3868418,
            "revenue_4q": null,
            "common_shares": 1407654,
            "book_valuer_per_share": 21.78,
            "book_valuer_per_share_4q_avg": 22,
            "equity": 3044690,
            "current_ratio": 112.3,
            "debt_ratio": 73.05,
            "inventory_turnover_ratio": 1.5,
            "account_receivable_turnover_ratio": 1.11,
            "reinvestment_rate": 314.54,
            "research_to_sale_ratio": 0.85,
            "price_fair": 115.73,
            "eps_avg_yearly": 3.31,
            "eps_latest_yearly": 0.12,
            "eps_growth_yearly": 430.53
        },
        "20213": {
            "year_quarter": 20213,
            "year": 2021,
            "quarter": 3,
            "eps": -1.01,
            "eps_growth_year": null,
            "eps_4q": -1.51,
            "eps_4q_growth_year": -301.61,
            "roe": -5.04,
            "roe_4q": -7.38,
            "gross_profit": 193858,
            "gross_margin": 9.49,
            "gross_margin_4q_avg": 12.47,
            "net_income": -147167,
            "net_income_4q": null,
            "revenue": 2043781,
            "revenue_4q": null,
            "common_shares": 1455445,
            "book_valuer_per_share": 19.2,
            "book_valuer_per_share_4q_avg": 21.39,
            "equity": 2794169,
            "current_ratio": 111.3,
            "debt_ratio": 72.66,
            "inventory_turnover_ratio": 0.82,
            "account_receivable_turnover_ratio": 0.57,
            "reinvestment_rate": 338.78,
            "research_to_sale_ratio": 1.43,
            "price_fair": 115.73,
            "eps_avg_yearly": 3.31,
            "eps_latest_yearly": 0.12,
            "eps_growth_yearly": 430.53
        },
        "20214": {
            "year_quarter": 20214,
            "year": 2021,
            "quarter": 4,
            "eps": -0.59,
            "eps_growth_year": -4761.57,
            "eps_4q": -2.11,
            "eps_4q_growth_year": -288.59,
            "roe": -3.1,
            "roe_4q": -10.540000000000001,
            "gross_profit": 83793,
            "gross_margin": 4.93,
            "gross_margin_4q_avg": 10.14,
            "net_income": -85982,
            "net_income_4q": null,
            "revenue": 1700860,
            "revenue_4q": null,
            "common_shares": 1455445,
            "book_valuer_per_share": 18.94,
            "book_valuer_per_share_4q_avg": 20.5,
            "equity": 2756924,
            "current_ratio": 107.42,
            "debt_ratio": 72.29,
            "inventory_turnover_ratio": 0.65,
            "account_receivable_turnover_ratio": 0.61,
            "reinvestment_rate": 546.64,
            "research_to_sale_ratio": 1.58,
            "price_fair": 115.73,
            "eps_avg_yearly": 3.31,
            "eps_latest_yearly": 0.12,
            "eps_growth_yearly": 430.53
        },
        "20221": {
            "year_quarter": 20221,
            "year": 2022,
            "quarter": 1,
            "eps": 2.99,
            "eps_growth_year": null,
            "eps_4q": 1.13,
            "eps_4q_growth_year": -9.81,
            "roe": 14.3,
            "roe_4q": 4.9300000000000015,
            "gross_profit": 251611,
            "gross_margin": 13.04,
            "gross_margin_4q_avg": 10.16,
            "net_income": 435536,
            "net_income_4q": null,
            "revenue": 1929141,
            "revenue_4q": null,
            "common_shares": 1455445,
            "book_valuer_per_share": 22.9,
            "book_valuer_per_share_4q_avg": 20.71,
            "equity": 3333159,
            "current_ratio": 105.5,
            "debt_ratio": 67.4,
            "inventory_turnover_ratio": 0.6,
            "account_receivable_turnover_ratio": 0.76,
            "reinvestment_rate": 105.91,
            "research_to_sale_ratio": 1.41,
            "price_fair": 115.73,
            "eps_avg_yearly": 3.31,
            "eps_latest_yearly": 0.12,
            "eps_growth_yearly": 430.53
        },
        "20222": {
            "year_quarter": 20222,
            "year": 2022,
            "quarter": 2,
            "eps": 1.45,
            "eps_growth_year": null,
            "eps_4q": 2.84,
            "eps_4q_growth_year": null,
            "roe": 6.23,
            "roe_4q": 12.39,
            "gross_profit": 703278,
            "gross_margin": 17.96,
            "gross_margin_4q_avg": 11.36,
            "net_income": 210909,
            "net_income_4q": null,
            "revenue": 3916739,
            "revenue_4q": null,
            "common_shares": 1455445,
            "book_valuer_per_share": 23.61,
            "book_valuer_per_share_4q_avg": 21.16,
            "equity": 3435831,
            "current_ratio": 110.55,
            "debt_ratio": 66.8,
            "inventory_turnover_ratio": 1.28,
            "account_receivable_turnover_ratio": 1.34,
            "reinvestment_rate": 75.84,
            "research_to_sale_ratio": 0.72,
            "price_fair": 137.55,
            "eps_avg_yearly": 3.93,
            "eps_latest_yearly": 5.8,
            "eps_growth_yearly": 271.4
        },
        "20223": {
            "year_quarter": 20223,
            "year": 2022,
            "quarter": 3,
            "eps": -0.17,
            "eps_growth_year": null,
            "eps_4q": 3.68,
            "eps_4q_growth_year": null,
            "roe": -0.74,
            "roe_4q": 16.689999999999998,
            "gross_profit": 250579,
            "gross_margin": 12.87,
            "gross_margin_4q_avg": 12.2,
            "net_income": -25112,
            "net_income_4q": null,
            "revenue": 1946600,
            "revenue_4q": null,
            "common_shares": 1455445,
            "book_valuer_per_share": 23.34,
            "book_valuer_per_share_4q_avg": 22.2,
            "equity": 3397631,
            "current_ratio": 112.21,
            "debt_ratio": 62.73,
            "inventory_turnover_ratio": 0.85,
            "account_receivable_turnover_ratio": 0.7,
            "reinvestment_rate": 82.61,
            "research_to_sale_ratio": 1.43,
            "price_fair": 137.55,
            "eps_avg_yearly": 3.93,
            "eps_latest_yearly": 5.8,
            "eps_growth_yearly": 271.4
        },
        "20224": {
            "year_quarter": 20224,
            "year": 2022,
            "quarter": 4,
            "eps": -1.02,
            "eps_growth_year": null,
            "eps_4q": 3.25,
            "eps_4q_growth_year": null,
            "roe": -4.48,
            "roe_4q": 15.31,
            "gross_profit": 237781,
            "gross_margin": 16.65,
            "gross_margin_4q_avg": 15.13,
            "net_income": -148136,
            "net_income_4q": null,
            "revenue": 1428383,
            "revenue_4q": null,
            "common_shares": 1455445,
            "book_valuer_per_share": 22.09,
            "book_valuer_per_share_4q_avg": 22.99,
            "equity": 3214905,
            "current_ratio": 103.35,
            "debt_ratio": 63.57,
            "inventory_turnover_ratio": 0.59,
            "account_receivable_turnover_ratio": 0.7,
            "reinvestment_rate": 101.75,
            "research_to_sale_ratio": 1.84,
            "price_fair": 137.55,
            "eps_avg_yearly": 3.93,
            "eps_latest_yearly": 5.8,
            "eps_growth_yearly": 271.4
        },
        "20231": {
            "year_quarter": 20231,
            "year": 2023,
            "quarter": 1,
            "eps": -0.22,
            "eps_growth_year": -107.36,
            "eps_4q": 0.04,
            "eps_4q_growth_year": -96.32,
            "roe": -0.98,
            "roe_4q": 0.02999999999999936,
            "gross_profit": 323479,
            "gross_margin": 17.52,
            "gross_margin_4q_avg": 16.25,
            "net_income": -31602,
            "net_income_4q": null,
            "revenue": 1845865,
            "revenue_4q": null,
            "common_shares": 1455445,
            "book_valuer_per_share": 22.12,
            "book_valuer_per_share_4q_avg": 22.79,
            "equity": 3218973,
            "current_ratio": 102.85,
            "debt_ratio": 64.77,
            "inventory_turnover_ratio": 0.65,
            "account_receivable_turnover_ratio": 0.98,
            "reinvestment_rate": 109.88,
            "research_to_sale_ratio": 1.76,
            "price_fair": 166.6,
            "eps_avg_yearly": 4.76,
            "eps_latest_yearly": 5.8,
            "eps_growth_yearly": 440.65
        },
        "20232": {
            "year_quarter": 20232,
            "year": 2023,
            "quarter": 2,
            "eps": 1.17,
            "eps_growth_year": -19.31,
            "eps_4q": -0.23,
            "eps_4q_growth_year": -108.11,
            "roe": 5.31,
            "roe_4q": -0.8900000000000003,
            "gross_profit": 856209,
            "gross_margin": 23.71,
            "gross_margin_4q_avg": 17.69,
            "net_income": 169635,
            "net_income_4q": null,
            "revenue": 3611446,
            "revenue_4q": null,
            "common_shares": 1455445,
            "book_valuer_per_share": 21.77,
            "book_valuer_per_share_4q_avg": 22.33,
            "equity": 3168385,
            "current_ratio": 105.33,
            "debt_ratio": 67.37,
            "inventory_turnover_ratio": 1.22,
            "account_receivable_turnover_ratio": 1.49,
            "reinvestment_rate": 130.29,
            "research_to_sale_ratio": 0.84,
            "price_fair": 8.88,
            "eps_avg_yearly": 2.96,
            "eps_latest_yearly": 5.8,
            "eps_growth_yearly": -300.14
        },
        "20233": {
            "year_quarter": 20233,
            "year": 2023,
            "quarter": 3,
            "eps": -0.68,
            "eps_growth_year": null,
            "eps_4q": -0.75,
            "eps_4q_growth_year": -120.28,
            "roe": -3.25,
            "roe_4q": -3.400000000000001,
            "gross_profit": 263106,
            "gross_margin": 18.06,
            "gross_margin_4q_avg": 18.99,
            "net_income": -103899,
            "net_income_4q": null,
            "revenue": 1457187,
            "revenue_4q": null,
            "common_shares": 1528217,
            "book_valuer_per_share": 21.1,
            "book_valuer_per_share_4q_avg": 21.77,
            "equity": 3224146,
            "current_ratio": 105.66,
            "debt_ratio": 63.55,
            "inventory_turnover_ratio": 0.62,
            "account_receivable_turnover_ratio": 0.62,
            "reinvestment_rate": 235.77,
            "research_to_sale_ratio": 2.3,
            "price_fair": 17.4,
            "eps_avg_yearly": 5.8,
            "eps_latest_yearly": 5.8,
            "eps_growth_yearly": -206.02
        }
    },
    "months": {
        "2012-10": {
            "month": "2012-10",
            "price": "65.62",
            "revenue": 794829
        },
        "2012-11": {
            "month": "2012-11",
            "price": "65.67",
            "revenue": 805745
        },
        "2012-12": {
            "month": "2012-12",
            "price": "64.59",
            "revenue": 787280
        },
        "2013-01": {
            "month": "2013-01",
            "price": "67.45",
            "revenue": 1274374
        },
        "2013-02": {
            "month": "2013-02",
            "price": "77.27",
            "revenue": 679226
        },
        "2013-03": {
            "month": "2013-03",
            "price": "72.37",
            "revenue": 1040019
        },
        "2013-04": {
            "month": "2013-04",
            "price": "70.04",
            "revenue": 1591228
        },
        "2013-05": {
            "month": "2013-05",
            "price": "73.58",
            "revenue": 1681611
        },
        "2013-06": {
            "month": "2013-06",
            "price": "70.84",
            "revenue": 1501314
        },
        "2013-07": {
            "month": "2013-07",
            "price": "72.79",
            "revenue": 576861
        },
        "2013-08": {
            "month": "2013-08",
            "price": "81.28",
            "revenue": 1033444
        },
        "2013-09": {
            "month": "2013-09",
            "price": "76.75",
            "revenue": 1034421
        },
        "2013-10": {
            "month": "2013-10",
            "price": "79.83",
            "revenue": 826898
        },
        "2013-11": {
            "month": "2013-11",
            "price": "80.33",
            "revenue": 805708
        },
        "2013-12": {
            "month": "2013-12",
            "price": "82.82",
            "revenue": 953193
        },
        "2014-01": {
            "month": "2014-01",
            "price": "81.20",
            "revenue": 937440
        },
        "2014-02": {
            "month": "2014-02",
            "price": "78.43",
            "revenue": 597975
        },
        "2014-03": {
            "month": "2014-03",
            "price": "79.44",
            "revenue": 1287821
        },
        "2014-04": {
            "month": "2014-04",
            "price": "77.70",
            "revenue": 1442902
        },
        "2014-05": {
            "month": "2014-05",
            "price": "63.73",
            "revenue": 1454973
        },
        "2014-06": {
            "month": "2014-06",
            "price": "60.50",
            "revenue": 1554190
        },
        "2014-07": {
            "month": "2014-07",
            "price": "59.60",
            "revenue": 526696
        },
        "2014-08": {
            "month": "2014-08",
            "price": "51.38",
            "revenue": 917606
        },
        "2014-09": {
            "month": "2014-09",
            "price": "47.95",
            "revenue": 943679
        },
        "2014-10": {
            "month": "2014-10",
            "price": "39.21",
            "revenue": 790107
        },
        "2014-11": {
            "month": "2014-11",
            "price": "34.17",
            "revenue": 703998
        },
        "2014-12": {
            "month": "2014-12",
            "price": "32.98",
            "revenue": 960442
        },
        "2015-01": {
            "month": "2015-01",
            "price": "28.94",
            "revenue": 1277817
        },
        "2015-02": {
            "month": "2015-02",
            "price": "28.42",
            "revenue": 389514
        },
        "2015-03": {
            "month": "2015-03",
            "price": "28.46",
            "revenue": 1293892
        },
        "2015-04": {
            "month": "2015-04",
            "price": "29.54",
            "revenue": 1414891
        },
        "2015-05": {
            "month": "2015-05",
            "price": "35.52",
            "revenue": 1353115
        },
        "2015-06": {
            "month": "2015-06",
            "price": "30.18",
            "revenue": 1160276
        },
        "2015-07": {
            "month": "2015-07",
            "price": "25.95",
            "revenue": 519829
        },
        "2015-08": {
            "month": "2015-08",
            "price": "23.95",
            "revenue": 577458
        },
        "2015-09": {
            "month": "2015-09",
            "price": "23.54",
            "revenue": 871266
        },
        "2015-10": {
            "month": "2015-10",
            "price": "24.19",
            "revenue": 573807
        },
        "2015-11": {
            "month": "2015-11",
            "price": "24.48",
            "revenue": 690402
        },
        "2015-12": {
            "month": "2015-12",
            "price": "22.10",
            "revenue": 845402
        },
        "2016-01": {
            "month": "2016-01",
            "price": "20.95",
            "revenue": 1055276
        },
        "2016-02": {
            "month": "2016-02",
            "price": "21.60",
            "revenue": 534381
        },
        "2016-03": {
            "month": "2016-03",
            "price": "23.01",
            "revenue": 1264178
        },
        "2016-04": {
            "month": "2016-04",
            "price": "23.11",
            "revenue": 1433423
        },
        "2016-05": {
            "month": "2016-05",
            "price": "24.58",
            "revenue": 1333447
        },
        "2016-06": {
            "month": "2016-06",
            "price": "26.07",
            "revenue": 1154158
        },
        "2016-07": {
            "month": "2016-07",
            "price": "24.70",
            "revenue": 656829
        },
        "2016-08": {
            "month": "2016-08",
            "price": "27.57",
            "revenue": 688693
        },
        "2016-09": {
            "month": "2016-09",
            "price": "26.36",
            "revenue": 646115
        },
        "2016-10": {
            "month": "2016-10",
            "price": "26.98",
            "revenue": 740914
        },
        "2016-11": {
            "month": "2016-11",
            "price": "25.49",
            "revenue": 858844
        },
        "2016-12": {
            "month": "2016-12",
            "price": "25.98",
            "revenue": 665744
        },
        "2017-01": {
            "month": "2017-01",
            "price": "25.91",
            "revenue": 936213
        },
        "2017-02": {
            "month": "2017-02",
            "price": "26.13",
            "revenue": 554686
        },
        "2017-03": {
            "month": "2017-03",
            "price": "28.62",
            "revenue": 1133611
        },
        "2017-04": {
            "month": "2017-04",
            "price": "29.29",
            "revenue": 1289295
        },
        "2017-05": {
            "month": "2017-05",
            "price": "30.90",
            "revenue": 1333270
        },
        "2017-06": {
            "month": "2017-06",
            "price": "31.12",
            "revenue": 917684
        },
        "2017-07": {
            "month": "2017-07",
            "price": "29.44",
            "revenue": 581825
        },
        "2017-08": {
            "month": "2017-08",
            "price": "27.43",
            "revenue": 452520
        },
        "2017-09": {
            "month": "2017-09",
            "price": "27.68",
            "revenue": 911154
        },
        "2017-10": {
            "month": "2017-10",
            "price": "29.26",
            "revenue": 621827
        },
        "2017-11": {
            "month": "2017-11",
            "price": "26.52",
            "revenue": 582417
        },
        "2017-12": {
            "month": "2017-12",
            "price": "23.71",
            "revenue": 709700
        },
        "2018-01": {
            "month": "2018-01",
            "price": "25.39",
            "revenue": 904093
        },
        "2018-02": {
            "month": "2018-02",
            "price": "23.38",
            "revenue": 520178
        },
        "2018-03": {
            "month": "2018-03",
            "price": "24.02",
            "revenue": 1181907
        },
        "2018-04": {
            "month": "2018-04",
            "price": "23.04",
            "revenue": 1364247
        },
        "2018-05": {
            "month": "2018-05",
            "price": "20.35",
            "revenue": 1405009
        },
        "2018-06": {
            "month": "2018-06",
            "price": "21.14",
            "revenue": 1189167
        },
        "2018-07": {
            "month": "2018-07",
            "price": "20.21",
            "revenue": 644070
        },
        "2018-08": {
            "month": "2018-08",
            "price": "18.35",
            "revenue": 445693
        },
        "2018-09": {
            "month": "2018-09",
            "price": "17.66",
            "revenue": 899247
        },
        "2018-10": {
            "month": "2018-10",
            "price": "15.12",
            "revenue": 767684
        },
        "2018-11": {
            "month": "2018-11",
            "price": "12.80",
            "revenue": 530354
        },
        "2018-12": {
            "month": "2018-12",
            "price": "13.38",
            "revenue": 763289
        },
        "2019-01": {
            "month": "2019-01",
            "price": "14.14",
            "revenue": 734777
        },
        "2019-02": {
            "month": "2019-02",
            "price": "15.80",
            "revenue": 513999
        },
        "2019-03": {
            "month": "2019-03",
            "price": "26.02",
            "revenue": 1170834
        },
        "2019-04": {
            "month": "2019-04",
            "price": "24.94",
            "revenue": 1398505
        },
        "2019-05": {
            "month": "2019-05",
            "price": "23.20",
            "revenue": 1406291
        },
        "2019-06": {
            "month": "2019-06",
            "price": "24.93",
            "revenue": 1105443
        },
        "2019-07": {
            "month": "2019-07",
            "price": "27.38",
            "revenue": 497310
        },
        "2019-08": {
            "month": "2019-08",
            "price": "30.78",
            "revenue": 523062
        },
        "2019-09": {
            "month": "2019-09",
            "price": "31.77",
            "revenue": 848845
        },
        "2019-10": {
            "month": "2019-10",
            "price": "30.94",
            "revenue": 752758
        },
        "2019-11": {
            "month": "2019-11",
            "price": "30.78",
            "revenue": 643642
        },
        "2019-12": {
            "month": "2019-12",
            "price": "29.35",
            "revenue": 547315
        },
        "2020-02": {
            "month": "2020-02",
            "price": "27.38",
            "revenue": 305425
        },
        "2020-03": {
            "month": "2020-03",
            "price": "22.66",
            "revenue": 1069716
        },
        "2020-04": {
            "month": "2020-04",
            "price": "22.98",
            "revenue": 1010444
        },
        "2020-05": {
            "month": "2020-05",
            "price": "25.70",
            "revenue": 1353286
        },
        "2020-06": {
            "month": "2020-06",
            "price": "27.74",
            "revenue": 1375128
        },
        "2020-07": {
            "month": "2020-07",
            "price": "27.78",
            "revenue": 699808
        },
        "2020-08": {
            "month": "2020-08",
            "price": "26.03",
            "revenue": 413072
        },
        "2020-09": {
            "month": "2020-09",
            "price": "25.15",
            "revenue": 645779
        },
        "2020-10": {
            "month": "2020-10",
            "price": "24.19",
            "revenue": 645345
        },
        "2020-11": {
            "month": "2020-11",
            "price": "24.56",
            "revenue": 433739
        },
        "2020-12": {
            "month": "2020-12",
            "price": "22.95",
            "revenue": 818937
        },
        "2021-01": {
            "month": "2021-01",
            "price": "23.56",
            "revenue": 801066
        },
        "2021-02": {
            "month": "2021-02",
            "price": "25.45",
            "revenue": 384880
        },
        "2021-03": {
            "month": "2021-03",
            "price": "26.52",
            "revenue": 1357586
        },
        "2021-04": {
            "month": "2021-04",
            "price": "27.97",
            "revenue": 1147031
        },
        "2021-05": {
            "month": "2021-05",
            "price": "25.68",
            "revenue": 1375276
        },
        "2021-06": {
            "month": "2021-06",
            "price": "25.37",
            "revenue": 1346111
        },
        "2021-07": {
            "month": "2021-07",
            "price": "26.79",
            "revenue": 717532
        },
        "2021-08": {
            "month": "2021-08",
            "price": "24.84",
            "revenue": 487627
        },
        "2021-09": {
            "month": "2021-09",
            "price": "23.34",
            "revenue": 838623
        },
        "2021-10": {
            "month": "2021-10",
            "price": "20.32",
            "revenue": 691578
        },
        "2021-11": {
            "month": "2021-11",
            "price": "19.42",
            "revenue": 513929
        },
        "2021-12": {
            "month": "2021-12",
            "price": "19.69",
            "revenue": 495351
        },
        "2022-01": {
            "month": "2022-01",
            "price": "20.50",
            "revenue": 605122
        },
        "2022-02": {
            "month": "2022-02",
            "price": "21.34",
            "revenue": 315591
        },
        "2022-03": {
            "month": "2022-03",
            "price": "20.05",
            "revenue": 1008428
        },
        "2022-04": {
            "month": "2022-04",
            "price": "20.18",
            "revenue": 1188835
        },
        "2022-05": {
            "month": "2022-05",
            "price": "19.13",
            "revenue": 1324995
        },
        "2022-06": {
            "month": "2022-06",
            "price": "18.51",
            "revenue": 1402909
        },
        "2022-07": {
            "month": "2022-07",
            "price": "17.49",
            "revenue": 712747
        },
        "2022-08": {
            "month": "2022-08",
            "price": "19.16",
            "revenue": 500166
        },
        "2022-09": {
            "month": "2022-09",
            "price": "18.67",
            "revenue": 733716
        },
        "2022-10": {
            "month": "2022-10",
            "price": "16.64",
            "revenue": 488480
        },
        "2022-11": {
            "month": "2022-11",
            "price": "16.41",
            "revenue": 441967
        },
        "2022-12": {
            "month": "2022-12",
            "price": "16.94",
            "revenue": 497907
        },
        "2023-01": {
            "month": "2023-01",
            "price": "16.79",
            "revenue": 429440
        },
        "2023-02": {
            "month": "2023-02",
            "price": "17.51",
            "revenue": 493934
        },
        "2023-03": {
            "month": "2023-03",
            "price": "18.67",
            "revenue": 922491
        },
        "2023-04": {
            "month": "2023-04",
            "price": "18.58",
            "revenue": 1090990
        },
        "2023-05": {
            "month": "2023-05",
            "price": "18.70",
            "revenue": 1285260
        },
        "2023-06": {
            "month": "2023-06",
            "price": "18.65",
            "revenue": 1235197
        },
        "2023-07": {
            "month": "2023-07",
            "price": "18.59",
            "revenue": 654939
        },
        "2023-08": {
            "month": "2023-08",
            "price": "17.72",
            "revenue": 277656
        },
        "2023-09": {
            "month": "2023-09",
            "price": "16.92",
            "revenue": 524592
        },
        "2023-10": {
            "month": "2023-10",
            "price": "16.93",
            "revenue": 410611
        },
        "2023-11": {
            "month": "2023-11",
            "price": "16.60",
            "revenue": 552936
        },
        "2023-12": {
            "month": "2023-12",
            "price": "16.59",
            "revenue": 523708
        }
    }
}
