{
    "summary": {
        "stock_name": "中化",
        "stock_id": "1701",
        "category": "生技醫療",
        "main_business": "醫藥品、農畜藥品、個人衛生保健用品、醫療儀器之進口、買賣",
        "website_url": "http://www.ccpc.com.tw",
        "ceo": "吳志庸",
        "pe_ratio": 23,
        "report_year_from": 2001,
        "report_year_to": 2023,
        "age": 23,
        "eps_negative_percentage": 9,
        "eps_growth_avg": {
            "last_all": 5.64,
            "last_2y": -23.44,
            "last_4y": -4.27,
            "last_8y": -1.5,
            "last_12y": -0.3,
            "last_16y": 0.48,
            "last_20y": 5.64,
            "at_2006_last_3y": 34.89,
            "at_2007_last_3y": 23.84,
            "at_2008_last_3y": -19.11,
            "at_2009_last_3y": 29.73,
            "at_2010_last_3y": 2.99,
            "at_2011_last_3y": 1.39,
            "at_2012_last_3y": 20.81,
            "at_2013_last_3y": -10.44,
            "at_2014_last_3y": 2.41,
            "at_2015_last_3y": 6.55,
            "at_2016_last_3y": 2.53,
            "at_2017_last_3y": 8.55,
            "at_2018_last_3y": 1.96,
            "at_2019_last_3y": 2.75,
            "at_2020_last_3y": 16.54,
            "at_2021_last_3y": 14.9,
            "at_2022_last_3y": 8.64,
            "at_2023_last_3y": -6.34,
            "at_2024_last_3y": -6.34,
            "at_2006_last_all": 34.89,
            "at_2007_last_all": 23.84,
            "at_2008_last_all": 4.71,
            "at_2009_last_all": 20.59,
            "at_2010_last_all": 16.66,
            "at_2011_last_all": 12.62,
            "at_2012_last_all": 11.87,
            "at_2013_last_all": 8.18,
            "at_2014_last_all": 11.48,
            "at_2015_last_all": 10.59,
            "at_2016_last_all": 9,
            "at_2017_last_all": 8.29,
            "at_2018_last_all": 8.94,
            "at_2019_last_all": 8.63,
            "at_2020_last_all": 10.77,
            "at_2021_last_all": 9.76,
            "at_2022_last_all": 8.88,
            "at_2023_last_all": 5.64,
            "at_2024_last_all": 5.64
        },
        "latest_eps": 1.07,
        "latest_price": 24.35,
        "latest_roe": 4.35,
        "latest_gross_margin": 36.85,
        "latest_equity": 7376747,
        "latest_revenue": 2095567,
        "latest_gross_profit": 772235,
        "latest_net_income": 57377,
        "latest_debt_ratio": 41.56,
        "latest_current_ratio": 156.98,
        "latest_account_receivable_turnover_ratio": 0.99,
        "latest_inventory_turnover_ratio": 0.52,
        "latest_reinvestment_rate": 28.33,
        "latest_research_to_sale_ratio": 5.08
    },
    "eps_dividends": {
        "1990": {
            "cash": 0,
            "stock": 0.1,
            "eps": 0
        },
        "1991": {
            "cash": 0,
            "stock": 0.1,
            "eps": 0
        },
        "1992": {
            "cash": 0,
            "stock": 0.1,
            "eps": 0
        },
        "1993": {
            "cash": 0,
            "stock": 0.1,
            "eps": 0
        },
        "1994": {
            "cash": 0,
            "stock": 0.1,
            "eps": 0
        },
        "2000": {
            "cash": 0,
            "stock": 0.1,
            "eps": 0
        },
        "2001": {
            "cash": 0,
            "stock": 0,
            "eps": -0.51
        },
        "2002": {
            "cash": 0,
            "stock": 0,
            "eps": -0.41
        },
        "2003": {
            "cash": 0,
            "stock": 0,
            "eps": 1.27
        },
        "2004": {
            "cash": 0.2,
            "stock": 0.8,
            "eps": 3.22
        },
        "2005": {
            "cash": 0.5,
            "stock": 1,
            "eps": 0.15
        },
        "2006": {
            "cash": 0.7,
            "stock": 0,
            "eps": 0.86
        },
        "2007": {
            "cash": 0.7,
            "stock": 0,
            "eps": 0.78
        },
        "2008": {
            "cash": 0.5,
            "stock": 0,
            "eps": 0.22
        },
        "2009": {
            "cash": 0.2,
            "stock": 0,
            "eps": 1.3
        },
        "2010": {
            "cash": 0.7,
            "stock": 0,
            "eps": 1.21
        },
        "2011": {
            "cash": 1.2,
            "stock": 0,
            "eps": 1.02
        },
        "2012": {
            "cash": 0,
            "stock": 0,
            "eps": 1.08
        },
        "2013": {
            "cash": 0.5,
            "stock": 0,
            "eps": 0.81
        },
        "2014": {
            "cash": 0.5,
            "stock": 0,
            "eps": 1.17
        },
        "2015": {
            "cash": 0.6,
            "stock": 0,
            "eps": 1.18
        },
        "2016": {
            "cash": 0.6,
            "stock": 0,
            "eps": 1.06
        },
        "2017": {
            "cash": 0.6,
            "stock": 0,
            "eps": 1.05
        },
        "2018": {
            "cash": 0.6,
            "stock": 0,
            "eps": 1.24
        },
        "2019": {
            "cash": 0.8,
            "stock": 0,
            "eps": 1.29
        },
        "2020": {
            "cash": 0.8,
            "stock": 0,
            "eps": 1.87
        },
        "2021": {
            "cash": 1,
            "stock": 0,
            "eps": 1.73
        },
        "2022": {
            "cash": 0.9,
            "stock": 0,
            "eps": 1.61
        },
        "2023": {
            "cash": 1.6,
            "stock": 0,
            "eps": 0.71
        }
    },
    "dividends": {
        "1990-05-12": {
            "cash": 0,
            "stock": 0.1
        },
        "1991-05-04": {
            "cash": 0,
            "stock": 0.1
        },
        "1992-04-11": {
            "cash": 0,
            "stock": 0.1
        },
        "1993-05-29": {
            "cash": 0,
            "stock": 0.1
        },
        "1994-05-28": {
            "cash": 0,
            "stock": 0.1
        },
        "2000-06-14": {
            "cash": 0,
            "stock": 0.1
        },
        "2004-03-09": {
            "cash": 0.2,
            "stock": 0.8
        },
        "2005-03-08": {
            "cash": 0.5,
            "stock": 1
        },
        "2006-03-15": {
            "cash": 0.7,
            "stock": 0
        },
        "2007-03-19": {
            "cash": 0.7,
            "stock": 0
        },
        "2008-03-18": {
            "cash": 0.5,
            "stock": 0
        },
        "2009-03-17": {
            "cash": 0.2,
            "stock": 0
        },
        "2010-03-15": {
            "cash": 0.7,
            "stock": 0
        },
        "2011-01-01": {
            "cash": 0.5,
            "stock": 0
        },
        "2011-03-16": {
            "cash": 0.7,
            "stock": 0
        },
        "2013-03-11": {
            "cash": 0.5,
            "stock": 0
        },
        "2014-08-14": {
            "cash": 0.5,
            "stock": 0
        },
        "2015-08-25": {
            "cash": 0.6,
            "stock": 0
        },
        "2016-08-17": {
            "cash": 0.6,
            "stock": 0
        },
        "2017-08-17": {
            "cash": 0.6,
            "stock": 0
        },
        "2018-08-17": {
            "cash": 0.6,
            "stock": 0
        },
        "2019-08-19": {
            "cash": 0.8,
            "stock": 0
        },
        "2020-08-18": {
            "cash": 0.8,
            "stock": 0
        },
        "2021-08-20": {
            "cash": 1,
            "stock": 0
        },
        "2022-08-19": {
            "cash": 0.9,
            "stock": 0
        },
        "2023-03-07": {
            "cash": 0.8,
            "stock": 0
        },
        "2023-08-22": {
            "cash": 0.8,
            "stock": 0
        }
    },
    "prices": {
        "200101": "8.42",
        "200102": "9.03",
        "200103": "11.05",
        "200104": "9.99",
        "200105": "8.21",
        "200106": "8.17",
        "200107": "6.75",
        "200108": "6.81",
        "200109": "6.47",
        "200110": "7.11",
        "200111": "7.09",
        "200112": "7.47",
        "200201": "8.33",
        "200202": "8.35",
        "200203": "8.85",
        "200204": "10.23",
        "200205": "10.20",
        "200206": "9.48",
        "200207": "8.92",
        "200208": "8.21",
        "200209": "7.07",
        "200210": "7.21",
        "200211": "7.78",
        "200212": "7.90",
        "200301": "8.67",
        "200302": "8.33",
        "200303": "8.26",
        "200304": "8.64",
        "200305": "8.22",
        "200306": "8.42",
        "200307": "8.25",
        "200308": "7.98",
        "200309": "8.77",
        "200310": "9.73",
        "200311": "9.94",
        "200312": "10.25",
        "200401": "11.31",
        "200402": "13.61",
        "200403": "14.08",
        "200404": "13.06",
        "200405": "11.36",
        "200406": "11.75",
        "200407": "11.02",
        "200408": "10.54",
        "200409": "13.77",
        "200410": "13.21",
        "200411": "13.43",
        "200412": "13.82",
        "200501": "14.18",
        "200502": "13.79",
        "200503": "13.56",
        "200504": "12.48",
        "200505": "12.12",
        "200506": "12.89",
        "200507": "12.43",
        "200508": "10.66",
        "200509": "8.89",
        "200510": "9.78",
        "200511": "12.48",
        "200512": "11.08",
        "200601": "10.76",
        "200602": "10.62",
        "200603": "10.56",
        "200604": "10.98",
        "200605": "12.30",
        "200606": "10.92",
        "200607": "10.39",
        "200608": "9.51",
        "200609": "9.58",
        "200610": "10.70",
        "200611": "10.85",
        "200612": "11.44",
        "200701": "11.58",
        "200702": "11.34",
        "200703": "10.95",
        "200704": "12.52",
        "200705": "13.33",
        "200706": "14.77",
        "200707": "23.82",
        "200708": "22.55",
        "200709": "23.39",
        "200710": "23.51",
        "200711": "18.15",
        "200712": "16.08",
        "200801": "15.83",
        "200802": "17.66",
        "200803": "20.35",
        "200804": "22.18",
        "200805": "21.41",
        "200806": "16.99",
        "200807": "14.79",
        "200808": "14.83",
        "200809": "11.24",
        "200810": "10.72",
        "200811": "11.95",
        "200812": "12.60",
        "200901": "13.06",
        "200902": "12.31",
        "200903": "12.97",
        "200904": "17.72",
        "200905": "22.27",
        "200906": "19.86",
        "200907": "21.73",
        "200908": "22.89",
        "200909": "25.06",
        "200910": "23.98",
        "200911": "23.80",
        "200912": "23.83",
        "201001": "22.38",
        "201002": "17.94",
        "201003": "20.50",
        "201004": "21.77",
        "201005": "19.69",
        "201006": "19.39",
        "201007": "21.21",
        "201008": "24.20",
        "201009": "26.15",
        "201010": "29.64",
        "201011": "29.36",
        "201012": "30.11",
        "201101": "27.96",
        "201102": "26.73",
        "201103": "25.81",
        "201104": "26.00",
        "201105": "26.21",
        "201106": "23.56",
        "201107": "23.88",
        "201108": "20.16",
        "201109": "18.66",
        "201110": "18.35",
        "201111": "18.26",
        "201112": "16.76",
        "201201": "17.48",
        "201202": "21.93",
        "201203": "22.46",
        "201204": "19.44",
        "201205": "17.95",
        "201206": "17.12",
        "201207": "18.29",
        "201208": "19.00",
        "201209": "19.94",
        "201210": "20.15",
        "201211": "19.12",
        "201212": "20.18",
        "201301": "20.25",
        "201302": "20.42",
        "201303": "20.41",
        "201304": "21.92",
        "201305": "20.73",
        "201306": "20.29",
        "201307": "20.81",
        "201308": "21.15",
        "201309": "22.92",
        "201310": "24.33",
        "201311": "23.41",
        "201312": "23.11",
        "201401": "23.23",
        "201402": "23.33",
        "201403": "23.05",
        "201404": "22.85",
        "201405": "22.91",
        "201406": "23.09",
        "201407": "22.91",
        "201408": "21.66",
        "201409": "21.52",
        "201410": "20.73",
        "201411": "20.22",
        "201412": "20.10",
        "201501": "20.62",
        "201502": "20.30",
        "201503": "20.38",
        "201504": "20.32",
        "201505": "19.91",
        "201506": "19.00",
        "201507": "19.93",
        "201508": "17.45",
        "201509": "17.21",
        "201510": "18.16",
        "201511": "19.18",
        "201512": "19.71",
        "201601": "18.69",
        "201602": "19.73",
        "201603": "19.80",
        "201604": "19.00",
        "201605": "18.32",
        "201606": "18.49",
        "201607": "18.52",
        "201608": "18.21",
        "201609": "18.13",
        "201610": "17.98",
        "201611": "17.86",
        "201612": "18.10",
        "201701": "18.11",
        "201702": "19.29",
        "201703": "19.54",
        "201704": "18.56",
        "201705": "18.64",
        "201706": "18.92",
        "201707": "18.55",
        "201708": "17.89",
        "201709": "18.03",
        "201710": "17.91",
        "201711": "18.18",
        "201712": "18.59",
        "201801": "18.82",
        "201802": "18.43",
        "201803": "19.33",
        "201804": "19.93",
        "201805": "20.65",
        "201806": "20.28",
        "201807": "19.73",
        "201808": "20.52",
        "201809": "22.22",
        "201810": "20.71",
        "201811": "18.32",
        "201812": "18.35",
        "201901": "18.47",
        "201902": "18.84",
        "201903": "18.95",
        "201904": "18.88",
        "201905": "18.69",
        "201906": "18.94",
        "201907": "19.48",
        "201908": "18.43",
        "201909": "18.67",
        "201910": "18.92",
        "201911": "19.05",
        "201912": "19.08",
        "202001": "19.55",
        "202002": "20.35",
        "202003": "19.02",
        "202004": "20.19",
        "202005": "21.93",
        "202006": "23.22",
        "202007": "24.14",
        "202008": "23.11",
        "202009": "23.96",
        "202010": "23.02",
        "202011": "23.44",
        "202012": "23.15",
        "202101": "22.63",
        "202102": "22.31",
        "202103": "22.86",
        "202104": "23.71",
        "202105": "23.45",
        "202106": "23.95",
        "202107": "24.62",
        "202108": "22.94",
        "202109": "23.22",
        "202110": "22.07",
        "202111": "22.38",
        "202112": "22.67",
        "202201": "22.44",
        "202202": "22.35",
        "202203": "22.07",
        "202204": "24.03",
        "202205": "22.92",
        "202206": "21.99",
        "202207": "21.58",
        "202208": "21.62",
        "202209": "22.19",
        "202210": "20.70",
        "202211": "20.70",
        "202212": "28.05",
        "202301": "28.48",
        "202302": "27.48",
        "202303": "26.39",
        "202304": "26.43",
        "202305": "26.37",
        "202306": "25.99",
        "202307": "25.16",
        "202308": "23.57",
        "202309": "23.26",
        "202310": "22.88",
        "202311": "23.52",
        "202312": "24.84"
    },
    "quarters": {
        "20011": {
            "year_quarter": 20011,
            "year": 2001,
            "quarter": 1,
            "eps": 0.01,
            "eps_growth_year": -85.71,
            "eps_4q": -0.27,
            "eps_4q_growth_year": -284.9,
            "roe": 0.06,
            "roe_4q": 0.06,
            "gross_profit": 192176,
            "gross_margin": 32.12,
            "gross_margin_4q_avg": 32.12,
            "net_income": 2196,
            "net_income_4q": null,
            "revenue": 598400,
            "revenue_4q": null,
            "common_shares": 2509100,
            "book_valuer_per_share": 13.6,
            "book_valuer_per_share_4q_avg": 13.6,
            "equity": 3412980,
            "current_ratio": 114.8,
            "debt_ratio": 45.74,
            "inventory_turnover_ratio": 0.57,
            "account_receivable_turnover_ratio": null,
            "reinvestment_rate": null,
            "research_to_sale_ratio": null,
            "price_fair": 0,
            "eps_avg_yearly": 0,
            "eps_latest_yearly": 0,
            "eps_growth_yearly": 0
        },
        "20012": {
            "year_quarter": 20012,
            "year": 2001,
            "quarter": 2,
            "eps": -0.17,
            "eps_growth_year": -1800,
            "eps_4q": -0.41,
            "eps_4q_growth_year": -376.38,
            "roe": -1.24,
            "roe_4q": -1.18,
            "gross_profit": 180899,
            "gross_margin": 30.77,
            "gross_margin_4q_avg": 31.45,
            "net_income": -41931,
            "net_income_4q": null,
            "revenue": 587989,
            "revenue_4q": null,
            "common_shares": 2509100,
            "book_valuer_per_share": 13.45,
            "book_valuer_per_share_4q_avg": 13.53,
            "equity": 3375754,
            "current_ratio": 111.67,
            "debt_ratio": 46.87,
            "inventory_turnover_ratio": 0.61,
            "account_receivable_turnover_ratio": null,
            "reinvestment_rate": null,
            "research_to_sale_ratio": null,
            "price_fair": 0,
            "eps_avg_yearly": 0,
            "eps_latest_yearly": 0,
            "eps_growth_yearly": 0
        },
        "20013": {
            "year_quarter": 20013,
            "year": 2001,
            "quarter": 3,
            "eps": -0.19,
            "eps_growth_year": null,
            "eps_4q": -0.48,
            "eps_4q_growth_year": null,
            "roe": -1.39,
            "roe_4q": -2.57,
            "gross_profit": 197649,
            "gross_margin": 32.74,
            "gross_margin_4q_avg": 31.88,
            "net_income": -46604,
            "net_income_4q": null,
            "revenue": 603645,
            "revenue_4q": null,
            "common_shares": 2509100,
            "book_valuer_per_share": 13.27,
            "book_valuer_per_share_4q_avg": 13.44,
            "equity": 3329479,
            "current_ratio": 108.02,
            "debt_ratio": 47.14,
            "inventory_turnover_ratio": 0.6,
            "account_receivable_turnover_ratio": null,
            "reinvestment_rate": null,
            "research_to_sale_ratio": null,
            "price_fair": 0,
            "eps_avg_yearly": 0,
            "eps_latest_yearly": 0,
            "eps_growth_yearly": 0
        },
        "20014": {
            "year_quarter": 20014,
            "year": 2001,
            "quarter": 4,
            "eps": -0.16,
            "eps_growth_year": null,
            "eps_4q": -0.48,
            "eps_4q_growth_year": null,
            "roe": -1.18,
            "roe_4q": -3.7499999999999996,
            "gross_profit": 196065,
            "gross_margin": 31.99,
            "gross_margin_4q_avg": 31.91,
            "net_income": -39292,
            "net_income_4q": null,
            "revenue": 612853,
            "revenue_4q": null,
            "common_shares": 2509100,
            "book_valuer_per_share": 13.07,
            "book_valuer_per_share_4q_avg": 13.35,
            "equity": 3320838,
            "current_ratio": 96.82,
            "debt_ratio": 52.88,
            "inventory_turnover_ratio": 0.6,
            "account_receivable_turnover_ratio": null,
            "reinvestment_rate": null,
            "research_to_sale_ratio": null,
            "price_fair": 0,
            "eps_avg_yearly": 0,
            "eps_latest_yearly": 0,
            "eps_growth_yearly": 0
        },
        "20021": {
            "year_quarter": 20021,
            "year": 2002,
            "quarter": 1,
            "eps": 0.02,
            "eps_growth_year": 100,
            "eps_4q": -0.65,
            "eps_4q_growth_year": null,
            "roe": 0.12,
            "roe_4q": -3.6900000000000004,
            "gross_profit": 184718,
            "gross_margin": 28.83,
            "gross_margin_4q_avg": 31.08,
            "net_income": 3814,
            "net_income_4q": null,
            "revenue": 640781,
            "revenue_4q": null,
            "common_shares": 2509100,
            "book_valuer_per_share": 12.77,
            "book_valuer_per_share_4q_avg": 13.14,
            "equity": 3204969,
            "current_ratio": 106.65,
            "debt_ratio": 48.74,
            "inventory_turnover_ratio": 0.7,
            "account_receivable_turnover_ratio": null,
            "reinvestment_rate": null,
            "research_to_sale_ratio": null,
            "price_fair": 0,
            "eps_avg_yearly": 0,
            "eps_latest_yearly": 0,
            "eps_growth_yearly": 0
        },
        "20022": {
            "year_quarter": 20022,
            "year": 2002,
            "quarter": 2,
            "eps": -0.07,
            "eps_growth_year": null,
            "eps_4q": -0.4,
            "eps_4q_growth_year": null,
            "roe": -0.58,
            "roe_4q": -3.03,
            "gross_profit": 167944,
            "gross_margin": 28.14,
            "gross_margin_4q_avg": 30.43,
            "net_income": -18556,
            "net_income_4q": null,
            "revenue": 596776,
            "revenue_4q": null,
            "common_shares": 2509100,
            "book_valuer_per_share": 12.65,
            "book_valuer_per_share_4q_avg": 12.94,
            "equity": 3174382,
            "current_ratio": 103.39,
            "debt_ratio": 49.48,
            "inventory_turnover_ratio": 0.74,
            "account_receivable_turnover_ratio": null,
            "reinvestment_rate": null,
            "research_to_sale_ratio": null,
            "price_fair": 0,
            "eps_avg_yearly": 0,
            "eps_latest_yearly": 0,
            "eps_growth_yearly": 0
        },
        "20023": {
            "year_quarter": 20023,
            "year": 2002,
            "quarter": 3,
            "eps": -0.04,
            "eps_growth_year": null,
            "eps_4q": -0.25,
            "eps_4q_growth_year": null,
            "roe": -0.3,
            "roe_4q": -1.94,
            "gross_profit": 183927,
            "gross_margin": 31.12,
            "gross_margin_4q_avg": 30.02,
            "net_income": -9468,
            "net_income_4q": null,
            "revenue": 591116,
            "revenue_4q": null,
            "common_shares": 2509100,
            "book_valuer_per_share": 12.64,
            "book_valuer_per_share_4q_avg": 12.78,
            "equity": 3171953,
            "current_ratio": 100.76,
            "debt_ratio": 48.97,
            "inventory_turnover_ratio": 0.73,
            "account_receivable_turnover_ratio": null,
            "reinvestment_rate": null,
            "research_to_sale_ratio": null,
            "price_fair": 0,
            "eps_avg_yearly": 0,
            "eps_latest_yearly": 0,
            "eps_growth_yearly": 0
        },
        "20024": {
            "year_quarter": 20024,
            "year": 2002,
            "quarter": 4,
            "eps": -0.32,
            "eps_growth_year": null,
            "eps_4q": -0.42,
            "eps_4q_growth_year": null,
            "roe": -2.45,
            "roe_4q": -3.21,
            "gross_profit": 177368,
            "gross_margin": 30.06,
            "gross_margin_4q_avg": 29.54,
            "net_income": -77147,
            "net_income_4q": null,
            "revenue": 589972,
            "revenue_4q": null,
            "common_shares": 2509100,
            "book_valuer_per_share": 12.33,
            "book_valuer_per_share_4q_avg": 12.6,
            "equity": 3135743,
            "current_ratio": 89.2,
            "debt_ratio": 55.39,
            "inventory_turnover_ratio": 0.69,
            "account_receivable_turnover_ratio": null,
            "reinvestment_rate": null,
            "research_to_sale_ratio": null,
            "price_fair": 0,
            "eps_avg_yearly": 0,
            "eps_latest_yearly": 0,
            "eps_growth_yearly": 0
        },
        "20031": {
            "year_quarter": 20031,
            "year": 2003,
            "quarter": 1,
            "eps": 0.02,
            "eps_growth_year": 0,
            "eps_4q": -0.42,
            "eps_4q_growth_year": null,
            "roe": 0.15,
            "roe_4q": -3.18,
            "gross_profit": 196188,
            "gross_margin": 31.4,
            "gross_margin_4q_avg": 30.18,
            "net_income": 4791,
            "net_income_4q": null,
            "revenue": 624722,
            "revenue_4q": null,
            "common_shares": 2509100,
            "book_valuer_per_share": 12.35,
            "book_valuer_per_share_4q_avg": 12.49,
            "equity": 3099234,
            "current_ratio": 93.77,
            "debt_ratio": 51.39,
            "inventory_turnover_ratio": 0.73,
            "account_receivable_turnover_ratio": null,
            "reinvestment_rate": null,
            "research_to_sale_ratio": null,
            "price_fair": 0,
            "eps_avg_yearly": 0,
            "eps_latest_yearly": 0,
            "eps_growth_yearly": 0
        },
        "20032": {
            "year_quarter": 20032,
            "year": 2003,
            "quarter": 2,
            "eps": 1.23,
            "eps_growth_year": null,
            "eps_4q": 0.89,
            "eps_4q_growth_year": null,
            "roe": 9.05,
            "roe_4q": 6.450000000000001,
            "gross_profit": 225315,
            "gross_margin": 32.84,
            "gross_margin_4q_avg": 31.36,
            "net_income": 293834,
            "net_income_4q": null,
            "revenue": 686076,
            "revenue_4q": null,
            "common_shares": 2509100,
            "book_valuer_per_share": 13.52,
            "book_valuer_per_share_4q_avg": 12.71,
            "equity": 3391819,
            "current_ratio": 109.3,
            "debt_ratio": 47.11,
            "inventory_turnover_ratio": 0.85,
            "account_receivable_turnover_ratio": null,
            "reinvestment_rate": -410.4,
            "research_to_sale_ratio": null,
            "price_fair": 172.2,
            "eps_avg_yearly": 4.92,
            "eps_latest_yearly": 4.92,
            "eps_growth_yearly": 24200
        },
        "20033": {
            "year_quarter": 20033,
            "year": 2003,
            "quarter": 3,
            "eps": -0.01,
            "eps_growth_year": null,
            "eps_4q": 0.87,
            "eps_4q_growth_year": null,
            "roe": -0.09,
            "roe_4q": 6.660000000000001,
            "gross_profit": 183868,
            "gross_margin": 33.1,
            "gross_margin_4q_avg": 31.85,
            "net_income": -3005,
            "net_income_4q": null,
            "revenue": 555515,
            "revenue_4q": null,
            "common_shares": 2509100,
            "book_valuer_per_share": 13.54,
            "book_valuer_per_share_4q_avg": 12.94,
            "equity": 3396286,
            "current_ratio": 105.48,
            "debt_ratio": 45.21,
            "inventory_turnover_ratio": 0.64,
            "account_receivable_turnover_ratio": null,
            "reinvestment_rate": -1875.39,
            "research_to_sale_ratio": null,
            "price_fair": 172.2,
            "eps_avg_yearly": 4.92,
            "eps_latest_yearly": 4.92,
            "eps_growth_yearly": 24200
        },
        "20034": {
            "year_quarter": 20034,
            "year": 2003,
            "quarter": 4,
            "eps": 0.03,
            "eps_growth_year": null,
            "eps_4q": 1.27,
            "eps_4q_growth_year": null,
            "roe": 0.21,
            "roe_4q": 9.32,
            "gross_profit": 206010,
            "gross_margin": 32.54,
            "gross_margin_4q_avg": 32.47,
            "net_income": 7163,
            "net_income_4q": null,
            "revenue": 633057,
            "revenue_4q": null,
            "common_shares": 2509100,
            "book_valuer_per_share": 13.85,
            "book_valuer_per_share_4q_avg": 13.32,
            "equity": 3514565,
            "current_ratio": 98.41,
            "debt_ratio": 49.52,
            "inventory_turnover_ratio": 0.72,
            "account_receivable_turnover_ratio": null,
            "reinvestment_rate": -2173.95,
            "research_to_sale_ratio": null,
            "price_fair": 172.2,
            "eps_avg_yearly": 4.92,
            "eps_latest_yearly": 4.92,
            "eps_growth_yearly": 24200
        },
        "20041": {
            "year_quarter": 20041,
            "year": 2004,
            "quarter": 1,
            "eps": 0.23,
            "eps_growth_year": 1050,
            "eps_4q": 1.45,
            "eps_4q_growth_year": null,
            "roe": 1.6,
            "roe_4q": 10.770000000000001,
            "gross_profit": 139946,
            "gross_margin": 22.78,
            "gross_margin_4q_avg": 30.32,
            "net_income": 56300,
            "net_income_4q": null,
            "revenue": 614437,
            "revenue_4q": null,
            "common_shares": 2509100,
            "book_valuer_per_share": 14.04,
            "book_valuer_per_share_4q_avg": 13.74,
            "equity": 3522853,
            "current_ratio": 90.25,
            "debt_ratio": 43.74,
            "inventory_turnover_ratio": 1.1,
            "account_receivable_turnover_ratio": null,
            "reinvestment_rate": -889.23,
            "research_to_sale_ratio": null,
            "price_fair": 102.2,
            "eps_avg_yearly": 2.92,
            "eps_latest_yearly": 0.92,
            "eps_growth_yearly": 13433.33
        },
        "20042": {
            "year_quarter": 20042,
            "year": 2004,
            "quarter": 2,
            "eps": 2.73,
            "eps_growth_year": 121.95,
            "eps_4q": 2.98,
            "eps_4q_growth_year": 236.05,
            "roe": 17.13,
            "roe_4q": 18.85,
            "gross_profit": 172565,
            "gross_margin": 25.72,
            "gross_margin_4q_avg": 28.54,
            "net_income": 654028,
            "net_income_4q": null,
            "revenue": 670957,
            "revenue_4q": null,
            "common_shares": 2509100,
            "book_valuer_per_share": 16.4,
            "book_valuer_per_share_4q_avg": 14.46,
            "equity": 4113975,
            "current_ratio": 130.4,
            "debt_ratio": 32.28,
            "inventory_turnover_ratio": 1.92,
            "account_receivable_turnover_ratio": null,
            "reinvestment_rate": -84.73,
            "research_to_sale_ratio": null,
            "price_fair": 195.53,
            "eps_avg_yearly": 5.59,
            "eps_latest_yearly": 10.92,
            "eps_growth_yearly": 10404.83
        },
        "20043": {
            "year_quarter": 20043,
            "year": 2004,
            "quarter": 3,
            "eps": 0.5,
            "eps_growth_year": null,
            "eps_4q": 3.26,
            "eps_4q_growth_year": 273.92,
            "roe": 3.13,
            "roe_4q": 22.07,
            "gross_profit": 177753,
            "gross_margin": 28.25,
            "gross_margin_4q_avg": 27.32,
            "net_income": 130176,
            "net_income_4q": null,
            "revenue": 629304,
            "revenue_4q": null,
            "common_shares": 2709828,
            "book_valuer_per_share": 15.47,
            "book_valuer_per_share_4q_avg": 14.94,
            "equity": 4191413,
            "current_ratio": 148.45,
            "debt_ratio": 28.06,
            "inventory_turnover_ratio": 1.79,
            "account_receivable_turnover_ratio": null,
            "reinvestment_rate": -71.34,
            "research_to_sale_ratio": null,
            "price_fair": 164.15,
            "eps_avg_yearly": 4.69,
            "eps_latest_yearly": 2,
            "eps_growth_yearly": 7721.94
        },
        "20044": {
            "year_quarter": 20044,
            "year": 2004,
            "quarter": 4,
            "eps": -0.24,
            "eps_growth_year": -900,
            "eps_4q": 3.04,
            "eps_4q_growth_year": 139.82,
            "roe": -1.48,
            "roe_4q": 20.38,
            "gross_profit": 125480,
            "gross_margin": 21.94,
            "gross_margin_4q_avg": 24.67,
            "net_income": -61568,
            "net_income_4q": null,
            "revenue": 571873,
            "revenue_4q": null,
            "common_shares": 2709828,
            "book_valuer_per_share": 15.2,
            "book_valuer_per_share_4q_avg": 15.28,
            "equity": 4151041,
            "current_ratio": 137.2,
            "debt_ratio": 34.9,
            "inventory_turnover_ratio": 1.08,
            "account_receivable_turnover_ratio": null,
            "reinvestment_rate": -87.4,
            "research_to_sale_ratio": null,
            "price_fair": 164.15,
            "eps_avg_yearly": 4.69,
            "eps_latest_yearly": 2,
            "eps_growth_yearly": 7721.94
        },
        "20051": {
            "year_quarter": 20051,
            "year": 2005,
            "quarter": 1,
            "eps": 0.26,
            "eps_growth_year": 13.04,
            "eps_4q": 3.1,
            "eps_4q_growth_year": 114.48,
            "roe": 1.59,
            "roe_4q": 20.369999999999997,
            "gross_profit": 163828,
            "gross_margin": 26.01,
            "gross_margin_4q_avg": 25.48,
            "net_income": 66057,
            "net_income_4q": null,
            "revenue": 629951,
            "revenue_4q": null,
            "common_shares": 2709828,
            "book_valuer_per_share": 15.44,
            "book_valuer_per_share_4q_avg": 15.63,
            "equity": 4183956,
            "current_ratio": 155.57,
            "debt_ratio": 25.97,
            "inventory_turnover_ratio": 1.13,
            "account_receivable_turnover_ratio": null,
            "reinvestment_rate": -71.51,
            "research_to_sale_ratio": null,
            "price_fair": 164.15,
            "eps_avg_yearly": 4.69,
            "eps_latest_yearly": 2,
            "eps_growth_yearly": 7721.94
        },
        "20052": {
            "year_quarter": 20052,
            "year": 2005,
            "quarter": 2,
            "eps": -0.45,
            "eps_growth_year": -116.48,
            "eps_4q": 0.07,
            "eps_4q_growth_year": -97.62,
            "roe": -2.87,
            "roe_4q": 0.3700000000000001,
            "gross_profit": 187155,
            "gross_margin": 32.48,
            "gross_margin_4q_avg": 27.17,
            "net_income": -115421,
            "net_income_4q": null,
            "revenue": 576159,
            "revenue_4q": null,
            "common_shares": 2709828,
            "book_valuer_per_share": 14.28,
            "book_valuer_per_share_4q_avg": 15.1,
            "equity": 3868581,
            "current_ratio": 136.34,
            "debt_ratio": 28.74,
            "inventory_turnover_ratio": 1.56,
            "account_receivable_turnover_ratio": null,
            "reinvestment_rate": -77.14,
            "research_to_sale_ratio": null,
            "price_fair": 164.15,
            "eps_avg_yearly": 4.69,
            "eps_latest_yearly": 2,
            "eps_growth_yearly": 7721.94
        },
        "20053": {
            "year_quarter": 20053,
            "year": 2005,
            "quarter": 3,
            "eps": 0.17,
            "eps_growth_year": -66,
            "eps_4q": -0.22,
            "eps_4q_growth_year": -106.88,
            "roe": 1.23,
            "roe_4q": -1.53,
            "gross_profit": 137110,
            "gross_margin": 25.23,
            "gross_margin_4q_avg": 26.42,
            "net_income": 47881,
            "net_income_4q": null,
            "revenue": 543495,
            "revenue_4q": null,
            "common_shares": 2980811,
            "book_valuer_per_share": 13.2,
            "book_valuer_per_share_4q_avg": 14.53,
            "equity": 3933496,
            "current_ratio": 136.09,
            "debt_ratio": 27.55,
            "inventory_turnover_ratio": 1.53,
            "account_receivable_turnover_ratio": null,
            "reinvestment_rate": -61.95,
            "research_to_sale_ratio": null,
            "price_fair": 164.15,
            "eps_avg_yearly": 4.69,
            "eps_latest_yearly": 2,
            "eps_growth_yearly": 7721.94
        },
        "20054": {
            "year_quarter": 20054,
            "year": 2005,
            "quarter": 4,
            "eps": 0.17,
            "eps_growth_year": null,
            "eps_4q": 0.16,
            "eps_4q_growth_year": -94.58,
            "roe": 1.2,
            "roe_4q": 1.1499999999999997,
            "gross_profit": 145582,
            "gross_margin": 25.13,
            "gross_margin_4q_avg": 27.21,
            "net_income": 47905,
            "net_income_4q": null,
            "revenue": 579381,
            "revenue_4q": null,
            "common_shares": 2980811,
            "book_valuer_per_share": 13.53,
            "book_valuer_per_share_4q_avg": 14.11,
            "equity": 4070237,
            "current_ratio": 118.66,
            "debt_ratio": 38,
            "inventory_turnover_ratio": 0.95,
            "account_receivable_turnover_ratio": null,
            "reinvestment_rate": -59.31,
            "research_to_sale_ratio": null,
            "price_fair": 136.08,
            "eps_avg_yearly": 3.89,
            "eps_latest_yearly": 0.68,
            "eps_growth_yearly": 6177.55
        },
        "20061": {
            "year_quarter": 20061,
            "year": 2006,
            "quarter": 1,
            "eps": 0.19,
            "eps_growth_year": -26.92,
            "eps_4q": 0.12,
            "eps_4q_growth_year": -96.08,
            "roe": 1.33,
            "roe_4q": 0.8900000000000001,
            "gross_profit": 135933,
            "gross_margin": 25.86,
            "gross_margin_4q_avg": 27.18,
            "net_income": 54729,
            "net_income_4q": null,
            "revenue": 525605,
            "revenue_4q": null,
            "common_shares": 2980811,
            "book_valuer_per_share": 13.86,
            "book_valuer_per_share_4q_avg": 13.72,
            "equity": 4131406,
            "current_ratio": 127.38,
            "debt_ratio": 25.11,
            "inventory_turnover_ratio": 0.85,
            "account_receivable_turnover_ratio": null,
            "reinvestment_rate": -58.88,
            "research_to_sale_ratio": null,
            "price_fair": 117.83,
            "eps_avg_yearly": 3.37,
            "eps_latest_yearly": 0.76,
            "eps_growth_yearly": 5155.8
        },
        "20062": {
            "year_quarter": 20062,
            "year": 2006,
            "quarter": 2,
            "eps": 0.23,
            "eps_growth_year": null,
            "eps_4q": 0.76,
            "eps_4q_growth_year": 975.84,
            "roe": 1.6,
            "roe_4q": 5.359999999999999,
            "gross_profit": 170876,
            "gross_margin": 25.25,
            "gross_margin_4q_avg": 25.37,
            "net_income": 64826,
            "net_income_4q": null,
            "revenue": 676691,
            "revenue_4q": null,
            "common_shares": 2980811,
            "book_valuer_per_share": 13.38,
            "book_valuer_per_share_4q_avg": 13.49,
            "equity": 3989168,
            "current_ratio": 118.35,
            "debt_ratio": 27.64,
            "inventory_turnover_ratio": 1.73,
            "account_receivable_turnover_ratio": null,
            "reinvestment_rate": -55.21,
            "research_to_sale_ratio": null,
            "price_fair": 105.6,
            "eps_avg_yearly": 3.02,
            "eps_latest_yearly": 0.92,
            "eps_growth_yearly": 4431.29
        },
        "20063": {
            "year_quarter": 20063,
            "year": 2006,
            "quarter": 3,
            "eps": -0.03,
            "eps_growth_year": -117.65,
            "eps_4q": 0.53,
            "eps_4q_growth_year": null,
            "roe": -0.22,
            "roe_4q": 3.91,
            "gross_profit": 155895,
            "gross_margin": 23.51,
            "gross_margin_4q_avg": 24.94,
            "net_income": -8809,
            "net_income_4q": null,
            "revenue": 662999,
            "revenue_4q": null,
            "common_shares": 2980811,
            "book_valuer_per_share": 13.4,
            "book_valuer_per_share_4q_avg": 13.54,
            "equity": 3993389,
            "current_ratio": 120.43,
            "debt_ratio": 27.67,
            "inventory_turnover_ratio": 1.63,
            "account_receivable_turnover_ratio": null,
            "reinvestment_rate": -55.13,
            "research_to_sale_ratio": null,
            "price_fair": 105.6,
            "eps_avg_yearly": 3.02,
            "eps_latest_yearly": 0.92,
            "eps_growth_yearly": 4431.29
        },
        "20064": {
            "year_quarter": 20064,
            "year": 2006,
            "quarter": 4,
            "eps": 0.47,
            "eps_growth_year": 176.47,
            "eps_4q": 0.86,
            "eps_4q_growth_year": 423.63,
            "roe": 3.25,
            "roe_4q": 5.96,
            "gross_profit": 160770,
            "gross_margin": 24.32,
            "gross_margin_4q_avg": 24.74,
            "net_income": 132577,
            "net_income_4q": null,
            "revenue": 661096,
            "revenue_4q": null,
            "common_shares": 2980811,
            "book_valuer_per_share": 13.86,
            "book_valuer_per_share_4q_avg": 13.63,
            "equity": 4167311,
            "current_ratio": 125.7,
            "debt_ratio": 36.49,
            "inventory_turnover_ratio": 1,
            "account_receivable_turnover_ratio": null,
            "reinvestment_rate": -45.8,
            "research_to_sale_ratio": null,
            "price_fair": 105.6,
            "eps_avg_yearly": 3.02,
            "eps_latest_yearly": 0.92,
            "eps_growth_yearly": 4431.29
        },
        "20071": {
            "year_quarter": 20071,
            "year": 2007,
            "quarter": 1,
            "eps": 0.3,
            "eps_growth_year": 57.89,
            "eps_4q": 0.97,
            "eps_4q_growth_year": 695.5,
            "roe": 2,
            "roe_4q": 6.630000000000001,
            "gross_profit": 180740,
            "gross_margin": 25.21,
            "gross_margin_4q_avg": 24.57,
            "net_income": 84547,
            "net_income_4q": null,
            "revenue": 716833,
            "revenue_4q": null,
            "common_shares": 2980811,
            "book_valuer_per_share": 14.42,
            "book_valuer_per_share_4q_avg": 13.77,
            "equity": 4298442,
            "current_ratio": 142.3,
            "debt_ratio": 23.2,
            "inventory_turnover_ratio": 1.11,
            "account_receivable_turnover_ratio": null,
            "reinvestment_rate": -45.65,
            "research_to_sale_ratio": null,
            "price_fair": 97.65,
            "eps_avg_yearly": 2.79,
            "eps_latest_yearly": 1.2,
            "eps_growth_yearly": 3859.29
        },
        "20072": {
            "year_quarter": 20072,
            "year": 2007,
            "quarter": 2,
            "eps": 0.21,
            "eps_growth_year": -8.7,
            "eps_4q": 0.94,
            "eps_4q_growth_year": 23.33,
            "roe": 1.43,
            "roe_4q": 6.46,
            "gross_profit": 170713,
            "gross_margin": 26.99,
            "gross_margin_4q_avg": 25.01,
            "net_income": 59741,
            "net_income_4q": null,
            "revenue": 632469,
            "revenue_4q": null,
            "common_shares": 2980811,
            "book_valuer_per_share": 13.68,
            "book_valuer_per_share_4q_avg": 13.84,
            "equity": 4078981,
            "current_ratio": 127.85,
            "debt_ratio": 25.6,
            "inventory_turnover_ratio": 1.5,
            "account_receivable_turnover_ratio": null,
            "reinvestment_rate": -38.59,
            "research_to_sale_ratio": null,
            "price_fair": 79.8,
            "eps_avg_yearly": 2.28,
            "eps_latest_yearly": 0.84,
            "eps_growth_yearly": 819.29
        },
        "20073": {
            "year_quarter": 20073,
            "year": 2007,
            "quarter": 3,
            "eps": 0.13,
            "eps_growth_year": null,
            "eps_4q": 1.06,
            "eps_4q_growth_year": 99.52,
            "roe": 0.94,
            "roe_4q": 7.62,
            "gross_profit": 164063,
            "gross_margin": 22.53,
            "gross_margin_4q_avg": 24.76,
            "net_income": 38622,
            "net_income_4q": null,
            "revenue": 728151,
            "revenue_4q": null,
            "common_shares": 2980811,
            "book_valuer_per_share": 13.84,
            "book_valuer_per_share_4q_avg": 13.95,
            "equity": 4124060,
            "current_ratio": 127.96,
            "debt_ratio": 26.57,
            "inventory_turnover_ratio": 1.54,
            "account_receivable_turnover_ratio": null,
            "reinvestment_rate": -5.05,
            "research_to_sale_ratio": null,
            "price_fair": 72.96,
            "eps_avg_yearly": 2.08,
            "eps_latest_yearly": 0.52,
            "eps_growth_yearly": 711.33
        },
        "20074": {
            "year_quarter": 20074,
            "year": 2007,
            "quarter": 4,
            "eps": 0.14,
            "eps_growth_year": -70.21,
            "eps_4q": 0.74,
            "eps_4q_growth_year": -13.64,
            "roe": 1.02,
            "roe_4q": 5.39,
            "gross_profit": 165038,
            "gross_margin": 22.55,
            "gross_margin_4q_avg": 24.32,
            "net_income": 42330,
            "net_income_4q": null,
            "revenue": 731955,
            "revenue_4q": null,
            "common_shares": 2980811,
            "book_valuer_per_share": 13.78,
            "book_valuer_per_share_4q_avg": 13.93,
            "equity": 4139978,
            "current_ratio": 137.96,
            "debt_ratio": 36.45,
            "inventory_turnover_ratio": 0.88,
            "account_receivable_turnover_ratio": null,
            "reinvestment_rate": 0.45,
            "research_to_sale_ratio": null,
            "price_fair": 67.62,
            "eps_avg_yearly": 1.93,
            "eps_latest_yearly": 0.56,
            "eps_growth_yearly": 643.27
        },
        "20081": {
            "year_quarter": 20081,
            "year": 2008,
            "quarter": 1,
            "eps": 0.28,
            "eps_growth_year": -6.67,
            "eps_4q": 0.75,
            "eps_4q_growth_year": -22.6,
            "roe": 1.99,
            "roe_4q": 5.38,
            "gross_profit": 348532,
            "gross_margin": 34.67,
            "gross_margin_4q_avg": 26.69,
            "net_income": 83034,
            "net_income_4q": null,
            "revenue": 1005390,
            "revenue_4q": null,
            "common_shares": 2980811,
            "book_valuer_per_share": 14.04,
            "book_valuer_per_share_4q_avg": 13.84,
            "equity": 4218953,
            "current_ratio": 149.11,
            "debt_ratio": 35.16,
            "inventory_turnover_ratio": 0.76,
            "account_receivable_turnover_ratio": null,
            "reinvestment_rate": 29.14,
            "research_to_sale_ratio": null,
            "price_fair": 68.32,
            "eps_avg_yearly": 1.95,
            "eps_latest_yearly": 1.12,
            "eps_growth_yearly": 416.61
        },
        "20082": {
            "year_quarter": 20082,
            "year": 2008,
            "quarter": 2,
            "eps": 0.21,
            "eps_growth_year": 0,
            "eps_4q": 0.75,
            "eps_4q_growth_year": -20.85,
            "roe": 1.52,
            "roe_4q": 5.469999999999999,
            "gross_profit": 339010,
            "gross_margin": 34.76,
            "gross_margin_4q_avg": 28.63,
            "net_income": 63296,
            "net_income_4q": null,
            "revenue": 975346,
            "revenue_4q": null,
            "common_shares": 2980811,
            "book_valuer_per_share": 13.69,
            "book_valuer_per_share_4q_avg": 13.84,
            "equity": 4114540,
            "current_ratio": 138.47,
            "debt_ratio": 36.97,
            "inventory_turnover_ratio": 0.75,
            "account_receivable_turnover_ratio": null,
            "reinvestment_rate": 52.33,
            "research_to_sale_ratio": null,
            "price_fair": 2.83,
            "eps_avg_yearly": 0.94,
            "eps_latest_yearly": 0.84,
            "eps_growth_yearly": -28.18
        },
        "20083": {
            "year_quarter": 20083,
            "year": 2008,
            "quarter": 3,
            "eps": 0.12,
            "eps_growth_year": -7.69,
            "eps_4q": 0.75,
            "eps_4q_growth_year": -29.23,
            "roe": 0.85,
            "roe_4q": 5.380000000000001,
            "gross_profit": 342398,
            "gross_margin": 36.83,
            "gross_margin_4q_avg": 32.2,
            "net_income": 35301,
            "net_income_4q": null,
            "revenue": 929733,
            "revenue_4q": null,
            "common_shares": 2980811,
            "book_valuer_per_share": 13.84,
            "book_valuer_per_share_4q_avg": 13.84,
            "equity": 4162025,
            "current_ratio": 144.28,
            "debt_ratio": 35.69,
            "inventory_turnover_ratio": 0.68,
            "account_receivable_turnover_ratio": null,
            "reinvestment_rate": 63.21,
            "research_to_sale_ratio": null,
            "price_fair": 2.38,
            "eps_avg_yearly": 0.79,
            "eps_latest_yearly": 0.48,
            "eps_growth_yearly": -12.65
        },
        "20084": {
            "year_quarter": 20084,
            "year": 2008,
            "quarter": 4,
            "eps": -0.39,
            "eps_growth_year": -378.57,
            "eps_4q": 0.2,
            "eps_4q_growth_year": -72.92,
            "roe": -2.82,
            "roe_4q": 1.5400000000000003,
            "gross_profit": 361481,
            "gross_margin": 36.78,
            "gross_margin_4q_avg": 35.76,
            "net_income": -115871,
            "net_income_4q": null,
            "revenue": 982724,
            "revenue_4q": null,
            "common_shares": 2980811,
            "book_valuer_per_share": 13.47,
            "book_valuer_per_share_4q_avg": 13.76,
            "equity": 4050538,
            "current_ratio": 124.1,
            "debt_ratio": 39.92,
            "inventory_turnover_ratio": 0.69,
            "account_receivable_turnover_ratio": 1.5,
            "reinvestment_rate": 20.96,
            "research_to_sale_ratio": null,
            "price_fair": 2.38,
            "eps_avg_yearly": 0.79,
            "eps_latest_yearly": 0.48,
            "eps_growth_yearly": -12.65
        },
        "20091": {
            "year_quarter": 20091,
            "year": 2009,
            "quarter": 1,
            "eps": 0.14,
            "eps_growth_year": -50,
            "eps_4q": 0.08,
            "eps_4q_growth_year": -89.87,
            "roe": 1.09,
            "roe_4q": 0.6400000000000002,
            "gross_profit": 364967,
            "gross_margin": 33.44,
            "gross_margin_4q_avg": 35.45,
            "net_income": 44375,
            "net_income_4q": null,
            "revenue": 1091543,
            "revenue_4q": null,
            "common_shares": 2980811,
            "book_valuer_per_share": 13.64,
            "book_valuer_per_share_4q_avg": 13.66,
            "equity": 4104352,
            "current_ratio": 129.53,
            "debt_ratio": 39.21,
            "inventory_turnover_ratio": 0.8,
            "account_receivable_turnover_ratio": 0.82,
            "reinvestment_rate": 82.81,
            "research_to_sale_ratio": null,
            "price_fair": 2.38,
            "eps_avg_yearly": 0.79,
            "eps_latest_yearly": 0.48,
            "eps_growth_yearly": -12.65
        },
        "20092": {
            "year_quarter": 20092,
            "year": 2009,
            "quarter": 2,
            "eps": 0.43,
            "eps_growth_year": 104.76,
            "eps_4q": 0.3,
            "eps_4q_growth_year": -60.08,
            "roe": 3.15,
            "roe_4q": 2.2700000000000005,
            "gross_profit": 374193,
            "gross_margin": 35.17,
            "gross_margin_4q_avg": 35.56,
            "net_income": 130425,
            "net_income_4q": null,
            "revenue": 1063918,
            "revenue_4q": null,
            "common_shares": 2980811,
            "book_valuer_per_share": 13.88,
            "book_valuer_per_share_4q_avg": 13.71,
            "equity": 4178525,
            "current_ratio": 139.6,
            "debt_ratio": 36.47,
            "inventory_turnover_ratio": 0.83,
            "account_receivable_turnover_ratio": 0.79,
            "reinvestment_rate": 54.67,
            "research_to_sale_ratio": null,
            "price_fair": 30.67,
            "eps_avg_yearly": 0.88,
            "eps_latest_yearly": 1.72,
            "eps_growth_yearly": 63.83
        },
        "20093": {
            "year_quarter": 20093,
            "year": 2009,
            "quarter": 3,
            "eps": 0.28,
            "eps_growth_year": 133.33,
            "eps_4q": 0.45,
            "eps_4q_growth_year": -39.52,
            "roe": 2.01,
            "roe_4q": 3.43,
            "gross_profit": 404066,
            "gross_margin": 38.18,
            "gross_margin_4q_avg": 35.89,
            "net_income": 84658,
            "net_income_4q": null,
            "revenue": 1058180,
            "revenue_4q": null,
            "common_shares": 2980811,
            "book_valuer_per_share": 14.14,
            "book_valuer_per_share_4q_avg": 13.78,
            "equity": 4258729,
            "current_ratio": 148.13,
            "debt_ratio": 35.12,
            "inventory_turnover_ratio": 0.82,
            "account_receivable_turnover_ratio": 0.78,
            "reinvestment_rate": 46.2,
            "research_to_sale_ratio": null,
            "price_fair": 31.38,
            "eps_avg_yearly": 0.9,
            "eps_latest_yearly": 1.12,
            "eps_growth_yearly": 46.88
        },
        "20094": {
            "year_quarter": 20094,
            "year": 2009,
            "quarter": 4,
            "eps": 0.45,
            "eps_growth_year": null,
            "eps_4q": 1.3,
            "eps_4q_growth_year": 546.95,
            "roe": 3.21,
            "roe_4q": 9.459999999999999,
            "gross_profit": 345783,
            "gross_margin": 30.33,
            "gross_margin_4q_avg": 34.28,
            "net_income": 138959,
            "net_income_4q": null,
            "revenue": 1140190,
            "revenue_4q": null,
            "common_shares": 2980811,
            "book_valuer_per_share": 14.64,
            "book_valuer_per_share_4q_avg": 14.08,
            "equity": 4399373,
            "current_ratio": 148.7,
            "debt_ratio": 35.29,
            "inventory_turnover_ratio": 0.93,
            "account_receivable_turnover_ratio": 1.75,
            "reinvestment_rate": 56.89,
            "research_to_sale_ratio": null,
            "price_fair": 34.65,
            "eps_avg_yearly": 0.99,
            "eps_latest_yearly": 1.8,
            "eps_growth_yearly": 67.12
        },
        "20101": {
            "year_quarter": 20101,
            "year": 2010,
            "quarter": 1,
            "eps": 0.26,
            "eps_growth_year": 85.71,
            "eps_4q": 1.42,
            "eps_4q_growth_year": 1770.5,
            "roe": 1.77,
            "roe_4q": 10.14,
            "gross_profit": 419152,
            "gross_margin": 37.71,
            "gross_margin_4q_avg": 35.35,
            "net_income": 78202,
            "net_income_4q": null,
            "revenue": 1111444,
            "revenue_4q": null,
            "common_shares": 2980811,
            "book_valuer_per_share": 14.89,
            "book_valuer_per_share_4q_avg": 14.39,
            "equity": 4448380,
            "current_ratio": 147.89,
            "debt_ratio": 35.91,
            "inventory_turnover_ratio": 0.75,
            "account_receivable_turnover_ratio": 0.83,
            "reinvestment_rate": 115.17,
            "research_to_sale_ratio": 5.09,
            "price_fair": 35.47,
            "eps_avg_yearly": 1.01,
            "eps_latest_yearly": 1.04,
            "eps_growth_yearly": 49.12
        },
        "20102": {
            "year_quarter": 20102,
            "year": 2010,
            "quarter": 2,
            "eps": 0.43,
            "eps_growth_year": -0.05,
            "eps_4q": 1.42,
            "eps_4q_growth_year": 376.89,
            "roe": 2.92,
            "roe_4q": 9.91,
            "gross_profit": 406486,
            "gross_margin": 35.14,
            "gross_margin_4q_avg": 35.34,
            "net_income": 128701,
            "net_income_4q": null,
            "revenue": 1156922,
            "revenue_4q": null,
            "common_shares": 2980811,
            "book_valuer_per_share": 14.62,
            "book_valuer_per_share_4q_avg": 14.57,
            "equity": 4369881,
            "current_ratio": 130.28,
            "debt_ratio": 38.96,
            "inventory_turnover_ratio": 0.79,
            "account_receivable_turnover_ratio": 0.84,
            "reinvestment_rate": 125.51,
            "research_to_sale_ratio": 5.58,
            "price_fair": 37.8,
            "eps_avg_yearly": 1.08,
            "eps_latest_yearly": 1.72,
            "eps_growth_yearly": 63.9
        },
        "20103": {
            "year_quarter": 20103,
            "year": 2010,
            "quarter": 3,
            "eps": 0.21,
            "eps_growth_year": -25.61,
            "eps_4q": 1.35,
            "eps_4q_growth_year": 197.46,
            "roe": 1.42,
            "roe_4q": 9.32,
            "gross_profit": 402817,
            "gross_margin": 35.84,
            "gross_margin_4q_avg": 34.76,
            "net_income": 62636,
            "net_income_4q": null,
            "revenue": 1123994,
            "revenue_4q": null,
            "common_shares": 2980811,
            "book_valuer_per_share": 14.81,
            "book_valuer_per_share_4q_avg": 14.74,
            "equity": 4430533,
            "current_ratio": 128.11,
            "debt_ratio": 39.06,
            "inventory_turnover_ratio": 0.72,
            "account_receivable_turnover_ratio": 0.82,
            "reinvestment_rate": 123.79,
            "research_to_sale_ratio": 5.79,
            "price_fair": 37.15,
            "eps_avg_yearly": 1.06,
            "eps_latest_yearly": 0.84,
            "eps_growth_yearly": 43.24
        },
        "20104": {
            "year_quarter": 20104,
            "year": 2010,
            "quarter": 4,
            "eps": 0.31,
            "eps_growth_year": -31.63,
            "eps_4q": 1.21,
            "eps_4q_growth_year": -7.6,
            "roe": 2.04,
            "roe_4q": 8.15,
            "gross_profit": 376474,
            "gross_margin": 32.38,
            "gross_margin_4q_avg": 35.27,
            "net_income": 91727,
            "net_income_4q": null,
            "revenue": 1162781,
            "revenue_4q": null,
            "common_shares": 2980811,
            "book_valuer_per_share": 15.27,
            "book_valuer_per_share_4q_avg": 14.9,
            "equity": 4565354,
            "current_ratio": 120.26,
            "debt_ratio": 38.53,
            "inventory_turnover_ratio": 0.77,
            "account_receivable_turnover_ratio": 0.86,
            "reinvestment_rate": 110.31,
            "research_to_sale_ratio": 6.18,
            "price_fair": 37.6,
            "eps_avg_yearly": 1.07,
            "eps_latest_yearly": 1.24,
            "eps_growth_yearly": 53.76
        },
        "20111": {
            "year_quarter": 20111,
            "year": 2011,
            "quarter": 1,
            "eps": 0.27,
            "eps_growth_year": 3.85,
            "eps_4q": 1.22,
            "eps_4q_growth_year": -14.29,
            "roe": 1.78,
            "roe_4q": 8.16,
            "gross_profit": 405063,
            "gross_margin": 31.8,
            "gross_margin_4q_avg": 33.79,
            "net_income": 81884,
            "net_income_4q": null,
            "revenue": 1273963,
            "revenue_4q": null,
            "common_shares": 2980811,
            "book_valuer_per_share": 15.57,
            "book_valuer_per_share_4q_avg": 15.07,
            "equity": 4652456,
            "current_ratio": 115.39,
            "debt_ratio": 40.58,
            "inventory_turnover_ratio": 0.83,
            "account_receivable_turnover_ratio": 0.89,
            "reinvestment_rate": 165.74,
            "research_to_sale_ratio": 5.39,
            "price_fair": 37.3,
            "eps_avg_yearly": 1.07,
            "eps_latest_yearly": 1.08,
            "eps_growth_yearly": 60.41
        },
        "20112": {
            "year_quarter": 20112,
            "year": 2011,
            "quarter": 2,
            "eps": 0.39,
            "eps_growth_year": -8.93,
            "eps_4q": 1.18,
            "eps_4q_growth_year": -16.89,
            "roe": 2.55,
            "roe_4q": 7.79,
            "gross_profit": 418331,
            "gross_margin": 33.4,
            "gross_margin_4q_avg": 33.36,
            "net_income": 117147,
            "net_income_4q": null,
            "revenue": 1252441,
            "revenue_4q": null,
            "common_shares": 2980811,
            "book_valuer_per_share": 15.21,
            "book_valuer_per_share_4q_avg": 15.22,
            "equity": 4548412,
            "current_ratio": 100.48,
            "debt_ratio": 45.33,
            "inventory_turnover_ratio": 0.76,
            "account_receivable_turnover_ratio": 0.83,
            "reinvestment_rate": 189.04,
            "research_to_sale_ratio": 5.89,
            "price_fair": 39.1,
            "eps_avg_yearly": 1.12,
            "eps_latest_yearly": 1.56,
            "eps_growth_yearly": 81.68
        },
        "20113": {
            "year_quarter": 20113,
            "year": 2011,
            "quarter": 3,
            "eps": 0.2,
            "eps_growth_year": -3.2,
            "eps_4q": 1.17,
            "eps_4q_growth_year": -13.22,
            "roe": 1.32,
            "roe_4q": 7.69,
            "gross_profit": 401955,
            "gross_margin": 32.93,
            "gross_margin_4q_avg": 32.63,
            "net_income": 60546,
            "net_income_4q": null,
            "revenue": 1220561,
            "revenue_4q": null,
            "common_shares": 2980811,
            "book_valuer_per_share": 15.55,
            "book_valuer_per_share_4q_avg": 15.4,
            "equity": 4647206,
            "current_ratio": 102.57,
            "debt_ratio": 46.79,
            "inventory_turnover_ratio": 0.68,
            "account_receivable_turnover_ratio": 0.8,
            "reinvestment_rate": 204.7,
            "research_to_sale_ratio": 6.38,
            "price_fair": 39.8,
            "eps_avg_yearly": 1.14,
            "eps_latest_yearly": 0.8,
            "eps_growth_yearly": 78.64
        },
        "20114": {
            "year_quarter": 20114,
            "year": 2011,
            "quarter": 4,
            "eps": 0.16,
            "eps_growth_year": -46.83,
            "eps_4q": 1.03,
            "eps_4q_growth_year": -14.65,
            "roe": 1.02,
            "roe_4q": 6.67,
            "gross_profit": 379262,
            "gross_margin": 29.68,
            "gross_margin_4q_avg": 31.95,
            "net_income": 48314,
            "net_income_4q": null,
            "revenue": 1277710,
            "revenue_4q": null,
            "common_shares": 2980811,
            "book_valuer_per_share": 16.01,
            "book_valuer_per_share_4q_avg": 15.59,
            "equity": 4782355,
            "current_ratio": 103.46,
            "debt_ratio": 49.47,
            "inventory_turnover_ratio": 0.7,
            "account_receivable_turnover_ratio": 0.81,
            "reinvestment_rate": 192.01,
            "research_to_sale_ratio": 6.95,
            "price_fair": 40,
            "eps_avg_yearly": 1.14,
            "eps_latest_yearly": 0.64,
            "eps_growth_yearly": 70.73
        },
        "20121": {
            "year_quarter": 20121,
            "year": 2012,
            "quarter": 1,
            "eps": 0.35,
            "eps_growth_year": 29.63,
            "eps_4q": 1.11,
            "eps_4q_growth_year": -9.26,
            "roe": 2.15,
            "roe_4q": 7.04,
            "gross_profit": 451420,
            "gross_margin": 35.21,
            "gross_margin_4q_avg": 32.81,
            "net_income": 103771,
            "net_income_4q": null,
            "revenue": 1282084,
            "revenue_4q": null,
            "common_shares": 2980811,
            "book_valuer_per_share": 16.29,
            "book_valuer_per_share_4q_avg": 15.77,
            "equity": 4868745,
            "current_ratio": 163.24,
            "debt_ratio": 48.5,
            "inventory_turnover_ratio": 0.64,
            "account_receivable_turnover_ratio": 0.78,
            "reinvestment_rate": 192.46,
            "research_to_sale_ratio": 5.84,
            "price_fair": 40.7,
            "eps_avg_yearly": 1.16,
            "eps_latest_yearly": 1.4,
            "eps_growth_yearly": 76.09
        },
        "20122": {
            "year_quarter": 20122,
            "year": 2012,
            "quarter": 2,
            "eps": 0.34,
            "eps_growth_year": -14.08,
            "eps_4q": 1.05,
            "eps_4q_growth_year": -10.98,
            "roe": 2.07,
            "roe_4q": 6.5600000000000005,
            "gross_profit": 393752,
            "gross_margin": 32.86,
            "gross_margin_4q_avg": 32.67,
            "net_income": 100316,
            "net_income_4q": null,
            "revenue": 1198365,
            "revenue_4q": null,
            "common_shares": 2980811,
            "book_valuer_per_share": 16.16,
            "book_valuer_per_share_4q_avg": 16,
            "equity": 4827666,
            "current_ratio": 164.5,
            "debt_ratio": 49.57,
            "inventory_turnover_ratio": 0.62,
            "account_receivable_turnover_ratio": 0.74,
            "reinvestment_rate": 198.35,
            "research_to_sale_ratio": 6.78,
            "price_fair": 42,
            "eps_avg_yearly": 1.2,
            "eps_latest_yearly": 1.36,
            "eps_growth_yearly": 82.41
        },
        "20123": {
            "year_quarter": 20123,
            "year": 2012,
            "quarter": 3,
            "eps": 0.18,
            "eps_growth_year": -8.78,
            "eps_4q": 1.03,
            "eps_4q_growth_year": -11.98,
            "roe": 1.13,
            "roe_4q": 6.369999999999999,
            "gross_profit": 369889,
            "gross_margin": 30.3,
            "gross_margin_4q_avg": 32.01,
            "net_income": 54920,
            "net_income_4q": null,
            "revenue": 1220598,
            "revenue_4q": null,
            "common_shares": 2980811,
            "book_valuer_per_share": 16.31,
            "book_valuer_per_share_4q_avg": 16.19,
            "equity": 4874633,
            "current_ratio": 184.7,
            "debt_ratio": 50.75,
            "inventory_turnover_ratio": 0.65,
            "account_receivable_turnover_ratio": 0.77,
            "reinvestment_rate": 201.99,
            "research_to_sale_ratio": 6.52,
            "price_fair": 42.6,
            "eps_avg_yearly": 1.22,
            "eps_latest_yearly": 0.72,
            "eps_growth_yearly": 81.21
        },
        "20124": {
            "year_quarter": 20124,
            "year": 2012,
            "quarter": 4,
            "eps": 0.21,
            "eps_growth_year": 31.18,
            "eps_4q": 1.08,
            "eps_4q_growth_year": 5.3,
            "roe": 1.3,
            "roe_4q": 6.65,
            "gross_profit": 380350,
            "gross_margin": 30.51,
            "gross_margin_4q_avg": 32.22,
            "net_income": 63758,
            "net_income_4q": null,
            "revenue": 1246524,
            "revenue_4q": null,
            "common_shares": 2980811,
            "book_valuer_per_share": 16.42,
            "book_valuer_per_share_4q_avg": 16.3,
            "equity": 4904531,
            "current_ratio": 158.58,
            "debt_ratio": 51.5,
            "inventory_turnover_ratio": 0.66,
            "account_receivable_turnover_ratio": 0.79,
            "reinvestment_rate": 201.79,
            "research_to_sale_ratio": 6.81,
            "price_fair": 41.72,
            "eps_avg_yearly": 1.19,
            "eps_latest_yearly": 0.84,
            "eps_growth_yearly": 80.24
        },
        "20131": {
            "year_quarter": 20131,
            "year": 2013,
            "quarter": 1,
            "eps": 0.14,
            "eps_growth_year": -60,
            "eps_4q": 0.88,
            "eps_4q_growth_year": -20.44,
            "roe": 0.89,
            "roe_4q": 5.39,
            "gross_profit": 361157,
            "gross_margin": 28.54,
            "gross_margin_4q_avg": 30.55,
            "net_income": 43497,
            "net_income_4q": null,
            "revenue": 1265278,
            "revenue_4q": null,
            "common_shares": 2980811,
            "book_valuer_per_share": 16.16,
            "book_valuer_per_share_4q_avg": 16.26,
            "equity": 4826270,
            "current_ratio": 170.87,
            "debt_ratio": 53.86,
            "inventory_turnover_ratio": 0.71,
            "account_receivable_turnover_ratio": 0.79,
            "reinvestment_rate": 174.23,
            "research_to_sale_ratio": 7.08,
            "price_fair": 40.34,
            "eps_avg_yearly": 1.15,
            "eps_latest_yearly": 0.56,
            "eps_growth_yearly": 66.9
        },
        "20132": {
            "year_quarter": 20132,
            "year": 2013,
            "quarter": 2,
            "eps": 0.32,
            "eps_growth_year": -4.84,
            "eps_4q": 0.86,
            "eps_4q_growth_year": -17.9,
            "roe": 1.98,
            "roe_4q": 5.3,
            "gross_profit": 390179,
            "gross_margin": 30.33,
            "gross_margin_4q_avg": 29.92,
            "net_income": 95317,
            "net_income_4q": null,
            "revenue": 1286532,
            "revenue_4q": null,
            "common_shares": 2980811,
            "book_valuer_per_share": 16,
            "book_valuer_per_share_4q_avg": 16.22,
            "equity": 4778775,
            "current_ratio": 155.47,
            "debt_ratio": 54.88,
            "inventory_turnover_ratio": 0.7,
            "account_receivable_turnover_ratio": 0.79,
            "reinvestment_rate": 186.71,
            "research_to_sale_ratio": 5.95,
            "price_fair": 39.38,
            "eps_avg_yearly": 1.13,
            "eps_latest_yearly": 1.28,
            "eps_growth_yearly": 47.25
        },
        "20133": {
            "year_quarter": 20133,
            "year": 2013,
            "quarter": 3,
            "eps": 0.24,
            "eps_growth_year": 30.49,
            "eps_4q": 0.92,
            "eps_4q_growth_year": -11.37,
            "roe": 1.47,
            "roe_4q": 5.64,
            "gross_profit": 394424,
            "gross_margin": 30.54,
            "gross_margin_4q_avg": 29.98,
            "net_income": 70653,
            "net_income_4q": null,
            "revenue": 1291484,
            "revenue_4q": null,
            "common_shares": 2980811,
            "book_valuer_per_share": 16.23,
            "book_valuer_per_share_4q_avg": 16.2,
            "equity": 4849199,
            "current_ratio": 147.53,
            "debt_ratio": 54.91,
            "inventory_turnover_ratio": 0.67,
            "account_receivable_turnover_ratio": 0.8,
            "reinvestment_rate": 190.48,
            "research_to_sale_ratio": 6.77,
            "price_fair": 39.03,
            "eps_avg_yearly": 1.12,
            "eps_latest_yearly": 0.96,
            "eps_growth_yearly": 49.72
        },
        "20134": {
            "year_quarter": 20134,
            "year": 2013,
            "quarter": 4,
            "eps": 0.11,
            "eps_growth_year": -49.7,
            "eps_4q": 0.81,
            "eps_4q_growth_year": -25.39,
            "roe": 0.65,
            "roe_4q": 4.989999999999999,
            "gross_profit": 420854,
            "gross_margin": 31.63,
            "gross_margin_4q_avg": 30.26,
            "net_income": 32085,
            "net_income_4q": null,
            "revenue": 1330552,
            "revenue_4q": null,
            "common_shares": 2980811,
            "book_valuer_per_share": 17.04,
            "book_valuer_per_share_4q_avg": 16.36,
            "equity": 5088615,
            "current_ratio": 140.91,
            "debt_ratio": 54.04,
            "inventory_turnover_ratio": 0.64,
            "account_receivable_turnover_ratio": 0.84,
            "reinvestment_rate": 184.58,
            "research_to_sale_ratio": 7.59,
            "price_fair": 31.93,
            "eps_avg_yearly": 1.03,
            "eps_latest_yearly": 0.44,
            "eps_growth_yearly": 21
        },
        "20141": {
            "year_quarter": 20141,
            "year": 2014,
            "quarter": 1,
            "eps": 0.23,
            "eps_growth_year": 64.29,
            "eps_4q": 0.9,
            "eps_4q_growth_year": 1.8,
            "roe": 1.35,
            "roe_4q": 5.449999999999999,
            "gross_profit": 420332,
            "gross_margin": 30.85,
            "gross_margin_4q_avg": 30.84,
            "net_income": 69278,
            "net_income_4q": null,
            "revenue": 1362421,
            "revenue_4q": null,
            "common_shares": 2980811,
            "book_valuer_per_share": 17.23,
            "book_valuer_per_share_4q_avg": 16.63,
            "equity": 5146237,
            "current_ratio": 148.78,
            "debt_ratio": 53.76,
            "inventory_turnover_ratio": 0.65,
            "account_receivable_turnover_ratio": 0.86,
            "reinvestment_rate": 204.73,
            "research_to_sale_ratio": 6.8,
            "price_fair": 35.79,
            "eps_avg_yearly": 1.02,
            "eps_latest_yearly": 0.92,
            "eps_growth_yearly": 58.83
        },
        "20142": {
            "year_quarter": 20142,
            "year": 2014,
            "quarter": 2,
            "eps": 0.3,
            "eps_growth_year": -6.25,
            "eps_4q": 0.87,
            "eps_4q_growth_year": 1.34,
            "roe": 1.74,
            "roe_4q": 5.21,
            "gross_profit": 417365,
            "gross_margin": 32.36,
            "gross_margin_4q_avg": 31.35,
            "net_income": 89461,
            "net_income_4q": null,
            "revenue": 1289792,
            "revenue_4q": null,
            "common_shares": 2980811,
            "book_valuer_per_share": 17.29,
            "book_valuer_per_share_4q_avg": 16.95,
            "equity": 5164866,
            "current_ratio": 147.18,
            "debt_ratio": 49.38,
            "inventory_turnover_ratio": 0.59,
            "account_receivable_turnover_ratio": 0.82,
            "reinvestment_rate": 124.39,
            "research_to_sale_ratio": 6.42,
            "price_fair": 34.65,
            "eps_avg_yearly": 0.99,
            "eps_latest_yearly": 1.2,
            "eps_growth_yearly": 50.09
        },
        "20143": {
            "year_quarter": 20143,
            "year": 2014,
            "quarter": 3,
            "eps": 0.21,
            "eps_growth_year": -12.5,
            "eps_4q": 0.85,
            "eps_4q_growth_year": -6.89,
            "roe": 1.25,
            "roe_4q": 4.99,
            "gross_profit": 398178,
            "gross_margin": 31.25,
            "gross_margin_4q_avg": 31.52,
            "net_income": 65032,
            "net_income_4q": null,
            "revenue": 1274047,
            "revenue_4q": null,
            "common_shares": 2980811,
            "book_valuer_per_share": 17.59,
            "book_valuer_per_share_4q_avg": 17.29,
            "equity": 5253434,
            "current_ratio": 160.49,
            "debt_ratio": 48.53,
            "inventory_turnover_ratio": 0.57,
            "account_receivable_turnover_ratio": 0.83,
            "reinvestment_rate": 126.75,
            "research_to_sale_ratio": 6.81,
            "price_fair": 34.65,
            "eps_avg_yearly": 0.99,
            "eps_latest_yearly": 0.84,
            "eps_growth_yearly": 55.39
        },
        "20144": {
            "year_quarter": 20144,
            "year": 2014,
            "quarter": 4,
            "eps": 0.43,
            "eps_growth_year": 294.3,
            "eps_4q": 1.17,
            "eps_4q_growth_year": 44.68,
            "roe": 2.36,
            "roe_4q": 6.699999999999999,
            "gross_profit": 386931,
            "gross_margin": 28.22,
            "gross_margin_4q_avg": 30.67,
            "net_income": 126822,
            "net_income_4q": null,
            "revenue": 1371166,
            "revenue_4q": null,
            "common_shares": 2980811,
            "book_valuer_per_share": 18.36,
            "book_valuer_per_share_4q_avg": 17.62,
            "equity": 5483552,
            "current_ratio": 165.3,
            "debt_ratio": 46.81,
            "inventory_turnover_ratio": 0.64,
            "account_receivable_turnover_ratio": 0.89,
            "reinvestment_rate": 109.87,
            "research_to_sale_ratio": 7.29,
            "price_fair": 35.7,
            "eps_avg_yearly": 1.02,
            "eps_latest_yearly": 1.72,
            "eps_growth_yearly": 69.67
        },
        "20151": {
            "year_quarter": 20151,
            "year": 2015,
            "quarter": 1,
            "eps": 0.35,
            "eps_growth_year": 52.17,
            "eps_4q": 1.29,
            "eps_4q_growth_year": 44.42,
            "roe": 1.93,
            "roe_4q": 7.28,
            "gross_profit": 433211,
            "gross_margin": 30.62,
            "gross_margin_4q_avg": 30.61,
            "net_income": 106057,
            "net_income_4q": null,
            "revenue": 1414903,
            "revenue_4q": null,
            "common_shares": 2980811,
            "book_valuer_per_share": 18.35,
            "book_valuer_per_share_4q_avg": 17.9,
            "equity": 5500360,
            "current_ratio": 181.26,
            "debt_ratio": 46.05,
            "inventory_turnover_ratio": 0.64,
            "account_receivable_turnover_ratio": 0.88,
            "reinvestment_rate": 94.35,
            "research_to_sale_ratio": 6.22,
            "price_fair": 36.4,
            "eps_avg_yearly": 1.04,
            "eps_latest_yearly": 1.4,
            "eps_growth_yearly": 68.25
        },
        "20152": {
            "year_quarter": 20152,
            "year": 2015,
            "quarter": 2,
            "eps": 0.33,
            "eps_growth_year": 10,
            "eps_4q": 1.33,
            "eps_4q_growth_year": 52.15,
            "roe": 1.86,
            "roe_4q": 7.4,
            "gross_profit": 416069,
            "gross_margin": 29.49,
            "gross_margin_4q_avg": 29.9,
            "net_income": 101296,
            "net_income_4q": null,
            "revenue": 1410710,
            "revenue_4q": null,
            "common_shares": 2980811,
            "book_valuer_per_share": 18.07,
            "book_valuer_per_share_4q_avg": 18.09,
            "equity": 5417099,
            "current_ratio": 153.05,
            "debt_ratio": 46.81,
            "inventory_turnover_ratio": 0.64,
            "account_receivable_turnover_ratio": 0.87,
            "reinvestment_rate": 66.72,
            "research_to_sale_ratio": 5.21,
            "price_fair": 35.88,
            "eps_avg_yearly": 1.03,
            "eps_latest_yearly": 1.32,
            "eps_growth_yearly": 55.71
        },
        "20153": {
            "year_quarter": 20153,
            "year": 2015,
            "quarter": 3,
            "eps": 0.4,
            "eps_growth_year": 90.48,
            "eps_4q": 1.51,
            "eps_4q_growth_year": 77.73,
            "roe": 2.22,
            "roe_4q": 8.37,
            "gross_profit": 374812,
            "gross_margin": 27.34,
            "gross_margin_4q_avg": 28.92,
            "net_income": 120974,
            "net_income_4q": null,
            "revenue": 1370991,
            "revenue_4q": null,
            "common_shares": 2980811,
            "book_valuer_per_share": 18.28,
            "book_valuer_per_share_4q_avg": 18.27,
            "equity": 5480531,
            "current_ratio": 180.24,
            "debt_ratio": 44.99,
            "inventory_turnover_ratio": 0.65,
            "account_receivable_turnover_ratio": 0.85,
            "reinvestment_rate": 42.99,
            "research_to_sale_ratio": 6.19,
            "price_fair": 37.63,
            "eps_avg_yearly": 1.08,
            "eps_latest_yearly": 1.6,
            "eps_growth_yearly": 73.19
        },
        "20154": {
            "year_quarter": 20154,
            "year": 2015,
            "quarter": 4,
            "eps": 0.1,
            "eps_growth_year": -76.26,
            "eps_4q": 1.19,
            "eps_4q_growth_year": 1.72,
            "roe": 0.58,
            "roe_4q": 6.59,
            "gross_profit": 388278,
            "gross_margin": 27.13,
            "gross_margin_4q_avg": 28.65,
            "net_income": 31624,
            "net_income_4q": null,
            "revenue": 1431040,
            "revenue_4q": null,
            "common_shares": 2980811,
            "book_valuer_per_share": 18.3,
            "book_valuer_per_share_4q_avg": 18.25,
            "equity": 5489457,
            "current_ratio": 181.59,
            "debt_ratio": 44.62,
            "inventory_turnover_ratio": 0.7,
            "account_receivable_turnover_ratio": 0.88,
            "reinvestment_rate": 22.82,
            "research_to_sale_ratio": 5.61,
            "price_fair": 37.1,
            "eps_avg_yearly": 1.06,
            "eps_latest_yearly": 0.4,
            "eps_growth_yearly": 59.44
        },
        "20161": {
            "year_quarter": 20161,
            "year": 2016,
            "quarter": 1,
            "eps": 0.35,
            "eps_growth_year": 0,
            "eps_4q": 1.18,
            "eps_4q_growth_year": -8.55,
            "roe": 1.94,
            "roe_4q": 6.6000000000000005,
            "gross_profit": 447424,
            "gross_margin": 29.74,
            "gross_margin_4q_avg": 28.43,
            "net_income": 107360,
            "net_income_4q": null,
            "revenue": 1504568,
            "revenue_4q": null,
            "common_shares": 2980811,
            "book_valuer_per_share": 18.61,
            "book_valuer_per_share_4q_avg": 18.32,
            "equity": 5583984,
            "current_ratio": 167.5,
            "debt_ratio": 43.7,
            "inventory_turnover_ratio": 0.74,
            "account_receivable_turnover_ratio": 0.89,
            "reinvestment_rate": 18.75,
            "research_to_sale_ratio": 5.39,
            "price_fair": 37.1,
            "eps_avg_yearly": 1.06,
            "eps_latest_yearly": 1.4,
            "eps_growth_yearly": 92.25
        },
        "20162": {
            "year_quarter": 20162,
            "year": 2016,
            "quarter": 2,
            "eps": 0.37,
            "eps_growth_year": 12.12,
            "eps_4q": 1.22,
            "eps_4q_growth_year": -8.32,
            "roe": 2.01,
            "roe_4q": 6.75,
            "gross_profit": 433355,
            "gross_margin": 29.6,
            "gross_margin_4q_avg": 28.45,
            "net_income": 111480,
            "net_income_4q": null,
            "revenue": 1463990,
            "revenue_4q": null,
            "common_shares": 2980811,
            "book_valuer_per_share": 18.28,
            "book_valuer_per_share_4q_avg": 18.37,
            "equity": 5484138,
            "current_ratio": 165.67,
            "debt_ratio": 44.33,
            "inventory_turnover_ratio": 0.74,
            "account_receivable_turnover_ratio": 0.85,
            "reinvestment_rate": 6.74,
            "research_to_sale_ratio": 5.25,
            "price_fair": 37.36,
            "eps_avg_yearly": 1.07,
            "eps_latest_yearly": 1.48,
            "eps_growth_yearly": 94.39
        },
        "20163": {
            "year_quarter": 20163,
            "year": 2016,
            "quarter": 3,
            "eps": 0.23,
            "eps_growth_year": -42.5,
            "eps_4q": 1.05,
            "eps_4q_growth_year": -30.93,
            "roe": 1.22,
            "roe_4q": 5.75,
            "gross_profit": 398557,
            "gross_margin": 28.77,
            "gross_margin_4q_avg": 28.81,
            "net_income": 67062,
            "net_income_4q": null,
            "revenue": 1385208,
            "revenue_4q": null,
            "common_shares": 2980811,
            "book_valuer_per_share": 18.39,
            "book_valuer_per_share_4q_avg": 18.4,
            "equity": 5515173,
            "current_ratio": 188.31,
            "debt_ratio": 43.75,
            "inventory_turnover_ratio": 0.67,
            "account_receivable_turnover_ratio": 0.82,
            "reinvestment_rate": -4,
            "research_to_sale_ratio": 5.81,
            "price_fair": 37.8,
            "eps_avg_yearly": 1.08,
            "eps_latest_yearly": 0.92,
            "eps_growth_yearly": 96.7
        },
        "20164": {
            "year_quarter": 20164,
            "year": 2016,
            "quarter": 4,
            "eps": 0.11,
            "eps_growth_year": 7.63,
            "eps_4q": 1.05,
            "eps_4q_growth_year": -11.45,
            "roe": 0.54,
            "roe_4q": 5.709999999999999,
            "gross_profit": 409672,
            "gross_margin": 28.7,
            "gross_margin_4q_avg": 29.2,
            "net_income": 29992,
            "net_income_4q": null,
            "revenue": 1427647,
            "revenue_4q": null,
            "common_shares": 2980811,
            "book_valuer_per_share": 18.34,
            "book_valuer_per_share_4q_avg": 18.41,
            "equity": 5498325,
            "current_ratio": 178.1,
            "debt_ratio": 44.78,
            "inventory_turnover_ratio": 0.66,
            "account_receivable_turnover_ratio": 0.83,
            "reinvestment_rate": -39.39,
            "research_to_sale_ratio": 6.08,
            "price_fair": 36.93,
            "eps_avg_yearly": 1.06,
            "eps_latest_yearly": 0.44,
            "eps_growth_yearly": 79.49
        },
        "20171": {
            "year_quarter": 20171,
            "year": 2017,
            "quarter": 1,
            "eps": 0.32,
            "eps_growth_year": -8.57,
            "eps_4q": 1.03,
            "eps_4q_growth_year": -13.13,
            "roe": 1.72,
            "roe_4q": 5.489999999999999,
            "gross_profit": 475737,
            "gross_margin": 30.8,
            "gross_margin_4q_avg": 29.47,
            "net_income": 95106,
            "net_income_4q": null,
            "revenue": 1544706,
            "revenue_4q": null,
            "common_shares": 2980811,
            "book_valuer_per_share": 18.55,
            "book_valuer_per_share_4q_avg": 18.39,
            "equity": 5560364,
            "current_ratio": 179.41,
            "debt_ratio": 43.85,
            "inventory_turnover_ratio": 0.69,
            "account_receivable_turnover_ratio": 0.89,
            "reinvestment_rate": -10.69,
            "research_to_sale_ratio": 5.19,
            "price_fair": 38.5,
            "eps_avg_yearly": 1.1,
            "eps_latest_yearly": 1.28,
            "eps_growth_yearly": 135.55
        },
        "20172": {
            "year_quarter": 20172,
            "year": 2017,
            "quarter": 2,
            "eps": 0.21,
            "eps_growth_year": -43.24,
            "eps_4q": 0.86,
            "eps_4q_growth_year": -29.06,
            "roe": 1.08,
            "roe_4q": 4.56,
            "gross_profit": 411149,
            "gross_margin": 27.58,
            "gross_margin_4q_avg": 28.96,
            "net_income": 59512,
            "net_income_4q": null,
            "revenue": 1490900,
            "revenue_4q": null,
            "common_shares": 2980811,
            "book_valuer_per_share": 18.16,
            "book_valuer_per_share_4q_avg": 18.36,
            "equity": 5436842,
            "current_ratio": 167.79,
            "debt_ratio": 45.33,
            "inventory_turnover_ratio": 0.69,
            "account_receivable_turnover_ratio": 0.86,
            "reinvestment_rate": -24.32,
            "research_to_sale_ratio": 5.52,
            "price_fair": 37.54,
            "eps_avg_yearly": 1.07,
            "eps_latest_yearly": 0.84,
            "eps_growth_yearly": 94.81
        },
        "20173": {
            "year_quarter": 20173,
            "year": 2017,
            "quarter": 3,
            "eps": 0.35,
            "eps_growth_year": 52.17,
            "eps_4q": 0.99,
            "eps_4q_growth_year": -5.77,
            "roe": 1.86,
            "roe_4q": 5.2,
            "gross_profit": 472274,
            "gross_margin": 30.98,
            "gross_margin_4q_avg": 29.52,
            "net_income": 102381,
            "net_income_4q": null,
            "revenue": 1524264,
            "revenue_4q": null,
            "common_shares": 2980811,
            "book_valuer_per_share": 18.59,
            "book_valuer_per_share_4q_avg": 18.41,
            "equity": 5564124,
            "current_ratio": 175.02,
            "debt_ratio": 44.84,
            "inventory_turnover_ratio": 0.64,
            "account_receivable_turnover_ratio": 0.87,
            "reinvestment_rate": -25.54,
            "research_to_sale_ratio": 5.96,
            "price_fair": 38.5,
            "eps_avg_yearly": 1.1,
            "eps_latest_yearly": 1.4,
            "eps_growth_yearly": 117.73
        },
        "20174": {
            "year_quarter": 20174,
            "year": 2017,
            "quarter": 4,
            "eps": 0.17,
            "eps_growth_year": 54.99,
            "eps_4q": 1.05,
            "eps_4q_growth_year": -0.79,
            "roe": 0.89,
            "roe_4q": 5.55,
            "gross_profit": 563437,
            "gross_margin": 33.44,
            "gross_margin_4q_avg": 30.7,
            "net_income": 49495,
            "net_income_4q": null,
            "revenue": 1684937,
            "revenue_4q": null,
            "common_shares": 2980811,
            "book_valuer_per_share": 18.72,
            "book_valuer_per_share_4q_avg": 18.51,
            "equity": 5603695,
            "current_ratio": 179.12,
            "debt_ratio": 45.47,
            "inventory_turnover_ratio": 0.66,
            "account_receivable_turnover_ratio": 0.91,
            "reinvestment_rate": -47.76,
            "research_to_sale_ratio": 5.4,
            "price_fair": 39.03,
            "eps_avg_yearly": 1.12,
            "eps_latest_yearly": 0.68,
            "eps_growth_yearly": 118.41
        },
        "20181": {
            "year_quarter": 20181,
            "year": 2018,
            "quarter": 1,
            "eps": 0.37,
            "eps_growth_year": 15.62,
            "eps_4q": 1.1,
            "eps_4q_growth_year": 6.85,
            "roe": 1.93,
            "roe_4q": 5.76,
            "gross_profit": 775328,
            "gross_margin": 38.5,
            "gross_margin_4q_avg": 32.63,
            "net_income": 109989,
            "net_income_4q": null,
            "revenue": 2013901,
            "revenue_4q": null,
            "common_shares": 2980811,
            "book_valuer_per_share": 19.32,
            "book_valuer_per_share_4q_avg": 18.7,
            "equity": 5784661,
            "current_ratio": 174.95,
            "debt_ratio": 46.02,
            "inventory_turnover_ratio": 0.73,
            "account_receivable_turnover_ratio": 0.99,
            "reinvestment_rate": -93.14,
            "research_to_sale_ratio": 4.1,
            "price_fair": 40.25,
            "eps_avg_yearly": 1.15,
            "eps_latest_yearly": 1.48,
            "eps_growth_yearly": 120.55
        },
        "20182": {
            "year_quarter": 20182,
            "year": 2018,
            "quarter": 2,
            "eps": 0.36,
            "eps_growth_year": 71.43,
            "eps_4q": 1.25,
            "eps_4q_growth_year": 44.7,
            "roe": 1.85,
            "roe_4q": 6.53,
            "gross_profit": 698791,
            "gross_margin": 37.58,
            "gross_margin_4q_avg": 35.13,
            "net_income": 106132,
            "net_income_4q": null,
            "revenue": 1859513,
            "revenue_4q": null,
            "common_shares": 2980811,
            "book_valuer_per_share": 18.93,
            "book_valuer_per_share_4q_avg": 18.89,
            "equity": 5664737,
            "current_ratio": 163.23,
            "debt_ratio": 46.89,
            "inventory_turnover_ratio": 0.67,
            "account_receivable_turnover_ratio": 0.86,
            "reinvestment_rate": -33.7,
            "research_to_sale_ratio": 5.36,
            "price_fair": 40.78,
            "eps_avg_yearly": 1.17,
            "eps_latest_yearly": 1.44,
            "eps_growth_yearly": 112.27
        },
        "20183": {
            "year_quarter": 20183,
            "year": 2018,
            "quarter": 3,
            "eps": 0.36,
            "eps_growth_year": 2.86,
            "eps_4q": 1.26,
            "eps_4q_growth_year": 27.68,
            "roe": 1.85,
            "roe_4q": 6.52,
            "gross_profit": 717748,
            "gross_margin": 35.82,
            "gross_margin_4q_avg": 36.34,
            "net_income": 104985,
            "net_income_4q": null,
            "revenue": 2003713,
            "revenue_4q": null,
            "common_shares": 2980811,
            "book_valuer_per_share": 18.94,
            "book_valuer_per_share_4q_avg": 18.98,
            "equity": 5669601,
            "current_ratio": 162.36,
            "debt_ratio": 47.68,
            "inventory_turnover_ratio": 0.68,
            "account_receivable_turnover_ratio": 0.9,
            "reinvestment_rate": -40.29,
            "research_to_sale_ratio": 5.35,
            "price_fair": 42.09,
            "eps_avg_yearly": 1.2,
            "eps_latest_yearly": 1.44,
            "eps_growth_yearly": 119.77
        },
        "20184": {
            "year_quarter": 20184,
            "year": 2018,
            "quarter": 4,
            "eps": 0.15,
            "eps_growth_year": -8.36,
            "eps_4q": 1.24,
            "eps_4q_growth_year": 19.03,
            "roe": 0.81,
            "roe_4q": 6.4399999999999995,
            "gross_profit": 673303,
            "gross_margin": 39.53,
            "gross_margin_4q_avg": 37.86,
            "net_income": 45841,
            "net_income_4q": null,
            "revenue": 1703109,
            "revenue_4q": null,
            "common_shares": 2980811,
            "book_valuer_per_share": 19.08,
            "book_valuer_per_share_4q_avg": 19.07,
            "equity": 5701157,
            "current_ratio": 180.47,
            "debt_ratio": 47.05,
            "inventory_turnover_ratio": 0.5,
            "account_receivable_turnover_ratio": 0.78,
            "reinvestment_rate": -43.74,
            "research_to_sale_ratio": 6.68,
            "price_fair": 39.64,
            "eps_avg_yearly": 1.13,
            "eps_latest_yearly": 0.6,
            "eps_growth_yearly": 78.99
        },
        "20191": {
            "year_quarter": 20191,
            "year": 2019,
            "quarter": 1,
            "eps": 0.28,
            "eps_growth_year": -24.32,
            "eps_4q": 1.16,
            "eps_4q_growth_year": 5.25,
            "roe": 1.46,
            "roe_4q": 5.970000000000001,
            "gross_profit": 750186,
            "gross_margin": 37.88,
            "gross_margin_4q_avg": 37.7,
            "net_income": 84641,
            "net_income_4q": null,
            "revenue": 1980584,
            "revenue_4q": null,
            "common_shares": 2980811,
            "book_valuer_per_share": 19.73,
            "book_valuer_per_share_4q_avg": 19.17,
            "equity": 5896616,
            "current_ratio": 174.91,
            "debt_ratio": 47.02,
            "inventory_turnover_ratio": 0.57,
            "account_receivable_turnover_ratio": 0.92,
            "reinvestment_rate": -37.23,
            "research_to_sale_ratio": 5.12,
            "price_fair": 39.03,
            "eps_avg_yearly": 1.12,
            "eps_latest_yearly": 1.12,
            "eps_growth_yearly": 105.31
        },
        "20192": {
            "year_quarter": 20192,
            "year": 2019,
            "quarter": 2,
            "eps": 0.44,
            "eps_growth_year": 22.22,
            "eps_4q": 1.24,
            "eps_4q_growth_year": -1.19,
            "roe": 2.25,
            "roe_4q": 6.369999999999999,
            "gross_profit": 769211,
            "gross_margin": 38.81,
            "gross_margin_4q_avg": 38.01,
            "net_income": 131600,
            "net_income_4q": null,
            "revenue": 1981881,
            "revenue_4q": null,
            "common_shares": 2980811,
            "book_valuer_per_share": 19.36,
            "book_valuer_per_share_4q_avg": 19.28,
            "equity": 5785053,
            "current_ratio": 159.06,
            "debt_ratio": 49.31,
            "inventory_turnover_ratio": 0.55,
            "account_receivable_turnover_ratio": 0.9,
            "reinvestment_rate": -23.76,
            "research_to_sale_ratio": 5.84,
            "price_fair": 39.99,
            "eps_avg_yearly": 1.14,
            "eps_latest_yearly": 1.76,
            "eps_growth_yearly": 121.03
        },
        "20193": {
            "year_quarter": 20193,
            "year": 2019,
            "quarter": 3,
            "eps": 0.33,
            "eps_growth_year": -8.33,
            "eps_4q": 1.21,
            "eps_4q_growth_year": -3.71,
            "roe": 1.69,
            "roe_4q": 6.210000000000001,
            "gross_profit": 736556,
            "gross_margin": 37.5,
            "gross_margin_4q_avg": 38.43,
            "net_income": 98272,
            "net_income_4q": null,
            "revenue": 1964045,
            "revenue_4q": null,
            "common_shares": 2980811,
            "book_valuer_per_share": 19.57,
            "book_valuer_per_share_4q_avg": 19.44,
            "equity": 5847313,
            "current_ratio": 164.4,
            "debt_ratio": 48.77,
            "inventory_turnover_ratio": 0.56,
            "account_receivable_turnover_ratio": 0.89,
            "reinvestment_rate": -18.25,
            "research_to_sale_ratio": 4.86,
            "price_fair": 39.38,
            "eps_avg_yearly": 1.13,
            "eps_latest_yearly": 1.32,
            "eps_growth_yearly": 109.47
        },
        "20194": {
            "year_quarter": 20194,
            "year": 2019,
            "quarter": 4,
            "eps": 0.24,
            "eps_growth_year": 53.39,
            "eps_4q": 1.29,
            "eps_4q_growth_year": 4.01,
            "roe": 1.19,
            "roe_4q": 6.59,
            "gross_profit": 720480,
            "gross_margin": 35.26,
            "gross_margin_4q_avg": 37.36,
            "net_income": 70309,
            "net_income_4q": null,
            "revenue": 2043190,
            "revenue_4q": null,
            "common_shares": 2980811,
            "book_valuer_per_share": 19.87,
            "book_valuer_per_share_4q_avg": 19.63,
            "equity": 5939353,
            "current_ratio": 181.35,
            "debt_ratio": 48.7,
            "inventory_turnover_ratio": 0.61,
            "account_receivable_turnover_ratio": 0.94,
            "reinvestment_rate": -14.14,
            "research_to_sale_ratio": 6.81,
            "price_fair": 40.6,
            "eps_avg_yearly": 1.16,
            "eps_latest_yearly": 0.96,
            "eps_growth_yearly": 121.41
        },
        "20201": {
            "year_quarter": 20201,
            "year": 2020,
            "quarter": 1,
            "eps": 0.38,
            "eps_growth_year": 35.71,
            "eps_4q": 1.39,
            "eps_4q_growth_year": 19.92,
            "roe": 1.88,
            "roe_4q": 7.01,
            "gross_profit": 769725,
            "gross_margin": 36.9,
            "gross_margin_4q_avg": 37.12,
            "net_income": 113404,
            "net_income_4q": null,
            "revenue": 2086166,
            "revenue_4q": null,
            "common_shares": 2980811,
            "book_valuer_per_share": 20.49,
            "book_valuer_per_share_4q_avg": 19.82,
            "equity": 6125315,
            "current_ratio": 173.35,
            "debt_ratio": 48.18,
            "inventory_turnover_ratio": 0.61,
            "account_receivable_turnover_ratio": 0.93,
            "reinvestment_rate": -11.65,
            "research_to_sale_ratio": 5.06,
            "price_fair": 40.86,
            "eps_avg_yearly": 1.17,
            "eps_latest_yearly": 1.52,
            "eps_growth_yearly": 73.49
        },
        "20202": {
            "year_quarter": 20202,
            "year": 2020,
            "quarter": 2,
            "eps": 0.78,
            "eps_growth_year": 77.27,
            "eps_4q": 1.72,
            "eps_4q_growth_year": 39.31,
            "roe": 3.7,
            "roe_4q": 8.459999999999999,
            "gross_profit": 715379,
            "gross_margin": 37.4,
            "gross_margin_4q_avg": 36.77,
            "net_income": 232999,
            "net_income_4q": null,
            "revenue": 1912649,
            "revenue_4q": null,
            "common_shares": 2980811,
            "book_valuer_per_share": 21.61,
            "book_valuer_per_share_4q_avg": 20.39,
            "equity": 6458953,
            "current_ratio": 172.98,
            "debt_ratio": 46.94,
            "inventory_turnover_ratio": 0.55,
            "account_receivable_turnover_ratio": 0.85,
            "reinvestment_rate": -8.04,
            "research_to_sale_ratio": 5.64,
            "price_fair": 44.45,
            "eps_avg_yearly": 1.27,
            "eps_latest_yearly": 3.12,
            "eps_growth_yearly": 98.38
        },
        "20203": {
            "year_quarter": 20203,
            "year": 2020,
            "quarter": 3,
            "eps": 0.39,
            "eps_growth_year": 18.18,
            "eps_4q": 1.79,
            "eps_4q_growth_year": 47.55,
            "roe": 1.82,
            "roe_4q": 8.59,
            "gross_profit": 739109,
            "gross_margin": 36.61,
            "gross_margin_4q_avg": 36.54,
            "net_income": 118483,
            "net_income_4q": null,
            "revenue": 2018848,
            "revenue_4q": null,
            "common_shares": 2980811,
            "book_valuer_per_share": 21.98,
            "book_valuer_per_share_4q_avg": 20.99,
            "equity": 6570584,
            "current_ratio": 181.17,
            "debt_ratio": 45.79,
            "inventory_turnover_ratio": 0.56,
            "account_receivable_turnover_ratio": 0.94,
            "reinvestment_rate": -4.95,
            "research_to_sale_ratio": 6.1,
            "price_fair": 45.85,
            "eps_avg_yearly": 1.31,
            "eps_latest_yearly": 1.56,
            "eps_growth_yearly": 95.34
        },
        "20204": {
            "year_quarter": 20204,
            "year": 2020,
            "quarter": 4,
            "eps": 0.32,
            "eps_growth_year": 36.82,
            "eps_4q": 1.88,
            "eps_4q_growth_year": 44.89,
            "roe": 1.43,
            "roe_4q": 8.83,
            "gross_profit": 744590,
            "gross_margin": 34.42,
            "gross_margin_4q_avg": 36.33,
            "net_income": 94614,
            "net_income_4q": null,
            "revenue": 2163393,
            "revenue_4q": null,
            "common_shares": 2980811,
            "book_valuer_per_share": 22.18,
            "book_valuer_per_share_4q_avg": 21.57,
            "equity": 6626859,
            "current_ratio": 178.93,
            "debt_ratio": 46.37,
            "inventory_turnover_ratio": 0.61,
            "account_receivable_turnover_ratio": 1.01,
            "reinvestment_rate": -2.41,
            "research_to_sale_ratio": 4.98,
            "price_fair": 47.69,
            "eps_avg_yearly": 1.36,
            "eps_latest_yearly": 1.28,
            "eps_growth_yearly": 103.89
        },
        "20211": {
            "year_quarter": 20211,
            "year": 2021,
            "quarter": 1,
            "eps": 0.43,
            "eps_growth_year": 13.16,
            "eps_4q": 1.93,
            "eps_4q_growth_year": 39.47,
            "roe": 1.88,
            "roe_4q": 8.83,
            "gross_profit": 759152,
            "gross_margin": 38.09,
            "gross_margin_4q_avg": 36.63,
            "net_income": 129059,
            "net_income_4q": null,
            "revenue": 1993117,
            "revenue_4q": null,
            "common_shares": 2980811,
            "book_valuer_per_share": 23.66,
            "book_valuer_per_share_4q_avg": 22.36,
            "equity": 7069966,
            "current_ratio": 187.11,
            "debt_ratio": 44.09,
            "inventory_turnover_ratio": 0.51,
            "account_receivable_turnover_ratio": 0.94,
            "reinvestment_rate": -3.01,
            "research_to_sale_ratio": 4.88,
            "price_fair": 48.65,
            "eps_avg_yearly": 1.39,
            "eps_latest_yearly": 1.72,
            "eps_growth_yearly": 64.76
        },
        "20212": {
            "year_quarter": 20212,
            "year": 2021,
            "quarter": 2,
            "eps": 0.35,
            "eps_growth_year": -55.13,
            "eps_4q": 1.51,
            "eps_4q_growth_year": -12.59,
            "roe": 1.45,
            "roe_4q": 6.58,
            "gross_profit": 758722,
            "gross_margin": 37.27,
            "gross_margin_4q_avg": 36.6,
            "net_income": 104402,
            "net_income_4q": null,
            "revenue": 2035608,
            "revenue_4q": null,
            "common_shares": 2980811,
            "book_valuer_per_share": 24.7,
            "book_valuer_per_share_4q_avg": 23.13,
            "equity": 7375789,
            "current_ratio": 198.3,
            "debt_ratio": 42.65,
            "inventory_turnover_ratio": 0.53,
            "account_receivable_turnover_ratio": 0.97,
            "reinvestment_rate": 6.67,
            "research_to_sale_ratio": 4.94,
            "price_fair": 49.88,
            "eps_avg_yearly": 1.43,
            "eps_latest_yearly": 1.4,
            "eps_growth_yearly": 68.7
        },
        "20213": {
            "year_quarter": 20213,
            "year": 2021,
            "quarter": 3,
            "eps": 0.43,
            "eps_growth_year": 10.26,
            "eps_4q": 1.54,
            "eps_4q_growth_year": -13.65,
            "roe": 1.72,
            "roe_4q": 6.4799999999999995,
            "gross_profit": 680227,
            "gross_margin": 35.62,
            "gross_margin_4q_avg": 36.35,
            "net_income": 129432,
            "net_income_4q": null,
            "revenue": 1909525,
            "revenue_4q": null,
            "common_shares": 2980811,
            "book_valuer_per_share": 25.58,
            "book_valuer_per_share_4q_avg": 24.03,
            "equity": 7639710,
            "current_ratio": 203.85,
            "debt_ratio": 39.72,
            "inventory_turnover_ratio": 0.52,
            "account_receivable_turnover_ratio": 0.93,
            "reinvestment_rate": 5.7,
            "research_to_sale_ratio": 5.02,
            "price_fair": 50.58,
            "eps_avg_yearly": 1.45,
            "eps_latest_yearly": 1.72,
            "eps_growth_yearly": 57.75
        },
        "20214": {
            "year_quarter": 20214,
            "year": 2021,
            "quarter": 4,
            "eps": 0.52,
            "eps_growth_year": 60.83,
            "eps_4q": 1.74,
            "eps_4q_growth_year": -7.15,
            "roe": 1.99,
            "roe_4q": 7.04,
            "gross_profit": 666691,
            "gross_margin": 33.16,
            "gross_margin_4q_avg": 36.04,
            "net_income": 153462,
            "net_income_4q": null,
            "revenue": 2010748,
            "revenue_4q": null,
            "common_shares": 2980811,
            "book_valuer_per_share": 26.09,
            "book_valuer_per_share_4q_avg": 25.01,
            "equity": 7788470,
            "current_ratio": 198.29,
            "debt_ratio": 39.09,
            "inventory_turnover_ratio": 0.58,
            "account_receivable_turnover_ratio": 1,
            "reinvestment_rate": 15.23,
            "research_to_sale_ratio": 4.85,
            "price_fair": 53.64,
            "eps_avg_yearly": 1.53,
            "eps_latest_yearly": 2.08,
            "eps_growth_yearly": 75.84
        },
        "20221": {
            "year_quarter": 20221,
            "year": 2022,
            "quarter": 1,
            "eps": 0.3,
            "eps_growth_year": -30.23,
            "eps_4q": 1.61,
            "eps_4q_growth_year": -16.88,
            "roe": 1.17,
            "roe_4q": 6.33,
            "gross_profit": 679042,
            "gross_margin": 34.29,
            "gross_margin_4q_avg": 35.09,
            "net_income": 89232,
            "net_income_4q": null,
            "revenue": 1980460,
            "revenue_4q": null,
            "common_shares": 2980811,
            "book_valuer_per_share": 24.99,
            "book_valuer_per_share_4q_avg": 25.34,
            "equity": 7464361,
            "current_ratio": 181.39,
            "debt_ratio": 40.23,
            "inventory_turnover_ratio": 0.58,
            "account_receivable_turnover_ratio": 0.99,
            "reinvestment_rate": 33.1,
            "research_to_sale_ratio": 5.32,
            "price_fair": 53.03,
            "eps_avg_yearly": 1.52,
            "eps_latest_yearly": 1.2,
            "eps_growth_yearly": 35.85
        },
        "20222": {
            "year_quarter": 20222,
            "year": 2022,
            "quarter": 2,
            "eps": 0.52,
            "eps_growth_year": 48.57,
            "eps_4q": 1.77,
            "eps_4q_growth_year": 17.89,
            "roe": 2.13,
            "roe_4q": 7.01,
            "gross_profit": 743728,
            "gross_margin": 35.75,
            "gross_margin_4q_avg": 34.71,
            "net_income": 156364,
            "net_income_4q": null,
            "revenue": 2080463,
            "revenue_4q": null,
            "common_shares": 2980811,
            "book_valuer_per_share": 24.11,
            "book_valuer_per_share_4q_avg": 25.19,
            "equity": 7201845,
            "current_ratio": 166.25,
            "debt_ratio": 41.58,
            "inventory_turnover_ratio": 0.59,
            "account_receivable_turnover_ratio": 1.04,
            "reinvestment_rate": 32.46,
            "research_to_sale_ratio": 4.87,
            "price_fair": 54.43,
            "eps_avg_yearly": 1.56,
            "eps_latest_yearly": 2.08,
            "eps_growth_yearly": 54.86
        },
        "20223": {
            "year_quarter": 20223,
            "year": 2022,
            "quarter": 3,
            "eps": 0.43,
            "eps_growth_year": 0,
            "eps_4q": 1.77,
            "eps_4q_growth_year": 14.52,
            "roe": 1.76,
            "roe_4q": 7.05,
            "gross_profit": 800027,
            "gross_margin": 38.54,
            "gross_margin_4q_avg": 35.44,
            "net_income": 126870,
            "net_income_4q": null,
            "revenue": 2075680,
            "revenue_4q": null,
            "common_shares": 2980811,
            "book_valuer_per_share": 24.27,
            "book_valuer_per_share_4q_avg": 24.87,
            "equity": 7252098,
            "current_ratio": 169.06,
            "debt_ratio": 41.98,
            "inventory_turnover_ratio": 0.53,
            "account_receivable_turnover_ratio": 1.01,
            "reinvestment_rate": 35.95,
            "research_to_sale_ratio": 5.43,
            "price_fair": 55.04,
            "eps_avg_yearly": 1.57,
            "eps_latest_yearly": 1.72,
            "eps_growth_yearly": 50.53
        },
        "20224": {
            "year_quarter": 20224,
            "year": 2022,
            "quarter": 4,
            "eps": 0.36,
            "eps_growth_year": -30.97,
            "eps_4q": 1.61,
            "eps_4q_growth_year": -7.72,
            "roe": 1.46,
            "roe_4q": 6.52,
            "gross_profit": 865084,
            "gross_margin": 37.29,
            "gross_margin_4q_avg": 36.47,
            "net_income": 106832,
            "net_income_4q": null,
            "revenue": 2319909,
            "revenue_4q": null,
            "common_shares": 2980811,
            "book_valuer_per_share": 24.87,
            "book_valuer_per_share_4q_avg": 24.56,
            "equity": 7429577,
            "current_ratio": 179.99,
            "debt_ratio": 42.06,
            "inventory_turnover_ratio": 0.58,
            "account_receivable_turnover_ratio": 1.07,
            "reinvestment_rate": 35.75,
            "research_to_sale_ratio": 5.02,
            "price_fair": 56.88,
            "eps_avg_yearly": 1.63,
            "eps_latest_yearly": 1.44,
            "eps_growth_yearly": 61.05
        },
        "20231": {
            "year_quarter": 20231,
            "year": 2023,
            "quarter": 1,
            "eps": 0.34,
            "eps_growth_year": 13.33,
            "eps_4q": 1.65,
            "eps_4q_growth_year": 2.47,
            "roe": 1.32,
            "roe_4q": 6.67,
            "gross_profit": 795257,
            "gross_margin": 37.93,
            "gross_margin_4q_avg": 37.38,
            "net_income": 100137,
            "net_income_4q": null,
            "revenue": 2096429,
            "revenue_4q": null,
            "common_shares": 2980811,
            "book_valuer_per_share": 26.01,
            "book_valuer_per_share_4q_avg": 24.82,
            "equity": 7769818,
            "current_ratio": 168.95,
            "debt_ratio": 39.84,
            "inventory_turnover_ratio": 0.52,
            "account_receivable_turnover_ratio": 0.96,
            "reinvestment_rate": 33.65,
            "research_to_sale_ratio": 6.03,
            "price_fair": 57.4,
            "eps_avg_yearly": 1.64,
            "eps_latest_yearly": 1.36,
            "eps_growth_yearly": 37.99
        },
        "20232": {
            "year_quarter": 20232,
            "year": 2023,
            "quarter": 2,
            "eps": 0.18,
            "eps_growth_year": -65.38,
            "eps_4q": 1.3,
            "eps_4q_growth_year": -26.66,
            "roe": 0.71,
            "roe_4q": 5.25,
            "gross_profit": 774012,
            "gross_margin": 36.74,
            "gross_margin_4q_avg": 37.63,
            "net_income": 53912,
            "net_income_4q": null,
            "revenue": 2106608,
            "revenue_4q": null,
            "common_shares": 2980811,
            "book_valuer_per_share": 24.91,
            "book_valuer_per_share_4q_avg": 25.02,
            "equity": 7443044,
            "current_ratio": 152.09,
            "debt_ratio": 41.36,
            "inventory_turnover_ratio": 0.53,
            "account_receivable_turnover_ratio": 1.02,
            "reinvestment_rate": 28.74,
            "research_to_sale_ratio": 5.42,
            "price_fair": 34.55,
            "eps_avg_yearly": 1.58,
            "eps_latest_yearly": 0.72,
            "eps_growth_yearly": 11.94
        },
        "20233": {
            "year_quarter": 20233,
            "year": 2023,
            "quarter": 3,
            "eps": 0.19,
            "eps_growth_year": -55.81,
            "eps_4q": 1.07,
            "eps_4q_growth_year": -39.66,
            "roe": 0.77,
            "roe_4q": 4.26,
            "gross_profit": 772235,
            "gross_margin": 36.85,
            "gross_margin_4q_avg": 37.2,
            "net_income": 57377,
            "net_income_4q": null,
            "revenue": 2095567,
            "revenue_4q": null,
            "common_shares": 2980811,
            "book_valuer_per_share": 24.69,
            "book_valuer_per_share_4q_avg": 25.12,
            "equity": 7376747,
            "current_ratio": 156.98,
            "debt_ratio": 41.56,
            "inventory_turnover_ratio": 0.52,
            "account_receivable_turnover_ratio": 0.99,
            "reinvestment_rate": 28.33,
            "research_to_sale_ratio": 5.08,
            "price_fair": 45.55,
            "eps_avg_yearly": 1.54,
            "eps_latest_yearly": 0.76,
            "eps_growth_yearly": 19.58
        }
    },
    "months": {
        "2001-06": {
            "month": "2001-06",
            "price": "8.17",
            "revenue": 178013
        },
        "2001-07": {
            "month": "2001-07",
            "price": "6.75",
            "revenue": 201017
        },
        "2001-08": {
            "month": "2001-08",
            "price": "6.81",
            "revenue": 206191
        },
        "2001-09": {
            "month": "2001-09",
            "price": "6.47",
            "revenue": 196339
        },
        "2001-10": {
            "month": "2001-10",
            "price": "7.11",
            "revenue": 209243
        },
        "2001-11": {
            "month": "2001-11",
            "price": "7.09",
            "revenue": 180169
        },
        "2001-12": {
            "month": "2001-12",
            "price": "7.47",
            "revenue": 223378
        },
        "2002-01": {
            "month": "2002-01",
            "price": "8.33",
            "revenue": 227929
        },
        "2002-02": {
            "month": "2002-02",
            "price": "8.35",
            "revenue": 172294
        },
        "2002-03": {
            "month": "2002-03",
            "price": "8.85",
            "revenue": 240551
        },
        "2002-04": {
            "month": "2002-04",
            "price": "10.23",
            "revenue": 201959
        },
        "2002-05": {
            "month": "2002-05",
            "price": "10.20",
            "revenue": 207068
        },
        "2002-06": {
            "month": "2002-06",
            "price": "9.48",
            "revenue": 187741
        },
        "2002-07": {
            "month": "2002-07",
            "price": "8.92",
            "revenue": 215306
        },
        "2002-08": {
            "month": "2002-08",
            "price": "8.21",
            "revenue": 186231
        },
        "2002-09": {
            "month": "2002-09",
            "price": "7.07",
            "revenue": 189571
        },
        "2002-10": {
            "month": "2002-10",
            "price": "7.21",
            "revenue": 223380
        },
        "2002-11": {
            "month": "2002-11",
            "price": "7.78",
            "revenue": 182687
        },
        "2002-12": {
            "month": "2002-12",
            "price": "7.90",
            "revenue": 183900
        },
        "2003-01": {
            "month": "2003-01",
            "price": "8.67",
            "revenue": 244330
        },
        "2003-02": {
            "month": "2003-02",
            "price": "8.33",
            "revenue": 170101
        },
        "2003-03": {
            "month": "2003-03",
            "price": "8.26",
            "revenue": 210291
        },
        "2003-04": {
            "month": "2003-04",
            "price": "8.64",
            "revenue": 228925
        },
        "2003-05": {
            "month": "2003-05",
            "price": "8.22",
            "revenue": 273967
        },
        "2003-06": {
            "month": "2003-06",
            "price": "8.42",
            "revenue": 183174
        },
        "2003-07": {
            "month": "2003-07",
            "price": "8.25",
            "revenue": 181837
        },
        "2003-08": {
            "month": "2003-08",
            "price": "7.98",
            "revenue": 174837
        },
        "2003-09": {
            "month": "2003-09",
            "price": "8.77",
            "revenue": 198849
        },
        "2003-10": {
            "month": "2003-10",
            "price": "9.73",
            "revenue": 219854
        },
        "2003-11": {
            "month": "2003-11",
            "price": "9.94",
            "revenue": 204693
        },
        "2003-12": {
            "month": "2003-12",
            "price": "10.25",
            "revenue": 208498
        },
        "2004-01": {
            "month": "2004-01",
            "price": "11.31",
            "revenue": 213377
        },
        "2004-02": {
            "month": "2004-02",
            "price": "13.61",
            "revenue": 142340
        },
        "2004-03": {
            "month": "2004-03",
            "price": "14.08",
            "revenue": 258694
        },
        "2004-04": {
            "month": "2004-04",
            "price": "13.06",
            "revenue": 244449
        },
        "2004-05": {
            "month": "2004-05",
            "price": "11.36",
            "revenue": 222806
        },
        "2004-06": {
            "month": "2004-06",
            "price": "11.75",
            "revenue": 203723
        },
        "2004-07": {
            "month": "2004-07",
            "price": "11.02",
            "revenue": 208240
        },
        "2004-08": {
            "month": "2004-08",
            "price": "10.54",
            "revenue": 248581
        },
        "2004-09": {
            "month": "2004-09",
            "price": "13.77",
            "revenue": 172500
        },
        "2004-10": {
            "month": "2004-10",
            "price": "13.21",
            "revenue": 195558
        },
        "2004-11": {
            "month": "2004-11",
            "price": "13.43",
            "revenue": 172554
        },
        "2004-12": {
            "month": "2004-12",
            "price": "13.82",
            "revenue": 203729
        },
        "2005-01": {
            "month": "2005-01",
            "price": "14.18",
            "revenue": 218520
        },
        "2005-02": {
            "month": "2005-02",
            "price": "13.79",
            "revenue": 187505
        },
        "2005-03": {
            "month": "2005-03",
            "price": "13.56",
            "revenue": 223926
        },
        "2005-04": {
            "month": "2005-04",
            "price": "12.48",
            "revenue": 177604
        },
        "2005-05": {
            "month": "2005-05",
            "price": "12.12",
            "revenue": 203192
        },
        "2005-06": {
            "month": "2005-06",
            "price": "12.89",
            "revenue": 195364
        },
        "2005-07": {
            "month": "2005-07",
            "price": "12.43",
            "revenue": 172503
        },
        "2005-08": {
            "month": "2005-08",
            "price": "10.66",
            "revenue": 176104
        },
        "2005-09": {
            "month": "2005-09",
            "price": "8.89",
            "revenue": 194763
        },
        "2005-10": {
            "month": "2005-10",
            "price": "9.78",
            "revenue": 214084
        },
        "2005-11": {
            "month": "2005-11",
            "price": "12.48",
            "revenue": 197448
        },
        "2005-12": {
            "month": "2005-12",
            "price": "11.08",
            "revenue": 167957
        },
        "2006-01": {
            "month": "2006-01",
            "price": "10.76",
            "revenue": 205336
        },
        "2006-02": {
            "month": "2006-02",
            "price": "10.62",
            "revenue": 132594
        },
        "2006-03": {
            "month": "2006-03",
            "price": "10.56",
            "revenue": 187673
        },
        "2006-04": {
            "month": "2006-04",
            "price": "10.98",
            "revenue": 219995
        },
        "2006-05": {
            "month": "2006-05",
            "price": "12.30",
            "revenue": 228290
        },
        "2006-06": {
            "month": "2006-06",
            "price": "10.92",
            "revenue": 228407
        },
        "2006-07": {
            "month": "2006-07",
            "price": "10.39",
            "revenue": 216741
        },
        "2006-08": {
            "month": "2006-08",
            "price": "9.51",
            "revenue": 235826
        },
        "2006-09": {
            "month": "2006-09",
            "price": "9.58",
            "revenue": 210433
        },
        "2006-10": {
            "month": "2006-10",
            "price": "10.70",
            "revenue": 240479
        },
        "2006-11": {
            "month": "2006-11",
            "price": "10.85",
            "revenue": 221706
        },
        "2006-12": {
            "month": "2006-12",
            "price": "11.44",
            "revenue": 198896
        },
        "2007-01": {
            "month": "2007-01",
            "price": "11.58",
            "revenue": 266169
        },
        "2007-02": {
            "month": "2007-02",
            "price": "11.34",
            "revenue": 201377
        },
        "2007-03": {
            "month": "2007-03",
            "price": "10.95",
            "revenue": 249247
        },
        "2007-04": {
            "month": "2007-04",
            "price": "12.52",
            "revenue": 179672
        },
        "2007-05": {
            "month": "2007-05",
            "price": "13.33",
            "revenue": 233050
        },
        "2007-06": {
            "month": "2007-06",
            "price": "14.77",
            "revenue": 219707
        },
        "2007-07": {
            "month": "2007-07",
            "price": "23.82",
            "revenue": 232113
        },
        "2007-08": {
            "month": "2007-08",
            "price": "22.55",
            "revenue": 251450
        },
        "2007-09": {
            "month": "2007-09",
            "price": "23.39",
            "revenue": 244668
        },
        "2007-10": {
            "month": "2007-10",
            "price": "23.51",
            "revenue": 254795
        },
        "2007-11": {
            "month": "2007-11",
            "price": "18.15",
            "revenue": 224646
        },
        "2007-12": {
            "month": "2007-12",
            "price": "16.08",
            "revenue": 252513
        },
        "2008-01": {
            "month": "2008-01",
            "price": "15.83",
            "revenue": 211083
        },
        "2008-02": {
            "month": "2008-02",
            "price": "17.66",
            "revenue": 162259
        },
        "2008-03": {
            "month": "2008-03",
            "price": "20.35",
            "revenue": 217617
        },
        "2008-04": {
            "month": "2008-04",
            "price": "22.18",
            "revenue": 234737
        },
        "2008-05": {
            "month": "2008-05",
            "price": "21.41",
            "revenue": 204015
        },
        "2008-06": {
            "month": "2008-06",
            "price": "16.99",
            "revenue": 219471
        },
        "2008-07": {
            "month": "2008-07",
            "price": "14.79",
            "revenue": 238227
        },
        "2008-08": {
            "month": "2008-08",
            "price": "14.83",
            "revenue": 215681
        },
        "2008-09": {
            "month": "2008-09",
            "price": "11.24",
            "revenue": 204941
        },
        "2008-10": {
            "month": "2008-10",
            "price": "10.72",
            "revenue": 221017
        },
        "2008-11": {
            "month": "2008-11",
            "price": "11.95",
            "revenue": 218312
        },
        "2008-12": {
            "month": "2008-12",
            "price": "12.60",
            "revenue": 283542
        },
        "2009-01": {
            "month": "2009-01",
            "price": "13.06",
            "revenue": 214989
        },
        "2009-02": {
            "month": "2009-02",
            "price": "12.31",
            "revenue": 231364
        },
        "2009-03": {
            "month": "2009-03",
            "price": "12.97",
            "revenue": 227564
        },
        "2009-04": {
            "month": "2009-04",
            "price": "17.72",
            "revenue": 205576
        },
        "2009-05": {
            "month": "2009-05",
            "price": "22.27",
            "revenue": 200401
        },
        "2009-06": {
            "month": "2009-06",
            "price": "19.86",
            "revenue": 200466
        },
        "2009-07": {
            "month": "2009-07",
            "price": "21.73",
            "revenue": 250322
        },
        "2009-08": {
            "month": "2009-08",
            "price": "22.89",
            "revenue": 180302
        },
        "2009-09": {
            "month": "2009-09",
            "price": "25.06",
            "revenue": 212714
        },
        "2009-10": {
            "month": "2009-10",
            "price": "23.98",
            "revenue": 221349
        },
        "2009-11": {
            "month": "2009-11",
            "price": "23.80",
            "revenue": 263483
        },
        "2009-12": {
            "month": "2009-12",
            "price": "23.83",
            "revenue": 223584
        },
        "2010-01": {
            "month": "2010-01",
            "price": "22.38",
            "revenue": 262635
        },
        "2010-02": {
            "month": "2010-02",
            "price": "17.94",
            "revenue": 193823
        },
        "2010-03": {
            "month": "2010-03",
            "price": "20.50",
            "revenue": 267421
        },
        "2010-04": {
            "month": "2010-04",
            "price": "21.77",
            "revenue": 237364
        },
        "2010-05": {
            "month": "2010-05",
            "price": "19.69",
            "revenue": 229046
        },
        "2010-06": {
            "month": "2010-06",
            "price": "19.39",
            "revenue": 232671
        },
        "2010-07": {
            "month": "2010-07",
            "price": "21.21",
            "revenue": 213302
        },
        "2010-08": {
            "month": "2010-08",
            "price": "24.20",
            "revenue": 219734
        },
        "2010-09": {
            "month": "2010-09",
            "price": "26.15",
            "revenue": 245571
        },
        "2010-10": {
            "month": "2010-10",
            "price": "29.64",
            "revenue": 227393
        },
        "2010-11": {
            "month": "2010-11",
            "price": "29.36",
            "revenue": 219188
        },
        "2010-12": {
            "month": "2010-12",
            "price": "30.11",
            "revenue": 201919
        },
        "2011-01": {
            "month": "2011-01",
            "price": "27.96",
            "revenue": 253197
        },
        "2011-02": {
            "month": "2011-02",
            "price": "26.73",
            "revenue": 173104
        },
        "2011-03": {
            "month": "2011-03",
            "price": "25.81",
            "revenue": 290486
        },
        "2011-04": {
            "month": "2011-04",
            "price": "26.00",
            "revenue": 425872
        },
        "2011-05": {
            "month": "2011-05",
            "price": "26.21",
            "revenue": 422474
        },
        "2011-06": {
            "month": "2011-06",
            "price": "23.56",
            "revenue": 400378
        },
        "2011-07": {
            "month": "2011-07",
            "price": "23.88",
            "revenue": 384880
        },
        "2011-08": {
            "month": "2011-08",
            "price": "20.16",
            "revenue": 399043
        },
        "2011-09": {
            "month": "2011-09",
            "price": "18.66",
            "revenue": 430852
        },
        "2011-10": {
            "month": "2011-10",
            "price": "18.35",
            "revenue": 444472
        },
        "2011-11": {
            "month": "2011-11",
            "price": "18.26",
            "revenue": 407496
        },
        "2011-12": {
            "month": "2011-12",
            "price": "16.76",
            "revenue": 453639
        },
        "2012-01": {
            "month": "2012-01",
            "price": "17.48",
            "revenue": 447108
        },
        "2012-02": {
            "month": "2012-02",
            "price": "21.93",
            "revenue": 407184
        },
        "2012-03": {
            "month": "2012-03",
            "price": "22.46",
            "revenue": 427758
        },
        "2012-04": {
            "month": "2012-04",
            "price": "19.44",
            "revenue": 419192
        },
        "2012-05": {
            "month": "2012-05",
            "price": "17.95",
            "revenue": 410484
        },
        "2012-06": {
            "month": "2012-06",
            "price": "17.12",
            "revenue": 368797
        },
        "2012-07": {
            "month": "2012-07",
            "price": "18.29",
            "revenue": 405920
        },
        "2012-08": {
            "month": "2012-08",
            "price": "19.00",
            "revenue": 419830
        },
        "2012-09": {
            "month": "2012-09",
            "price": "19.94",
            "revenue": 403551
        },
        "2012-10": {
            "month": "2012-10",
            "price": "20.15",
            "revenue": 426355
        },
        "2012-11": {
            "month": "2012-11",
            "price": "19.12",
            "revenue": 415613
        },
        "2012-12": {
            "month": "2012-12",
            "price": "20.18",
            "revenue": 402788
        },
        "2013-01": {
            "month": "2013-01",
            "price": "20.25",
            "revenue": 493419
        },
        "2013-02": {
            "month": "2013-02",
            "price": "20.42",
            "revenue": 355574
        },
        "2013-03": {
            "month": "2013-03",
            "price": "20.41",
            "revenue": 413481
        },
        "2013-04": {
            "month": "2013-04",
            "price": "21.92",
            "revenue": 442256
        },
        "2013-05": {
            "month": "2013-05",
            "price": "20.73",
            "revenue": 432531
        },
        "2013-06": {
            "month": "2013-06",
            "price": "20.29",
            "revenue": 405127
        },
        "2013-07": {
            "month": "2013-07",
            "price": "20.81",
            "revenue": 446914
        },
        "2013-08": {
            "month": "2013-08",
            "price": "21.15",
            "revenue": 418624
        },
        "2013-09": {
            "month": "2013-09",
            "price": "22.92",
            "revenue": 419473
        },
        "2013-10": {
            "month": "2013-10",
            "price": "24.33",
            "revenue": 436119
        },
        "2013-11": {
            "month": "2013-11",
            "price": "23.41",
            "revenue": 430529
        },
        "2013-12": {
            "month": "2013-12",
            "price": "23.11",
            "revenue": 462280
        },
        "2014-01": {
            "month": "2014-01",
            "price": "23.23",
            "revenue": 529324
        },
        "2014-02": {
            "month": "2014-02",
            "price": "23.33",
            "revenue": 379471
        },
        "2014-03": {
            "month": "2014-03",
            "price": "23.05",
            "revenue": 453571
        },
        "2014-04": {
            "month": "2014-04",
            "price": "22.85",
            "revenue": 457576
        },
        "2014-05": {
            "month": "2014-05",
            "price": "22.91",
            "revenue": 437846
        },
        "2014-06": {
            "month": "2014-06",
            "price": "23.09",
            "revenue": 395485
        },
        "2014-07": {
            "month": "2014-07",
            "price": "22.91",
            "revenue": 423982
        },
        "2014-08": {
            "month": "2014-08",
            "price": "21.66",
            "revenue": 421312
        },
        "2014-09": {
            "month": "2014-09",
            "price": "21.52",
            "revenue": 428066
        },
        "2014-10": {
            "month": "2014-10",
            "price": "20.73",
            "revenue": 489432
        },
        "2014-11": {
            "month": "2014-11",
            "price": "20.22",
            "revenue": 441544
        },
        "2014-12": {
            "month": "2014-12",
            "price": "20.10",
            "revenue": 475955
        },
        "2015-01": {
            "month": "2015-01",
            "price": "20.62",
            "revenue": 516881
        },
        "2015-02": {
            "month": "2015-02",
            "price": "20.30",
            "revenue": 424527
        },
        "2015-03": {
            "month": "2015-03",
            "price": "20.38",
            "revenue": 438161
        },
        "2015-04": {
            "month": "2015-04",
            "price": "20.32",
            "revenue": 530386
        },
        "2015-05": {
            "month": "2015-05",
            "price": "19.91",
            "revenue": 451207
        },
        "2015-06": {
            "month": "2015-06",
            "price": "19.00",
            "revenue": 427735
        },
        "2015-07": {
            "month": "2015-07",
            "price": "19.93",
            "revenue": 440946
        },
        "2015-08": {
            "month": "2015-08",
            "price": "17.45",
            "revenue": 460297
        },
        "2015-09": {
            "month": "2015-09",
            "price": "17.21",
            "revenue": 470096
        },
        "2015-10": {
            "month": "2015-10",
            "price": "18.16",
            "revenue": 466419
        },
        "2015-11": {
            "month": "2015-11",
            "price": "19.18",
            "revenue": 454265
        },
        "2015-12": {
            "month": "2015-12",
            "price": "19.71",
            "revenue": 498911
        },
        "2016-01": {
            "month": "2016-01",
            "price": "18.69",
            "revenue": 574863
        },
        "2016-02": {
            "month": "2016-02",
            "price": "19.73",
            "revenue": 386754
        },
        "2016-03": {
            "month": "2016-03",
            "price": "19.80",
            "revenue": 530148
        },
        "2016-04": {
            "month": "2016-04",
            "price": "19.00",
            "revenue": 513765
        },
        "2016-05": {
            "month": "2016-05",
            "price": "18.32",
            "revenue": 495216
        },
        "2016-06": {
            "month": "2016-06",
            "price": "18.49",
            "revenue": 492425
        },
        "2016-07": {
            "month": "2016-07",
            "price": "18.52",
            "revenue": 440407
        },
        "2016-08": {
            "month": "2016-08",
            "price": "18.21",
            "revenue": 481575
        },
        "2016-09": {
            "month": "2016-09",
            "price": "18.13",
            "revenue": 479246
        },
        "2016-10": {
            "month": "2016-10",
            "price": "17.98",
            "revenue": 483569
        },
        "2016-11": {
            "month": "2016-11",
            "price": "17.86",
            "revenue": 522229
        },
        "2016-12": {
            "month": "2016-12",
            "price": "18.10",
            "revenue": 500568
        },
        "2017-01": {
            "month": "2017-01",
            "price": "18.11",
            "revenue": 596061
        },
        "2017-02": {
            "month": "2017-02",
            "price": "19.29",
            "revenue": 410681
        },
        "2017-03": {
            "month": "2017-03",
            "price": "19.54",
            "revenue": 532059
        },
        "2017-04": {
            "month": "2017-04",
            "price": "18.56",
            "revenue": 516086
        },
        "2017-05": {
            "month": "2017-05",
            "price": "18.64",
            "revenue": 526464
        },
        "2017-06": {
            "month": "2017-06",
            "price": "18.92",
            "revenue": 475818
        },
        "2017-07": {
            "month": "2017-07",
            "price": "18.55",
            "revenue": 467085
        },
        "2017-08": {
            "month": "2017-08",
            "price": "17.89",
            "revenue": 505340
        },
        "2017-09": {
            "month": "2017-09",
            "price": "18.03",
            "revenue": 533671
        },
        "2017-10": {
            "month": "2017-10",
            "price": "17.91",
            "revenue": 534701
        },
        "2017-11": {
            "month": "2017-11",
            "price": "18.18",
            "revenue": 587918
        },
        "2017-12": {
            "month": "2017-12",
            "price": "18.59",
            "revenue": 588385
        },
        "2018-01": {
            "month": "2018-01",
            "price": "18.82",
            "revenue": 790804
        },
        "2018-02": {
            "month": "2018-02",
            "price": "18.43",
            "revenue": 505247
        },
        "2018-03": {
            "month": "2018-03",
            "price": "19.33",
            "revenue": 697641
        },
        "2018-04": {
            "month": "2018-04",
            "price": "19.93",
            "revenue": 629158
        },
        "2018-05": {
            "month": "2018-05",
            "price": "20.65",
            "revenue": 657248
        },
        "2018-06": {
            "month": "2018-06",
            "price": "20.28",
            "revenue": 600319
        },
        "2018-07": {
            "month": "2018-07",
            "price": "19.73",
            "revenue": 642331
        },
        "2018-08": {
            "month": "2018-08",
            "price": "20.52",
            "revenue": 579450
        },
        "2018-09": {
            "month": "2018-09",
            "price": "22.22",
            "revenue": 647677
        },
        "2018-10": {
            "month": "2018-10",
            "price": "20.71",
            "revenue": 596847
        },
        "2018-11": {
            "month": "2018-11",
            "price": "18.32",
            "revenue": 632828
        },
        "2018-12": {
            "month": "2018-12",
            "price": "18.35",
            "revenue": 598171
        },
        "2019-01": {
            "month": "2019-01",
            "price": "18.47",
            "revenue": 881375
        },
        "2019-02": {
            "month": "2019-02",
            "price": "18.84",
            "revenue": 477035
        },
        "2019-03": {
            "month": "2019-03",
            "price": "18.95",
            "revenue": 635777
        },
        "2019-04": {
            "month": "2019-04",
            "price": "18.88",
            "revenue": 668917
        },
        "2019-05": {
            "month": "2019-05",
            "price": "18.69",
            "revenue": 666255
        },
        "2019-06": {
            "month": "2019-06",
            "price": "18.94",
            "revenue": 637768
        },
        "2019-07": {
            "month": "2019-07",
            "price": "19.48",
            "revenue": 630287
        },
        "2019-08": {
            "month": "2019-08",
            "price": "18.43",
            "revenue": 664429
        },
        "2019-09": {
            "month": "2019-09",
            "price": "18.67",
            "revenue": 667515
        },
        "2019-10": {
            "month": "2019-10",
            "price": "18.92",
            "revenue": 671164
        },
        "2019-11": {
            "month": "2019-11",
            "price": "19.05",
            "revenue": 684393
        },
        "2019-12": {
            "month": "2019-12",
            "price": "19.08",
            "revenue": 672901
        },
        "2020-01": {
            "month": "2020-01",
            "price": "19.55",
            "revenue": 737281
        },
        "2020-02": {
            "month": "2020-02",
            "price": "20.35",
            "revenue": 640025
        },
        "2020-03": {
            "month": "2020-03",
            "price": "19.02",
            "revenue": 728371
        },
        "2020-04": {
            "month": "2020-04",
            "price": "20.19",
            "revenue": 701073
        },
        "2020-05": {
            "month": "2020-05",
            "price": "21.93",
            "revenue": 625512
        },
        "2020-06": {
            "month": "2020-06",
            "price": "23.22",
            "revenue": 617720
        },
        "2020-07": {
            "month": "2020-07",
            "price": "24.14",
            "revenue": 634856
        },
        "2020-08": {
            "month": "2020-08",
            "price": "23.11",
            "revenue": 626738
        },
        "2020-09": {
            "month": "2020-09",
            "price": "23.96",
            "revenue": 753371
        },
        "2020-10": {
            "month": "2020-10",
            "price": "23.02",
            "revenue": 613931
        },
        "2020-11": {
            "month": "2020-11",
            "price": "23.44",
            "revenue": 731270
        },
        "2020-12": {
            "month": "2020-12",
            "price": "23.15",
            "revenue": 736343
        },
        "2021-01": {
            "month": "2021-01",
            "price": "22.63",
            "revenue": 863490
        },
        "2021-02": {
            "month": "2021-02",
            "price": "22.31",
            "revenue": 522933
        },
        "2021-03": {
            "month": "2021-03",
            "price": "22.86",
            "revenue": 622390
        },
        "2021-04": {
            "month": "2021-04",
            "price": "23.71",
            "revenue": 647486
        },
        "2021-05": {
            "month": "2021-05",
            "price": "23.45",
            "revenue": 717855
        },
        "2021-06": {
            "month": "2021-06",
            "price": "23.95",
            "revenue": 677409
        },
        "2021-07": {
            "month": "2021-07",
            "price": "24.62",
            "revenue": 632685
        },
        "2021-08": {
            "month": "2021-08",
            "price": "22.94",
            "revenue": 614507
        },
        "2021-09": {
            "month": "2021-09",
            "price": "23.22",
            "revenue": 654963
        },
        "2021-10": {
            "month": "2021-10",
            "price": "22.07",
            "revenue": 633230
        },
        "2021-11": {
            "month": "2021-11",
            "price": "22.38",
            "revenue": 679023
        },
        "2021-12": {
            "month": "2021-12",
            "price": "22.67",
            "revenue": 713668
        },
        "2022-01": {
            "month": "2022-01",
            "price": "22.44",
            "revenue": 740726
        },
        "2022-02": {
            "month": "2022-02",
            "price": "22.35",
            "revenue": 530948
        },
        "2022-03": {
            "month": "2022-03",
            "price": "22.07",
            "revenue": 679100
        },
        "2022-04": {
            "month": "2022-04",
            "price": "24.03",
            "revenue": 678926
        },
        "2022-05": {
            "month": "2022-05",
            "price": "22.92",
            "revenue": 694902
        },
        "2022-06": {
            "month": "2022-06",
            "price": "21.99",
            "revenue": 711385
        },
        "2022-07": {
            "month": "2022-07",
            "price": "21.58",
            "revenue": 659390
        },
        "2022-08": {
            "month": "2022-08",
            "price": "21.62",
            "revenue": 678623
        },
        "2022-09": {
            "month": "2022-09",
            "price": "22.19",
            "revenue": 728746
        },
        "2022-10": {
            "month": "2022-10",
            "price": "20.70",
            "revenue": 694895
        },
        "2022-11": {
            "month": "2022-11",
            "price": "20.70",
            "revenue": 724997
        },
        "2022-12": {
            "month": "2022-12",
            "price": "28.05",
            "revenue": 736352
        },
        "2023-01": {
            "month": "2023-01",
            "price": "28.48",
            "revenue": 753430
        },
        "2023-02": {
            "month": "2023-02",
            "price": "27.48",
            "revenue": 645122
        },
        "2023-03": {
            "month": "2023-03",
            "price": "26.39",
            "revenue": 710635
        },
        "2023-04": {
            "month": "2023-04",
            "price": "26.43",
            "revenue": 693843
        },
        "2023-05": {
            "month": "2023-05",
            "price": "26.37",
            "revenue": 698521
        },
        "2023-06": {
            "month": "2023-06",
            "price": "25.99",
            "revenue": 729551
        },
        "2023-07": {
            "month": "2023-07",
            "price": "25.16",
            "revenue": 691536
        },
        "2023-08": {
            "month": "2023-08",
            "price": "23.57",
            "revenue": 711815
        },
        "2023-09": {
            "month": "2023-09",
            "price": "23.26",
            "revenue": 713176
        },
        "2023-10": {
            "month": "2023-10",
            "price": "22.88",
            "revenue": 723712
        },
        "2023-11": {
            "month": "2023-11",
            "price": "23.52",
            "revenue": 758387
        }
    }
}
