{
    "summary": {
        "stock_name": "南僑",
        "stock_id": "1702",
        "category": "食品",
        "main_business": "一般投資業",
        "website_url": "http://www.namchow.com.tw",
        "ceo": "李勘文",
        "pe_ratio": 18,
        "report_year_from": 2001,
        "report_year_to": 2023,
        "age": 23,
        "eps_negative_percentage": 9,
        "eps_growth_avg": {
            "last_all": 9.07,
            "last_2y": -6.18,
            "last_4y": -4.94,
            "last_8y": -1.6,
            "last_12y": 6.33,
            "last_16y": 10.62,
            "last_20y": 7.89,
            "at_2006_last_3y": -6.67,
            "at_2007_last_3y": -60,
            "at_2008_last_3y": -75,
            "at_2009_last_3y": 25,
            "at_2010_last_3y": 29.22,
            "at_2011_last_3y": 13.43,
            "at_2012_last_3y": 33.25,
            "at_2013_last_3y": 30.9,
            "at_2014_last_3y": 24.16,
            "at_2015_last_3y": 37.1,
            "at_2016_last_3y": 31.73,
            "at_2017_last_3y": 4.69,
            "at_2018_last_3y": 2.58,
            "at_2019_last_3y": -3.04,
            "at_2020_last_3y": -5.36,
            "at_2021_last_3y": 2.14,
            "at_2022_last_3y": -10.4,
            "at_2023_last_3y": -5.02,
            "at_2024_last_3y": -5.02,
            "at_2006_last_all": 2.89,
            "at_2007_last_all": 2.89,
            "at_2008_last_all": -7.68,
            "at_2009_last_all": 10.26,
            "at_2010_last_all": 14.18,
            "at_2011_last_all": 8.16,
            "at_2012_last_all": 10.51,
            "at_2013_last_all": 18.52,
            "at_2014_last_all": 17.81,
            "at_2015_last_all": 17.81,
            "at_2016_last_all": 17.04,
            "at_2017_last_all": 14.57,
            "at_2018_last_all": 13.75,
            "at_2019_last_all": 12.6,
            "at_2020_last_all": 11.77,
            "at_2021_last_all": 11.81,
            "at_2022_last_all": 8.66,
            "at_2023_last_all": 9.07,
            "at_2024_last_all": 9.07
        },
        "latest_eps": 3.09,
        "latest_price": 54.6,
        "latest_roe": 7.3,
        "latest_gross_margin": 29.91,
        "latest_equity": 12407058,
        "latest_revenue": 5810068,
        "latest_gross_profit": 1737628,
        "latest_net_income": 306856,
        "latest_debt_ratio": 59.51,
        "latest_current_ratio": 189.97,
        "latest_account_receivable_turnover_ratio": 2.5,
        "latest_inventory_turnover_ratio": 1.22,
        "latest_reinvestment_rate": -7.28,
        "latest_research_to_sale_ratio": 2.45
    },
    "eps_dividends": {
        "1990": {
            "cash": 0.3,
            "stock": 0.5,
            "eps": 0
        },
        "1991": {
            "cash": 0,
            "stock": 3.3,
            "eps": 0
        },
        "1992": {
            "cash": 0,
            "stock": 1.4,
            "eps": 0
        },
        "1998": {
            "cash": 0,
            "stock": 1,
            "eps": 0
        },
        "2001": {
            "cash": 0,
            "stock": 0,
            "eps": 0.19
        },
        "2002": {
            "cash": 0,
            "stock": 0,
            "eps": 0.25
        },
        "2003": {
            "cash": 0,
            "stock": 0.25,
            "eps": 0.7
        },
        "2004": {
            "cash": 0,
            "stock": 0.26,
            "eps": 0.56
        },
        "2005": {
            "cash": 0,
            "stock": 0,
            "eps": -0.16
        },
        "2006": {
            "cash": 0,
            "stock": 0,
            "eps": -0.58
        },
        "2007": {
            "cash": 0,
            "stock": 0,
            "eps": 0.08
        },
        "2008": {
            "cash": 0,
            "stock": 0,
            "eps": 0.04
        },
        "2009": {
            "cash": 0,
            "stock": 0,
            "eps": 1.54
        },
        "2010": {
            "cash": 0,
            "stock": 0,
            "eps": 2.12
        },
        "2011": {
            "cash": 1.95,
            "stock": 0,
            "eps": 1.4
        },
        "2012": {
            "cash": 0,
            "stock": 0,
            "eps": 1.81
        },
        "2013": {
            "cash": 1,
            "stock": 0,
            "eps": 3.45
        },
        "2014": {
            "cash": 2,
            "stock": 0,
            "eps": 3.82
        },
        "2015": {
            "cash": 2.1,
            "stock": 0,
            "eps": 4.5
        },
        "2016": {
            "cash": 2.6,
            "stock": 0,
            "eps": 4.85
        },
        "2017": {
            "cash": 2.8,
            "stock": 0,
            "eps": 4
        },
        "2018": {
            "cash": 2.7,
            "stock": 0,
            "eps": 4.09
        },
        "2019": {
            "cash": 2.7,
            "stock": 0,
            "eps": 3.9
        },
        "2020": {
            "cash": 2,
            "stock": 0,
            "eps": 3.84
        },
        "2021": {
            "cash": 2,
            "stock": 0,
            "eps": 4.32
        },
        "2022": {
            "cash": 2.2,
            "stock": 0,
            "eps": 2.25
        },
        "2023": {
            "cash": 2,
            "stock": 0,
            "eps": 2.63
        }
    },
    "dividends": {
        "1990-03-31": {
            "cash": 0.3,
            "stock": 0.5
        },
        "1991-06-20": {
            "cash": 0,
            "stock": 3.3
        },
        "1992-05-23": {
            "cash": 0,
            "stock": 1.4
        },
        "1998-06-06": {
            "cash": 0,
            "stock": 1
        },
        "2003-03-17": {
            "cash": 0,
            "stock": 0.25
        },
        "2004-03-10": {
            "cash": 0,
            "stock": 0.26
        },
        "2011-01-01": {
            "cash": 0.55,
            "stock": 0
        },
        "2011-03-15": {
            "cash": 1.4,
            "stock": 0
        },
        "2013-04-15": {
            "cash": 1,
            "stock": 0
        },
        "2014-06-06": {
            "cash": 2,
            "stock": 0
        },
        "2015-08-06": {
            "cash": 2.1,
            "stock": 0
        },
        "2016-08-24": {
            "cash": 2.6,
            "stock": 0
        },
        "2017-08-09": {
            "cash": 2.8,
            "stock": 0
        },
        "2018-08-08": {
            "cash": 2.7,
            "stock": 0
        },
        "2019-07-25": {
            "cash": 2.7,
            "stock": 0
        },
        "2020-07-28": {
            "cash": 2,
            "stock": 0
        },
        "2021-06-30": {
            "cash": 2,
            "stock": 0
        },
        "2022-07-01": {
            "cash": 2.2,
            "stock": 0
        },
        "2023-06-30": {
            "cash": 2,
            "stock": 0
        }
    },
    "prices": {
        "200101": "5.02",
        "200102": "4.88",
        "200103": "5.51",
        "200104": "5.03",
        "200105": "4.67",
        "200106": "4.25",
        "200107": "3.98",
        "200108": "3.94",
        "200109": "3.68",
        "200110": "3.71",
        "200111": "3.58",
        "200112": "4.32",
        "200201": "6.85",
        "200202": "7.83",
        "200203": "7.57",
        "200204": "7.69",
        "200205": "6.45",
        "200206": "6.66",
        "200207": "6.93",
        "200208": "6.25",
        "200209": "5.10",
        "200210": "4.70",
        "200211": "5.79",
        "200212": "6.09",
        "200301": "6.39",
        "200302": "5.84",
        "200303": "5.85",
        "200304": "5.70",
        "200305": "5.46",
        "200306": "5.89",
        "200307": "6.06",
        "200308": "5.92",
        "200309": "5.71",
        "200310": "6.28",
        "200311": "6.66",
        "200312": "6.57",
        "200401": "7.06",
        "200402": "8.67",
        "200403": "9.80",
        "200404": "8.97",
        "200405": "7.14",
        "200406": "6.87",
        "200407": "6.56",
        "200408": "6.28",
        "200409": "6.59",
        "200410": "6.46",
        "200411": "6.10",
        "200412": "6.38",
        "200501": "6.76",
        "200502": "6.33",
        "200503": "6.24",
        "200504": "5.58",
        "200505": "5.09",
        "200506": "5.22",
        "200507": "5.11",
        "200508": "4.95",
        "200509": "4.73",
        "200510": "4.85",
        "200511": "4.79",
        "200512": "4.88",
        "200601": "5.17",
        "200602": "5.09",
        "200603": "4.83",
        "200604": "4.97",
        "200605": "5.66",
        "200606": "4.98",
        "200607": "4.97",
        "200608": "4.78",
        "200609": "4.59",
        "200610": "5.09",
        "200611": "5.51",
        "200612": "6.55",
        "200701": "8.98",
        "200702": "8.98",
        "200703": "8.54",
        "200704": "9.67",
        "200705": "9.04",
        "200706": "8.98",
        "200707": "11.26",
        "200708": "11.10",
        "200709": "13.06",
        "200710": "14.10",
        "200711": "10.29",
        "200712": "8.70",
        "200801": "8.68",
        "200802": "8.93",
        "200803": "9.95",
        "200804": "11.13",
        "200805": "12.66",
        "200806": "10.00",
        "200807": "8.28",
        "200808": "7.43",
        "200809": "5.19",
        "200810": "4.78",
        "200811": "4.71",
        "200812": "5.06",
        "200901": "4.79",
        "200902": "4.44",
        "200903": "4.87",
        "200904": "6.37",
        "200905": "7.79",
        "200906": "8.04",
        "200907": "9.25",
        "200908": "11.00",
        "200909": "12.79",
        "200910": "19.29",
        "200911": "23.67",
        "200912": "27.53",
        "201001": "28.62",
        "201002": "26.15",
        "201003": "32.98",
        "201004": "38.38",
        "201005": "36.38",
        "201006": "35.58",
        "201007": "36.64",
        "201008": "37.93",
        "201009": "41.96",
        "201010": "43.57",
        "201011": "41.50",
        "201012": "40.62",
        "201101": "37.98",
        "201102": "37.29",
        "201103": "41.64",
        "201104": "42.73",
        "201105": "38.10",
        "201106": "35.31",
        "201107": "36.22",
        "201108": "31.02",
        "201109": "25.72",
        "201110": "22.02",
        "201111": "28.10",
        "201112": "24.35",
        "201201": "23.74",
        "201202": "29.00",
        "201203": "32.71",
        "201204": "29.43",
        "201205": "28.61",
        "201206": "27.63",
        "201207": "30.20",
        "201208": "30.41",
        "201209": "30.56",
        "201210": "29.40",
        "201211": "27.57",
        "201212": "28.78",
        "201301": "28.56",
        "201302": "28.43",
        "201303": "28.47",
        "201304": "28.48",
        "201305": "32.21",
        "201306": "33.23",
        "201307": "39.34",
        "201308": "38.84",
        "201309": "41.50",
        "201310": "49.08",
        "201311": "46.43",
        "201312": "45.72",
        "201401": "43.06",
        "201402": "46.17",
        "201403": "59.42",
        "201404": "58.54",
        "201405": "58.84",
        "201406": "62.66",
        "201407": "67.95",
        "201408": "63.08",
        "201409": "60.79",
        "201410": "51.95",
        "201411": "51.04",
        "201412": "55.12",
        "201501": "56.14",
        "201502": "57.48",
        "201503": "62.24",
        "201504": "68.64",
        "201505": "66.60",
        "201506": "66.50",
        "201507": "66.17",
        "201508": "73.36",
        "201509": "71.58",
        "201510": "71.55",
        "201511": "68.97",
        "201512": "66.58",
        "201601": "59.92",
        "201602": "62.35",
        "201603": "63.72",
        "201604": "61.34",
        "201605": "61.94",
        "201606": "65.12",
        "201607": "68.89",
        "201608": "70.51",
        "201609": "69.99",
        "201610": "68.46",
        "201611": "64.67",
        "201612": "62.80",
        "201701": "62.98",
        "201702": "63.81",
        "201703": "62.77",
        "201704": "60.13",
        "201705": "61.20",
        "201706": "62.51",
        "201707": "64.97",
        "201708": "62.96",
        "201709": "61.10",
        "201710": "61.05",
        "201711": "60.89",
        "201712": "61.30",
        "201801": "63.40",
        "201802": "60.95",
        "201803": "61.08",
        "201804": "60.72",
        "201805": "60.93",
        "201806": "61.62",
        "201807": "58.77",
        "201808": "53.53",
        "201809": "51.70",
        "201810": "46.39",
        "201811": "46.03",
        "201812": "46.49",
        "201901": "51.60",
        "201902": "54.77",
        "201903": "53.92",
        "201904": "54.03",
        "201905": "52.26",
        "201906": "54.48",
        "201907": "54.39",
        "201908": "51.53",
        "201909": "50.89",
        "201910": "50.09",
        "201911": "49.97",
        "201912": "50.45",
        "202001": "50.64",
        "202002": "49.05",
        "202003": "42.68",
        "202004": "42.60",
        "202005": "44.51",
        "202006": "45.78",
        "202007": "43.47",
        "202008": "42.25",
        "202009": "42.57",
        "202010": "42.80",
        "202011": "44.52",
        "202012": "45.59",
        "202101": "45.54",
        "202102": "45.64",
        "202103": "47.04",
        "202104": "51.66",
        "202105": "55.05",
        "202106": "52.94",
        "202107": "51.40",
        "202108": "48.82",
        "202109": "48.42",
        "202110": "49.99",
        "202111": "49.05",
        "202112": "49.30",
        "202201": "49.51",
        "202202": "49.85",
        "202203": "48.76",
        "202204": "48.49",
        "202205": "46.65",
        "202206": "45.97",
        "202207": "44.95",
        "202208": "45.58",
        "202209": "44.92",
        "202210": "43.27",
        "202211": "44.30",
        "202212": "44.86",
        "202301": "45.19",
        "202302": "46.22",
        "202303": "46.98",
        "202304": "47.54",
        "202305": "50.72",
        "202306": "48.37",
        "202307": "47.89",
        "202308": "47.95",
        "202309": "48.35",
        "202310": "50.15",
        "202311": "49.62",
        "202312": "50.22"
    },
    "quarters": {
        "20011": {
            "year_quarter": 20011,
            "year": 2001,
            "quarter": 1,
            "eps": 0.12,
            "eps_growth_year": -20,
            "eps_4q": -0.47,
            "eps_4q_growth_year": null,
            "roe": 1.49,
            "roe_4q": 1.49,
            "gross_profit": 124961,
            "gross_margin": 38.62,
            "gross_margin_4q_avg": 38.62,
            "net_income": 32304,
            "net_income_4q": null,
            "revenue": 323544,
            "revenue_4q": null,
            "common_shares": 2796871,
            "book_valuer_per_share": 8.19,
            "book_valuer_per_share_4q_avg": 8.19,
            "equity": 2290390,
            "current_ratio": 66.48,
            "debt_ratio": 51.36,
            "inventory_turnover_ratio": 0.71,
            "account_receivable_turnover_ratio": null,
            "reinvestment_rate": null,
            "research_to_sale_ratio": null,
            "price_fair": 0,
            "eps_avg_yearly": 0,
            "eps_latest_yearly": 0,
            "eps_growth_yearly": 0
        },
        "20012": {
            "year_quarter": 20012,
            "year": 2001,
            "quarter": 2,
            "eps": 0.05,
            "eps_growth_year": null,
            "eps_4q": -0.2,
            "eps_4q_growth_year": null,
            "roe": 0.57,
            "roe_4q": 2.06,
            "gross_profit": 131161,
            "gross_margin": 39.52,
            "gross_margin_4q_avg": 39.07,
            "net_income": 13199,
            "net_income_4q": null,
            "revenue": 331915,
            "revenue_4q": null,
            "common_shares": 2796871,
            "book_valuer_per_share": 8.27,
            "book_valuer_per_share_4q_avg": 8.23,
            "equity": 2312116,
            "current_ratio": 65.58,
            "debt_ratio": 51.13,
            "inventory_turnover_ratio": 1.18,
            "account_receivable_turnover_ratio": null,
            "reinvestment_rate": null,
            "research_to_sale_ratio": null,
            "price_fair": 0,
            "eps_avg_yearly": 0,
            "eps_latest_yearly": 0,
            "eps_growth_yearly": 0
        },
        "20013": {
            "year_quarter": 20013,
            "year": 2001,
            "quarter": 3,
            "eps": 0.01,
            "eps_growth_year": null,
            "eps_4q": 0.01,
            "eps_4q_growth_year": null,
            "roe": 0.11,
            "roe_4q": 2.17,
            "gross_profit": 145508,
            "gross_margin": 39.35,
            "gross_margin_4q_avg": 39.16,
            "net_income": 2617,
            "net_income_4q": null,
            "revenue": 369820,
            "revenue_4q": null,
            "common_shares": 2796871,
            "book_valuer_per_share": 8.25,
            "book_valuer_per_share_4q_avg": 8.24,
            "equity": 2307134,
            "current_ratio": 68.31,
            "debt_ratio": 52.14,
            "inventory_turnover_ratio": 1.16,
            "account_receivable_turnover_ratio": null,
            "reinvestment_rate": null,
            "research_to_sale_ratio": null,
            "price_fair": 0,
            "eps_avg_yearly": 0,
            "eps_latest_yearly": 0,
            "eps_growth_yearly": 0
        },
        "20014": {
            "year_quarter": 20014,
            "year": 2001,
            "quarter": 4,
            "eps": 0.01,
            "eps_growth_year": null,
            "eps_4q": 0.15,
            "eps_4q_growth_year": null,
            "roe": 0.15,
            "roe_4q": 2.32,
            "gross_profit": 127689,
            "gross_margin": 38.03,
            "gross_margin_4q_avg": 38.88,
            "net_income": 3368,
            "net_income_4q": null,
            "revenue": 335730,
            "revenue_4q": null,
            "common_shares": 2796871,
            "book_valuer_per_share": 7.56,
            "book_valuer_per_share_4q_avg": 8.07,
            "equity": 2194567,
            "current_ratio": 79.73,
            "debt_ratio": 69.43,
            "inventory_turnover_ratio": 0.65,
            "account_receivable_turnover_ratio": null,
            "reinvestment_rate": null,
            "research_to_sale_ratio": null,
            "price_fair": 0,
            "eps_avg_yearly": 0,
            "eps_latest_yearly": 0,
            "eps_growth_yearly": 0
        },
        "20021": {
            "year_quarter": 20021,
            "year": 2002,
            "quarter": 1,
            "eps": 0.05,
            "eps_growth_year": -58.33,
            "eps_4q": 0.14,
            "eps_4q_growth_year": null,
            "roe": 0.49,
            "roe_4q": 1.3199999999999998,
            "gross_profit": 114001,
            "gross_margin": 35.58,
            "gross_margin_4q_avg": 38.12,
            "net_income": 10712,
            "net_income_4q": null,
            "revenue": 320446,
            "revenue_4q": null,
            "common_shares": 2796871,
            "book_valuer_per_share": 7.79,
            "book_valuer_per_share_4q_avg": 7.97,
            "equity": 2177959,
            "current_ratio": 65.83,
            "debt_ratio": 54.01,
            "inventory_turnover_ratio": 0.68,
            "account_receivable_turnover_ratio": null,
            "reinvestment_rate": null,
            "research_to_sale_ratio": null,
            "price_fair": 7,
            "eps_avg_yearly": 0.2,
            "eps_latest_yearly": 0.2,
            "eps_growth_yearly": 1600
        },
        "20022": {
            "year_quarter": 20022,
            "year": 2002,
            "quarter": 2,
            "eps": 0.12,
            "eps_growth_year": 140,
            "eps_4q": 0.2,
            "eps_4q_growth_year": null,
            "roe": 1.19,
            "roe_4q": 1.94,
            "gross_profit": 118960,
            "gross_margin": 35.6,
            "gross_margin_4q_avg": 37.14,
            "net_income": 26096,
            "net_income_4q": null,
            "revenue": 334163,
            "revenue_4q": null,
            "common_shares": 2796871,
            "book_valuer_per_share": 7.87,
            "book_valuer_per_share_4q_avg": 7.87,
            "equity": 2200336,
            "current_ratio": 60.9,
            "debt_ratio": 53.98,
            "inventory_turnover_ratio": 1.08,
            "account_receivable_turnover_ratio": null,
            "reinvestment_rate": null,
            "research_to_sale_ratio": null,
            "price_fair": 11.9,
            "eps_avg_yearly": 0.34,
            "eps_latest_yearly": 0.48,
            "eps_growth_yearly": 1080
        },
        "20023": {
            "year_quarter": 20023,
            "year": 2002,
            "quarter": 3,
            "eps": 0.06,
            "eps_growth_year": 500,
            "eps_4q": 0.23,
            "eps_4q_growth_year": 3510.24,
            "roe": 0.64,
            "roe_4q": 2.47,
            "gross_profit": 127109,
            "gross_margin": 36.06,
            "gross_margin_4q_avg": 36.32,
            "net_income": 14039,
            "net_income_4q": null,
            "revenue": 352479,
            "revenue_4q": null,
            "common_shares": 2796871,
            "book_valuer_per_share": 7.88,
            "book_valuer_per_share_4q_avg": 7.78,
            "equity": 2205028,
            "current_ratio": 58.59,
            "debt_ratio": 54.59,
            "inventory_turnover_ratio": 0.97,
            "account_receivable_turnover_ratio": null,
            "reinvestment_rate": null,
            "research_to_sale_ratio": null,
            "price_fair": 10.73,
            "eps_avg_yearly": 0.31,
            "eps_latest_yearly": 0.24,
            "eps_growth_yearly": 653.33
        },
        "20024": {
            "year_quarter": 20024,
            "year": 2002,
            "quarter": 4,
            "eps": 0.02,
            "eps_growth_year": 100,
            "eps_4q": 0.22,
            "eps_4q_growth_year": 45.79,
            "roe": 0.23,
            "roe_4q": 2.55,
            "gross_profit": 123857,
            "gross_margin": 35.54,
            "gross_margin_4q_avg": 35.7,
            "net_income": 5104,
            "net_income_4q": null,
            "revenue": 348463,
            "revenue_4q": null,
            "common_shares": 2796871,
            "book_valuer_per_share": 7.99,
            "book_valuer_per_share_4q_avg": 7.88,
            "equity": 2315961,
            "current_ratio": 96.72,
            "debt_ratio": 69.1,
            "inventory_turnover_ratio": 0.61,
            "account_receivable_turnover_ratio": null,
            "reinvestment_rate": null,
            "research_to_sale_ratio": null,
            "price_fair": 8.75,
            "eps_avg_yearly": 0.25,
            "eps_latest_yearly": 0.08,
            "eps_growth_yearly": 423.33
        },
        "20031": {
            "year_quarter": 20031,
            "year": 2003,
            "quarter": 1,
            "eps": 0.03,
            "eps_growth_year": -40,
            "eps_4q": 0.25,
            "eps_4q_growth_year": 82.41,
            "roe": 0.26,
            "roe_4q": 2.32,
            "gross_profit": 105644,
            "gross_margin": 33.1,
            "gross_margin_4q_avg": 35.08,
            "net_income": 6044,
            "net_income_4q": null,
            "revenue": 319124,
            "revenue_4q": null,
            "common_shares": 2796871,
            "book_valuer_per_share": 8.07,
            "book_valuer_per_share_4q_avg": 7.95,
            "equity": 2258300,
            "current_ratio": 56.88,
            "debt_ratio": 52.57,
            "inventory_turnover_ratio": 0.61,
            "account_receivable_turnover_ratio": null,
            "reinvestment_rate": null,
            "research_to_sale_ratio": null,
            "price_fair": 7.84,
            "eps_avg_yearly": 0.22,
            "eps_latest_yearly": 0.12,
            "eps_growth_yearly": 378.67
        },
        "20032": {
            "year_quarter": 20032,
            "year": 2003,
            "quarter": 2,
            "eps": 0.06,
            "eps_growth_year": -50,
            "eps_4q": 0.17,
            "eps_4q_growth_year": -13.25,
            "roe": 0.6,
            "roe_4q": 1.73,
            "gross_profit": 123969,
            "gross_margin": 34.74,
            "gross_margin_4q_avg": 34.86,
            "net_income": 13650,
            "net_income_4q": null,
            "revenue": 356898,
            "revenue_4q": null,
            "common_shares": 2796871,
            "book_valuer_per_share": 8.2,
            "book_valuer_per_share_4q_avg": 8.04,
            "equity": 2293995,
            "current_ratio": 46.39,
            "debt_ratio": 52.21,
            "inventory_turnover_ratio": 1.24,
            "account_receivable_turnover_ratio": null,
            "reinvestment_rate": null,
            "research_to_sale_ratio": null,
            "price_fair": 7.93,
            "eps_avg_yearly": 0.23,
            "eps_latest_yearly": 0.24,
            "eps_growth_yearly": 382.22
        },
        "20033": {
            "year_quarter": 20033,
            "year": 2003,
            "quarter": 3,
            "eps": 0.54,
            "eps_growth_year": 800,
            "eps_4q": 0.65,
            "eps_4q_growth_year": 179.21,
            "roe": 5.28,
            "roe_4q": 6.37,
            "gross_profit": 128209,
            "gross_margin": 33.86,
            "gross_margin_4q_avg": 34.31,
            "net_income": 125209,
            "net_income_4q": null,
            "revenue": 378601,
            "revenue_4q": null,
            "common_shares": 2866793,
            "book_valuer_per_share": 8.54,
            "book_valuer_per_share_4q_avg": 8.2,
            "equity": 2448337,
            "current_ratio": 52.46,
            "debt_ratio": 48.91,
            "inventory_turnover_ratio": 1.43,
            "account_receivable_turnover_ratio": null,
            "reinvestment_rate": null,
            "research_to_sale_ratio": null,
            "price_fair": 17.6,
            "eps_avg_yearly": 0.5,
            "eps_latest_yearly": 2.16,
            "eps_growth_yearly": 784.76
        },
        "20034": {
            "year_quarter": 20034,
            "year": 2003,
            "quarter": 4,
            "eps": 0.07,
            "eps_growth_year": 250,
            "eps_4q": 0.7,
            "eps_4q_growth_year": 220.34,
            "roe": 0.58,
            "roe_4q": 6.72,
            "gross_profit": 116538,
            "gross_margin": 34.8,
            "gross_margin_4q_avg": 34.13,
            "net_income": 16041,
            "net_income_4q": null,
            "revenue": 334892,
            "revenue_4q": null,
            "common_shares": 2866793,
            "book_valuer_per_share": 8.6,
            "book_valuer_per_share_4q_avg": 8.35,
            "equity": 3070692,
            "current_ratio": 101.9,
            "debt_ratio": 62.68,
            "inventory_turnover_ratio": 0.62,
            "account_receivable_turnover_ratio": null,
            "reinvestment_rate": 502.86,
            "research_to_sale_ratio": null,
            "price_fair": 16.63,
            "eps_avg_yearly": 0.48,
            "eps_latest_yearly": 0.28,
            "eps_growth_yearly": 643.15
        },
        "20041": {
            "year_quarter": 20041,
            "year": 2004,
            "quarter": 1,
            "eps": 0.11,
            "eps_growth_year": 266.67,
            "eps_4q": 0.78,
            "eps_4q_growth_year": 206.79,
            "roe": 0.92,
            "roe_4q": 7.38,
            "gross_profit": 103994,
            "gross_margin": 30.32,
            "gross_margin_4q_avg": 33.43,
            "net_income": 25396,
            "net_income_4q": null,
            "revenue": 342989,
            "revenue_4q": null,
            "common_shares": 2866793,
            "book_valuer_per_share": 8.59,
            "book_valuer_per_share_4q_avg": 8.48,
            "equity": 2462156,
            "current_ratio": 95.28,
            "debt_ratio": 51.24,
            "inventory_turnover_ratio": 0.62,
            "account_receivable_turnover_ratio": null,
            "reinvestment_rate": -37.77,
            "research_to_sale_ratio": null,
            "price_fair": 16.49,
            "eps_avg_yearly": 0.47,
            "eps_latest_yearly": 0.44,
            "eps_growth_yearly": 597.08
        },
        "20042": {
            "year_quarter": 20042,
            "year": 2004,
            "quarter": 2,
            "eps": -0.02,
            "eps_growth_year": -133.33,
            "eps_4q": 0.56,
            "eps_4q_growth_year": 230.66,
            "roe": -0.19,
            "roe_4q": 6.59,
            "gross_profit": 115802,
            "gross_margin": 32.28,
            "gross_margin_4q_avg": 32.82,
            "net_income": -4821,
            "net_income_4q": null,
            "revenue": 358773,
            "revenue_4q": null,
            "common_shares": 2866793,
            "book_valuer_per_share": 8.68,
            "book_valuer_per_share_4q_avg": 8.6,
            "equity": 2487677,
            "current_ratio": 80.76,
            "debt_ratio": 51.83,
            "inventory_turnover_ratio": 1,
            "account_receivable_turnover_ratio": null,
            "reinvestment_rate": 6.13,
            "research_to_sale_ratio": null,
            "price_fair": 16.49,
            "eps_avg_yearly": 0.47,
            "eps_latest_yearly": 0.44,
            "eps_growth_yearly": 597.08
        },
        "20043": {
            "year_quarter": 20043,
            "year": 2004,
            "quarter": 3,
            "eps": 0.26,
            "eps_growth_year": -51.85,
            "eps_4q": 0.41,
            "eps_4q_growth_year": -36.74,
            "roe": 2.57,
            "roe_4q": 3.88,
            "gross_profit": 113200,
            "gross_margin": 29.9,
            "gross_margin_4q_avg": 31.83,
            "net_income": 63775,
            "net_income_4q": null,
            "revenue": 378574,
            "revenue_4q": null,
            "common_shares": 2941330,
            "book_valuer_per_share": 8.44,
            "book_valuer_per_share_4q_avg": 8.58,
            "equity": 2481211,
            "current_ratio": 79.43,
            "debt_ratio": 51.66,
            "inventory_turnover_ratio": 1.17,
            "account_receivable_turnover_ratio": null,
            "reinvestment_rate": 1.83,
            "research_to_sale_ratio": null,
            "price_fair": 16.49,
            "eps_avg_yearly": 0.47,
            "eps_latest_yearly": 0.44,
            "eps_growth_yearly": 597.08
        },
        "20044": {
            "year_quarter": 20044,
            "year": 2004,
            "quarter": 4,
            "eps": 0.21,
            "eps_growth_year": 200,
            "eps_4q": 0.56,
            "eps_4q_growth_year": -20.33,
            "roe": 1.83,
            "roe_4q": 5.13,
            "gross_profit": 131272,
            "gross_margin": 34.17,
            "gross_margin_4q_avg": 31.67,
            "net_income": 50677,
            "net_income_4q": null,
            "revenue": 384190,
            "revenue_4q": null,
            "common_shares": 2941330,
            "book_valuer_per_share": 8.06,
            "book_valuer_per_share_4q_avg": 8.44,
            "equity": 3049402,
            "current_ratio": 100.02,
            "debt_ratio": 64.38,
            "inventory_turnover_ratio": 0.64,
            "account_receivable_turnover_ratio": null,
            "reinvestment_rate": 198.77,
            "research_to_sale_ratio": null,
            "price_fair": 17.78,
            "eps_avg_yearly": 0.51,
            "eps_latest_yearly": 0.84,
            "eps_growth_yearly": 529.68
        },
        "20051": {
            "year_quarter": 20051,
            "year": 2005,
            "quarter": 1,
            "eps": -0.28,
            "eps_growth_year": -354.55,
            "eps_4q": 0.16,
            "eps_4q_growth_year": -79.08,
            "roe": -2.47,
            "roe_4q": 1.7399999999999998,
            "gross_profit": 125767,
            "gross_margin": 32.51,
            "gross_margin_4q_avg": 32.22,
            "net_income": -69239,
            "net_income_4q": null,
            "revenue": 386910,
            "revenue_4q": null,
            "common_shares": 2941330,
            "book_valuer_per_share": 8.66,
            "book_valuer_per_share_4q_avg": 8.46,
            "equity": 2546382,
            "current_ratio": 94.42,
            "debt_ratio": 50.41,
            "inventory_turnover_ratio": 0.62,
            "account_receivable_turnover_ratio": null,
            "reinvestment_rate": 39.96,
            "research_to_sale_ratio": null,
            "price_fair": 17.78,
            "eps_avg_yearly": 0.51,
            "eps_latest_yearly": 0.84,
            "eps_growth_yearly": 529.68
        },
        "20052": {
            "year_quarter": 20052,
            "year": 2005,
            "quarter": 2,
            "eps": 0.01,
            "eps_growth_year": null,
            "eps_4q": 0.16,
            "eps_4q_growth_year": -70.95,
            "roe": 0.12,
            "roe_4q": 2.05,
            "gross_profit": 122020,
            "gross_margin": 32.49,
            "gross_margin_4q_avg": 32.27,
            "net_income": 3012,
            "net_income_4q": null,
            "revenue": 375527,
            "revenue_4q": null,
            "common_shares": 2941330,
            "book_valuer_per_share": 8.49,
            "book_valuer_per_share_4q_avg": 8.41,
            "equity": 2498398,
            "current_ratio": 102.24,
            "debt_ratio": 51.27,
            "inventory_turnover_ratio": 0.88,
            "account_receivable_turnover_ratio": null,
            "reinvestment_rate": 42.17,
            "research_to_sale_ratio": null,
            "price_fair": 17.78,
            "eps_avg_yearly": 0.51,
            "eps_latest_yearly": 0.84,
            "eps_growth_yearly": 529.68
        },
        "20053": {
            "year_quarter": 20053,
            "year": 2005,
            "quarter": 3,
            "eps": 0.08,
            "eps_growth_year": -69.23,
            "eps_4q": 0.01,
            "eps_4q_growth_year": -96.51,
            "roe": 0.74,
            "roe_4q": 0.21999999999999975,
            "gross_profit": 128802,
            "gross_margin": 32.25,
            "gross_margin_4q_avg": 32.86,
            "net_income": 18932,
            "net_income_4q": null,
            "revenue": 399433,
            "revenue_4q": null,
            "common_shares": 2941330,
            "book_valuer_per_share": 8.98,
            "book_valuer_per_share_4q_avg": 8.55,
            "equity": 2640830,
            "current_ratio": 135.72,
            "debt_ratio": 50.25,
            "inventory_turnover_ratio": 0.89,
            "account_receivable_turnover_ratio": null,
            "reinvestment_rate": 38.11,
            "research_to_sale_ratio": null,
            "price_fair": 17.18,
            "eps_avg_yearly": 0.49,
            "eps_latest_yearly": 0.32,
            "eps_growth_yearly": 736.08
        },
        "20054": {
            "year_quarter": 20054,
            "year": 2005,
            "quarter": 4,
            "eps": 0.03,
            "eps_growth_year": -85.71,
            "eps_4q": -0.17,
            "eps_4q_growth_year": -130.96,
            "roe": 0.23,
            "roe_4q": -1.3800000000000003,
            "gross_profit": 139368,
            "gross_margin": 35.02,
            "gross_margin_4q_avg": 33.07,
            "net_income": 6981,
            "net_income_4q": null,
            "revenue": 397959,
            "revenue_4q": null,
            "common_shares": 2941330,
            "book_valuer_per_share": 8.87,
            "book_valuer_per_share_4q_avg": 8.75,
            "equity": 3366686,
            "current_ratio": 118.13,
            "debt_ratio": 61.4,
            "inventory_turnover_ratio": 0.56,
            "account_receivable_turnover_ratio": null,
            "reinvestment_rate": 171.87,
            "research_to_sale_ratio": null,
            "price_fair": 16.1,
            "eps_avg_yearly": 0.46,
            "eps_latest_yearly": 0.12,
            "eps_growth_yearly": 653.9
        },
        "20061": {
            "year_quarter": 20061,
            "year": 2006,
            "quarter": 1,
            "eps": -0.2,
            "eps_growth_year": null,
            "eps_4q": -0.08,
            "eps_4q_growth_year": -148.33,
            "roe": -1.6,
            "roe_4q": -0.5100000000000001,
            "gross_profit": 113056,
            "gross_margin": 31.5,
            "gross_margin_4q_avg": 32.82,
            "net_income": -47785,
            "net_income_4q": null,
            "revenue": 358872,
            "revenue_4q": null,
            "common_shares": 2941330,
            "book_valuer_per_share": 8.91,
            "book_valuer_per_share_4q_avg": 8.81,
            "equity": 2621731,
            "current_ratio": 189.62,
            "debt_ratio": 50.45,
            "inventory_turnover_ratio": 0.56,
            "account_receivable_turnover_ratio": null,
            "reinvestment_rate": 49.2,
            "research_to_sale_ratio": null,
            "price_fair": 16.93,
            "eps_avg_yearly": 0.48,
            "eps_latest_yearly": 0.12,
            "eps_growth_yearly": 567.89
        },
        "20062": {
            "year_quarter": 20062,
            "year": 2006,
            "quarter": 2,
            "eps": -0.03,
            "eps_growth_year": -400,
            "eps_4q": -0.1,
            "eps_4q_growth_year": -159.84,
            "roe": -0.27,
            "roe_4q": -0.9000000000000001,
            "gross_profit": 111571,
            "gross_margin": 30.92,
            "gross_margin_4q_avg": 32.42,
            "net_income": -6988,
            "net_income_4q": null,
            "revenue": 360859,
            "revenue_4q": null,
            "common_shares": 2941330,
            "book_valuer_per_share": 8.87,
            "book_valuer_per_share_4q_avg": 8.91,
            "equity": 2608289,
            "current_ratio": 174.42,
            "debt_ratio": 50.76,
            "inventory_turnover_ratio": 1,
            "account_receivable_turnover_ratio": null,
            "reinvestment_rate": 74.37,
            "research_to_sale_ratio": null,
            "price_fair": 16.94,
            "eps_avg_yearly": 0.48,
            "eps_latest_yearly": 0.12,
            "eps_growth_yearly": 568.68
        },
        "20063": {
            "year_quarter": 20063,
            "year": 2006,
            "quarter": 3,
            "eps": 0.01,
            "eps_growth_year": -87.5,
            "eps_4q": -0.16,
            "eps_4q_growth_year": -1197.5,
            "roe": 0.06,
            "roe_4q": -1.58,
            "gross_profit": 109380,
            "gross_margin": 30.43,
            "gross_margin_4q_avg": 31.97,
            "net_income": 1659,
            "net_income_4q": null,
            "revenue": 359486,
            "revenue_4q": null,
            "common_shares": 2941330,
            "book_valuer_per_share": 9.19,
            "book_valuer_per_share_4q_avg": 8.96,
            "equity": 2702506,
            "current_ratio": 127.07,
            "debt_ratio": 50.68,
            "inventory_turnover_ratio": 0.94,
            "account_receivable_turnover_ratio": null,
            "reinvestment_rate": 73.93,
            "research_to_sale_ratio": null,
            "price_fair": 17.89,
            "eps_avg_yearly": 0.51,
            "eps_latest_yearly": 0.12,
            "eps_growth_yearly": 654.09
        },
        "20064": {
            "year_quarter": 20064,
            "year": 2006,
            "quarter": 4,
            "eps": -0.36,
            "eps_growth_year": -1300,
            "eps_4q": -1.08,
            "eps_4q_growth_year": null,
            "roe": -2.84,
            "roe_4q": -4.65,
            "gross_profit": 112813,
            "gross_margin": 30.2,
            "gross_margin_4q_avg": 30.76,
            "net_income": -88361,
            "net_income_4q": null,
            "revenue": 373564,
            "revenue_4q": null,
            "common_shares": 2941330,
            "book_valuer_per_share": 9.16,
            "book_valuer_per_share_4q_avg": 9.03,
            "equity": 3520750,
            "current_ratio": 114.6,
            "debt_ratio": 61.71,
            "inventory_turnover_ratio": 0.52,
            "account_receivable_turnover_ratio": null,
            "reinvestment_rate": 907.22,
            "research_to_sale_ratio": null,
            "price_fair": 19.78,
            "eps_avg_yearly": 0.57,
            "eps_latest_yearly": 0.12,
            "eps_growth_yearly": 769.19
        },
        "20071": {
            "year_quarter": 20071,
            "year": 2007,
            "quarter": 1,
            "eps": -0.16,
            "eps_growth_year": null,
            "eps_4q": -0.55,
            "eps_4q_growth_year": null,
            "roe": -1.23,
            "roe_4q": -4.280000000000001,
            "gross_profit": 97407,
            "gross_margin": 27.37,
            "gross_margin_4q_avg": 29.73,
            "net_income": -38385,
            "net_income_4q": null,
            "revenue": 355916,
            "revenue_4q": null,
            "common_shares": 2941330,
            "book_valuer_per_share": 9.31,
            "book_valuer_per_share_4q_avg": 9.13,
            "equity": 2737842,
            "current_ratio": 115.09,
            "debt_ratio": 49.92,
            "inventory_turnover_ratio": 0.52,
            "account_receivable_turnover_ratio": null,
            "reinvestment_rate": 207.27,
            "research_to_sale_ratio": null,
            "price_fair": 22,
            "eps_avg_yearly": 0.63,
            "eps_latest_yearly": 0.12,
            "eps_growth_yearly": 850.5
        },
        "20072": {
            "year_quarter": 20072,
            "year": 2007,
            "quarter": 2,
            "eps": 0.39,
            "eps_growth_year": null,
            "eps_4q": -0.12,
            "eps_4q_growth_year": null,
            "roe": 3.38,
            "roe_4q": -0.6299999999999999,
            "gross_profit": 108774,
            "gross_margin": 28.01,
            "gross_margin_4q_avg": 29,
            "net_income": 95032,
            "net_income_4q": null,
            "revenue": 388295,
            "revenue_4q": null,
            "common_shares": 2941330,
            "book_valuer_per_share": 9.81,
            "book_valuer_per_share_4q_avg": 9.37,
            "equity": 2886728,
            "current_ratio": 114.8,
            "debt_ratio": 48.53,
            "inventory_turnover_ratio": 1.01,
            "account_receivable_turnover_ratio": null,
            "reinvestment_rate": 96.77,
            "research_to_sale_ratio": null,
            "price_fair": 24.27,
            "eps_avg_yearly": 0.69,
            "eps_latest_yearly": 0.12,
            "eps_growth_yearly": 925.58
        },
        "20073": {
            "year_quarter": 20073,
            "year": 2007,
            "quarter": 3,
            "eps": -0.18,
            "eps_growth_year": -1900,
            "eps_4q": -0.26,
            "eps_4q_growth_year": null,
            "roe": -1.6,
            "roe_4q": -2.29,
            "gross_profit": 110157,
            "gross_margin": 27.21,
            "gross_margin_4q_avg": 28.2,
            "net_income": -44499,
            "net_income_4q": null,
            "revenue": 404868,
            "revenue_4q": null,
            "common_shares": 2941330,
            "book_valuer_per_share": 9.14,
            "book_valuer_per_share_4q_avg": 9.36,
            "equity": 2687884,
            "current_ratio": 245.19,
            "debt_ratio": 47.18,
            "inventory_turnover_ratio": 1.07,
            "account_receivable_turnover_ratio": null,
            "reinvestment_rate": null,
            "research_to_sale_ratio": null,
            "price_fair": 14,
            "eps_avg_yearly": 0.4,
            "eps_latest_yearly": 0.12,
            "eps_growth_yearly": 470.7
        },
        "20074": {
            "year_quarter": 20074,
            "year": 2007,
            "quarter": 4,
            "eps": 0.03,
            "eps_growth_year": null,
            "eps_4q": 0.08,
            "eps_4q_growth_year": null,
            "roe": 0.3,
            "roe_4q": 0.8500000000000001,
            "gross_profit": 138991,
            "gross_margin": 30.82,
            "gross_margin_4q_avg": 28.35,
            "net_income": 7947,
            "net_income_4q": null,
            "revenue": 450932,
            "revenue_4q": null,
            "common_shares": 2941330,
            "book_valuer_per_share": 8.23,
            "book_valuer_per_share_4q_avg": 9.12,
            "equity": 2608794,
            "current_ratio": 111.6,
            "debt_ratio": 71.24,
            "inventory_turnover_ratio": 0.5,
            "account_receivable_turnover_ratio": null,
            "reinvestment_rate": null,
            "research_to_sale_ratio": null,
            "price_fair": 15.05,
            "eps_avg_yearly": 0.43,
            "eps_latest_yearly": 0.12,
            "eps_growth_yearly": 675.41
        },
        "20081": {
            "year_quarter": 20081,
            "year": 2008,
            "quarter": 1,
            "eps": 0.09,
            "eps_growth_year": null,
            "eps_4q": 0.19,
            "eps_4q_growth_year": null,
            "roe": 1.44,
            "roe_4q": 3.5199999999999996,
            "gross_profit": 517199,
            "gross_margin": 28.02,
            "gross_margin_4q_avg": 28.52,
            "net_income": 38145,
            "net_income_4q": null,
            "revenue": 1845508,
            "revenue_4q": null,
            "common_shares": 2941330,
            "book_valuer_per_share": 8.42,
            "book_valuer_per_share_4q_avg": 8.9,
            "equity": 2682788,
            "current_ratio": 107.69,
            "debt_ratio": 70.92,
            "inventory_turnover_ratio": 1.18,
            "account_receivable_turnover_ratio": null,
            "reinvestment_rate": null,
            "research_to_sale_ratio": null,
            "price_fair": 14.35,
            "eps_avg_yearly": 0.41,
            "eps_latest_yearly": 0.36,
            "eps_growth_yearly": 818.27
        },
        "20082": {
            "year_quarter": 20082,
            "year": 2008,
            "quarter": 2,
            "eps": -0.01,
            "eps_growth_year": -102.56,
            "eps_4q": -0.05,
            "eps_4q_growth_year": null,
            "roe": 0.51,
            "roe_4q": 0.6499999999999999,
            "gross_profit": 521246,
            "gross_margin": 27.66,
            "gross_margin_4q_avg": 28.43,
            "net_income": 13722,
            "net_income_4q": null,
            "revenue": 1884604,
            "revenue_4q": null,
            "common_shares": 2941330,
            "book_valuer_per_share": 8.23,
            "book_valuer_per_share_4q_avg": 8.51,
            "equity": 2672412,
            "current_ratio": 100.49,
            "debt_ratio": 72.09,
            "inventory_turnover_ratio": 1,
            "account_receivable_turnover_ratio": null,
            "reinvestment_rate": 70039.91,
            "research_to_sale_ratio": null,
            "price_fair": 14.35,
            "eps_avg_yearly": 0.41,
            "eps_latest_yearly": 0.36,
            "eps_growth_yearly": 818.27
        },
        "20083": {
            "year_quarter": 20083,
            "year": 2008,
            "quarter": 3,
            "eps": -0.08,
            "eps_growth_year": null,
            "eps_4q": 0.03,
            "eps_4q_growth_year": null,
            "roe": -0.42,
            "roe_4q": 1.83,
            "gross_profit": 499115,
            "gross_margin": 24.46,
            "gross_margin_4q_avg": 27.74,
            "net_income": -11291,
            "net_income_4q": null,
            "revenue": 2040862,
            "revenue_4q": null,
            "common_shares": 2941330,
            "book_valuer_per_share": 8.34,
            "book_valuer_per_share_4q_avg": 8.31,
            "equity": 2725888,
            "current_ratio": 98.46,
            "debt_ratio": 71.61,
            "inventory_turnover_ratio": 1.05,
            "account_receivable_turnover_ratio": null,
            "reinvestment_rate": null,
            "research_to_sale_ratio": null,
            "price_fair": 14.35,
            "eps_avg_yearly": 0.41,
            "eps_latest_yearly": 0.36,
            "eps_growth_yearly": 818.27
        },
        "20084": {
            "year_quarter": 20084,
            "year": 2008,
            "quarter": 4,
            "eps": 0.04,
            "eps_growth_year": 33.33,
            "eps_4q": 0.02,
            "eps_4q_growth_year": -72.6,
            "roe": 0.84,
            "roe_4q": 2.37,
            "gross_profit": 534797,
            "gross_margin": 26.29,
            "gross_margin_4q_avg": 26.61,
            "net_income": 23020,
            "net_income_4q": null,
            "revenue": 2034571,
            "revenue_4q": null,
            "common_shares": 2941330,
            "book_valuer_per_share": 8.46,
            "book_valuer_per_share_4q_avg": 8.36,
            "equity": 2780993,
            "current_ratio": 103,
            "debt_ratio": 69.34,
            "inventory_turnover_ratio": 1.13,
            "account_receivable_turnover_ratio": 2.95,
            "reinvestment_rate": null,
            "research_to_sale_ratio": null,
            "price_fair": 9.33,
            "eps_avg_yearly": 0.27,
            "eps_latest_yearly": 0.36,
            "eps_growth_yearly": 1116.67
        },
        "20091": {
            "year_quarter": 20091,
            "year": 2009,
            "quarter": 1,
            "eps": 0.01,
            "eps_growth_year": -88.89,
            "eps_4q": -0.03,
            "eps_4q_growth_year": -113.09,
            "roe": 0.57,
            "roe_4q": 1.5,
            "gross_profit": 552105,
            "gross_margin": 30.21,
            "gross_margin_4q_avg": 27.16,
            "net_income": 15974,
            "net_income_4q": null,
            "revenue": 1827293,
            "revenue_4q": null,
            "common_shares": 2941330,
            "book_valuer_per_share": 8.59,
            "book_valuer_per_share_4q_avg": 8.41,
            "equity": 2838665,
            "current_ratio": 100.21,
            "debt_ratio": 67.75,
            "inventory_turnover_ratio": 1.23,
            "account_receivable_turnover_ratio": 1.45,
            "reinvestment_rate": null,
            "research_to_sale_ratio": null,
            "price_fair": 7.35,
            "eps_avg_yearly": 0.21,
            "eps_latest_yearly": 0.04,
            "eps_growth_yearly": 762.5
        },
        "20092": {
            "year_quarter": 20092,
            "year": 2009,
            "quarter": 2,
            "eps": 0.49,
            "eps_growth_year": null,
            "eps_4q": 0.35,
            "eps_4q_growth_year": null,
            "roe": 5.46,
            "roe_4q": 6.45,
            "gross_profit": 707182,
            "gross_margin": 37.58,
            "gross_margin_4q_avg": 29.64,
            "net_income": 158272,
            "net_income_4q": null,
            "revenue": 1881882,
            "revenue_4q": null,
            "common_shares": 2941330,
            "book_valuer_per_share": 8.93,
            "book_valuer_per_share_4q_avg": 8.58,
            "equity": 2962173,
            "current_ratio": 121.34,
            "debt_ratio": 65.63,
            "inventory_turnover_ratio": 1.34,
            "account_receivable_turnover_ratio": 1.61,
            "reinvestment_rate": 2458.86,
            "research_to_sale_ratio": null,
            "price_fair": 19.6,
            "eps_avg_yearly": 0.56,
            "eps_latest_yearly": 1.96,
            "eps_growth_yearly": 4450
        },
        "20093": {
            "year_quarter": 20093,
            "year": 2009,
            "quarter": 3,
            "eps": 0.67,
            "eps_growth_year": null,
            "eps_4q": 1.02,
            "eps_4q_growth_year": 2965.9,
            "roe": 6.39,
            "roe_4q": 13.26,
            "gross_profit": 717937,
            "gross_margin": 32.57,
            "gross_margin_4q_avg": 31.66,
            "net_income": 194187,
            "net_income_4q": null,
            "revenue": 2204415,
            "revenue_4q": null,
            "common_shares": 2941330,
            "book_valuer_per_share": 9.36,
            "book_valuer_per_share_4q_avg": 8.84,
            "equity": 3114479,
            "current_ratio": 114.41,
            "debt_ratio": 64.96,
            "inventory_turnover_ratio": 1.76,
            "account_receivable_turnover_ratio": 1.71,
            "reinvestment_rate": 1190.07,
            "research_to_sale_ratio": null,
            "price_fair": 36.12,
            "eps_avg_yearly": 1.03,
            "eps_latest_yearly": 2.68,
            "eps_growth_yearly": 3919.39
        },
        "20094": {
            "year_quarter": 20094,
            "year": 2009,
            "quarter": 4,
            "eps": 0.37,
            "eps_growth_year": 825,
            "eps_4q": 1.54,
            "eps_4q_growth_year": 7331.74,
            "roe": 4.03,
            "roe_4q": 16.45,
            "gross_profit": 703003,
            "gross_margin": 33.77,
            "gross_margin_4q_avg": 33.53,
            "net_income": 128464,
            "net_income_4q": null,
            "revenue": 2081679,
            "revenue_4q": null,
            "common_shares": 2941330,
            "book_valuer_per_share": 11.74,
            "book_valuer_per_share_4q_avg": 9.66,
            "equity": 3255664,
            "current_ratio": 129.62,
            "debt_ratio": 62.44,
            "inventory_turnover_ratio": 1.52,
            "account_receivable_turnover_ratio": 3.51,
            "reinvestment_rate": 919.56,
            "research_to_sale_ratio": null,
            "price_fair": 45.64,
            "eps_avg_yearly": 1.3,
            "eps_latest_yearly": 1.48,
            "eps_growth_yearly": 3933.57
        },
        "20101": {
            "year_quarter": 20101,
            "year": 2010,
            "quarter": 1,
            "eps": 0.51,
            "eps_growth_year": 5000,
            "eps_4q": 2.04,
            "eps_4q_growth_year": null,
            "roe": 4.48,
            "roe_4q": 20.360000000000003,
            "gross_profit": 722086,
            "gross_margin": 33.75,
            "gross_margin_4q_avg": 34.42,
            "net_income": 149222,
            "net_income_4q": null,
            "revenue": 2139672,
            "revenue_4q": null,
            "common_shares": 2941330,
            "book_valuer_per_share": 12.26,
            "book_valuer_per_share_4q_avg": 10.57,
            "equity": 3400075,
            "current_ratio": 132.26,
            "debt_ratio": 61.27,
            "inventory_turnover_ratio": 1.46,
            "account_receivable_turnover_ratio": 1.75,
            "reinvestment_rate": 1252.35,
            "research_to_sale_ratio": 0.33,
            "price_fair": 49.93,
            "eps_avg_yearly": 1.43,
            "eps_latest_yearly": 2.04,
            "eps_growth_yearly": 3303.2
        },
        "20102": {
            "year_quarter": 20102,
            "year": 2010,
            "quarter": 2,
            "eps": 0.4,
            "eps_growth_year": -19.03,
            "eps_4q": 1.94,
            "eps_4q_growth_year": 452.63,
            "roe": 3.69,
            "roe_4q": 18.59,
            "gross_profit": 756134,
            "gross_margin": 32.89,
            "gross_margin_4q_avg": 33.25,
            "net_income": 128732,
            "net_income_4q": null,
            "revenue": 2298983,
            "revenue_4q": null,
            "common_shares": 2941330,
            "book_valuer_per_share": 12.86,
            "book_valuer_per_share_4q_avg": 11.56,
            "equity": 3585672,
            "current_ratio": 137.65,
            "debt_ratio": 60.51,
            "inventory_turnover_ratio": 1.49,
            "account_receivable_turnover_ratio": 1.81,
            "reinvestment_rate": 1051.26,
            "research_to_sale_ratio": 0.29,
            "price_fair": 50.8,
            "eps_avg_yearly": 1.45,
            "eps_latest_yearly": 1.6,
            "eps_growth_yearly": 2818.99
        },
        "20103": {
            "year_quarter": 20103,
            "year": 2010,
            "quarter": 3,
            "eps": 0.72,
            "eps_growth_year": 7.21,
            "eps_4q": 1.98,
            "eps_4q_growth_year": 94.75,
            "roe": 4.51,
            "roe_4q": 16.71,
            "gross_profit": 623072,
            "gross_margin": 29.36,
            "gross_margin_4q_avg": 32.44,
            "net_income": 162286,
            "net_income_4q": null,
            "revenue": 2122106,
            "revenue_4q": null,
            "common_shares": 2941330,
            "book_valuer_per_share": 14,
            "book_valuer_per_share_4q_avg": 12.72,
            "equity": 3605248,
            "current_ratio": 131.45,
            "debt_ratio": 61.79,
            "inventory_turnover_ratio": 1.41,
            "account_receivable_turnover_ratio": 1.49,
            "reinvestment_rate": 851.83,
            "research_to_sale_ratio": 0.11,
            "price_fair": 57.05,
            "eps_avg_yearly": 1.63,
            "eps_latest_yearly": 2.88,
            "eps_growth_yearly": 2506.61
        },
        "20104": {
            "year_quarter": 20104,
            "year": 2010,
            "quarter": 4,
            "eps": 0.49,
            "eps_growth_year": 33.6,
            "eps_4q": 2.09,
            "eps_4q_growth_year": 35.14,
            "roe": 4.54,
            "roe_4q": 17.22,
            "gross_profit": 998273,
            "gross_margin": 33.09,
            "gross_margin_4q_avg": 32.27,
            "net_income": 166578,
            "net_income_4q": null,
            "revenue": 3016441,
            "revenue_4q": null,
            "common_shares": 2941330,
            "book_valuer_per_share": 14.49,
            "book_valuer_per_share_4q_avg": 13.4,
            "equity": 3734270,
            "current_ratio": 138.6,
            "debt_ratio": 60.67,
            "inventory_turnover_ratio": 1.84,
            "account_receivable_turnover_ratio": 1.93,
            "reinvestment_rate": 370.02,
            "research_to_sale_ratio": 0.56,
            "price_fair": 58.33,
            "eps_avg_yearly": 1.67,
            "eps_latest_yearly": 1.96,
            "eps_growth_yearly": 2213.9
        },
        "20111": {
            "year_quarter": 20111,
            "year": 2011,
            "quarter": 1,
            "eps": 0.42,
            "eps_growth_year": -17.65,
            "eps_4q": 2.01,
            "eps_4q_growth_year": -1.34,
            "roe": 2.82,
            "roe_4q": 15.559999999999999,
            "gross_profit": 686329,
            "gross_margin": 28.44,
            "gross_margin_4q_avg": 30.95,
            "net_income": 107388,
            "net_income_4q": null,
            "revenue": 2412957,
            "revenue_4q": null,
            "common_shares": 2941330,
            "book_valuer_per_share": 15.01,
            "book_valuer_per_share_4q_avg": 14.09,
            "equity": 3868413,
            "current_ratio": 111.12,
            "debt_ratio": 65.06,
            "inventory_turnover_ratio": 1.31,
            "account_receivable_turnover_ratio": 1.53,
            "reinvestment_rate": 673.95,
            "research_to_sale_ratio": 0.21,
            "price_fair": 58.38,
            "eps_avg_yearly": 1.67,
            "eps_latest_yearly": 1.68,
            "eps_growth_yearly": 1986.8
        },
        "20112": {
            "year_quarter": 20112,
            "year": 2011,
            "quarter": 2,
            "eps": 0.22,
            "eps_growth_year": -43.56,
            "eps_4q": 1.84,
            "eps_4q_growth_year": -5.09,
            "roe": 1.91,
            "roe_4q": 13.78,
            "gross_profit": 669411,
            "gross_margin": 26.62,
            "gross_margin_4q_avg": 29.38,
            "net_income": 70812,
            "net_income_4q": null,
            "revenue": 2514517,
            "revenue_4q": null,
            "common_shares": 2941330,
            "book_valuer_per_share": 13.68,
            "book_valuer_per_share_4q_avg": 14.3,
            "equity": 3552178,
            "current_ratio": 96.56,
            "debt_ratio": 67.09,
            "inventory_turnover_ratio": 1.21,
            "account_receivable_turnover_ratio": 1.57,
            "reinvestment_rate": 705.56,
            "research_to_sale_ratio": 0.39,
            "price_fair": 55.87,
            "eps_avg_yearly": 1.6,
            "eps_latest_yearly": 0.88,
            "eps_growth_yearly": 1788.86
        },
        "20113": {
            "year_quarter": 20113,
            "year": 2011,
            "quarter": 3,
            "eps": 0.31,
            "eps_growth_year": -56.23,
            "eps_4q": 1.45,
            "eps_4q_growth_year": -26.89,
            "roe": 2.3,
            "roe_4q": 11.57,
            "gross_profit": 661154,
            "gross_margin": 22.87,
            "gross_margin_4q_avg": 27.76,
            "net_income": 84459,
            "net_income_4q": null,
            "revenue": 2890776,
            "revenue_4q": null,
            "common_shares": 2941330,
            "book_valuer_per_share": 14.63,
            "book_valuer_per_share_4q_avg": 14.45,
            "equity": 3804705,
            "current_ratio": 94.88,
            "debt_ratio": 66.24,
            "inventory_turnover_ratio": 1.52,
            "account_receivable_turnover_ratio": 1.66,
            "reinvestment_rate": 689.07,
            "research_to_sale_ratio": 0.07,
            "price_fair": 54.83,
            "eps_avg_yearly": 1.57,
            "eps_latest_yearly": 1.24,
            "eps_growth_yearly": 1653.43
        },
        "20114": {
            "year_quarter": 20114,
            "year": 2011,
            "quarter": 4,
            "eps": 0.45,
            "eps_growth_year": -9.66,
            "eps_4q": 1.4,
            "eps_4q_growth_year": -32.78,
            "roe": 3.37,
            "roe_4q": 10.4,
            "gross_profit": 1021739,
            "gross_margin": 31.91,
            "gross_margin_4q_avg": 27.46,
            "net_income": 131422,
            "net_income_4q": null,
            "revenue": 3201877,
            "revenue_4q": null,
            "common_shares": 2941330,
            "book_valuer_per_share": 15.46,
            "book_valuer_per_share_4q_avg": 14.7,
            "equity": 3998861,
            "current_ratio": 100.46,
            "debt_ratio": 65.74,
            "inventory_turnover_ratio": 1.53,
            "account_receivable_turnover_ratio": 1.7,
            "reinvestment_rate": 392.41,
            "research_to_sale_ratio": 0.49,
            "price_fair": 55.46,
            "eps_avg_yearly": 1.58,
            "eps_latest_yearly": 1.8,
            "eps_growth_yearly": 1540.14
        },
        "20121": {
            "year_quarter": 20121,
            "year": 2012,
            "quarter": 1,
            "eps": 0.31,
            "eps_growth_year": -26.19,
            "eps_4q": 1.29,
            "eps_4q_growth_year": -35.79,
            "roe": 1.97,
            "roe_4q": 9.549999999999999,
            "gross_profit": 736668,
            "gross_margin": 27.83,
            "gross_margin_4q_avg": 27.31,
            "net_income": 78979,
            "net_income_4q": null,
            "revenue": 2646761,
            "revenue_4q": null,
            "common_shares": 2941330,
            "book_valuer_per_share": 15.54,
            "book_valuer_per_share_4q_avg": 14.83,
            "equity": 4017578,
            "current_ratio": 102.65,
            "debt_ratio": 64.99,
            "inventory_turnover_ratio": 1.33,
            "account_receivable_turnover_ratio": 1.5,
            "reinvestment_rate": 395.72,
            "research_to_sale_ratio": 0.32,
            "price_fair": 57.83,
            "eps_avg_yearly": 1.65,
            "eps_latest_yearly": 1.24,
            "eps_growth_yearly": 1469.03
        },
        "20122": {
            "year_quarter": 20122,
            "year": 2012,
            "quarter": 2,
            "eps": 0.35,
            "eps_growth_year": 55.82,
            "eps_4q": 1.42,
            "eps_4q_growth_year": -23.29,
            "roe": 2.67,
            "roe_4q": 10.309999999999999,
            "gross_profit": 886875,
            "gross_margin": 29.98,
            "gross_margin_4q_avg": 28.15,
            "net_income": 106398,
            "net_income_4q": null,
            "revenue": 2958400,
            "revenue_4q": null,
            "common_shares": 2941330,
            "book_valuer_per_share": 15.24,
            "book_valuer_per_share_4q_avg": 15.22,
            "equity": 3964294,
            "current_ratio": 104.37,
            "debt_ratio": 66.39,
            "inventory_turnover_ratio": 1.45,
            "account_receivable_turnover_ratio": 1.73,
            "reinvestment_rate": 383.46,
            "research_to_sale_ratio": 0.22,
            "price_fair": 57.2,
            "eps_avg_yearly": 1.63,
            "eps_latest_yearly": 1.4,
            "eps_growth_yearly": 1367.78
        },
        "20123": {
            "year_quarter": 20123,
            "year": 2012,
            "quarter": 3,
            "eps": 0.58,
            "eps_growth_year": 83.24,
            "eps_4q": 1.68,
            "eps_4q_growth_year": 15.57,
            "roe": 3.72,
            "roe_4q": 11.73,
            "gross_profit": 952514,
            "gross_margin": 29.14,
            "gross_margin_4q_avg": 29.72,
            "net_income": 149789,
            "net_income_4q": null,
            "revenue": 3268758,
            "revenue_4q": null,
            "common_shares": 2941330,
            "book_valuer_per_share": 15.84,
            "book_valuer_per_share_4q_avg": 15.52,
            "equity": 4080014,
            "current_ratio": 116.91,
            "debt_ratio": 66.21,
            "inventory_turnover_ratio": 1.64,
            "account_receivable_turnover_ratio": 1.76,
            "reinvestment_rate": 346.11,
            "research_to_sale_ratio": 0.22,
            "price_fair": 58.8,
            "eps_avg_yearly": 1.68,
            "eps_latest_yearly": 2.32,
            "eps_growth_yearly": 1294.12
        },
        "20124": {
            "year_quarter": 20124,
            "year": 2012,
            "quarter": 4,
            "eps": 0.57,
            "eps_growth_year": 27.26,
            "eps_4q": 1.8,
            "eps_4q_growth_year": 28.18,
            "roe": 3.49,
            "roe_4q": 11.850000000000001,
            "gross_profit": 961033,
            "gross_margin": 30.16,
            "gross_margin_4q_avg": 29.28,
            "net_income": 142557,
            "net_income_4q": null,
            "revenue": 3186918,
            "revenue_4q": null,
            "common_shares": 2941330,
            "book_valuer_per_share": 15.9,
            "book_valuer_per_share_4q_avg": 15.63,
            "equity": 4093644,
            "current_ratio": 145.18,
            "debt_ratio": 64.44,
            "inventory_turnover_ratio": 1.58,
            "account_receivable_turnover_ratio": 1.73,
            "reinvestment_rate": 325.34,
            "research_to_sale_ratio": 2.26,
            "price_fair": 60.11,
            "eps_avg_yearly": 1.72,
            "eps_latest_yearly": 2.28,
            "eps_growth_yearly": 1212.81
        },
        "20131": {
            "year_quarter": 20131,
            "year": 2013,
            "quarter": 1,
            "eps": 0.6,
            "eps_growth_year": 93.55,
            "eps_4q": 2.09,
            "eps_4q_growth_year": 62.01,
            "roe": 3.54,
            "roe_4q": 13.42,
            "gross_profit": 927865,
            "gross_margin": 31.8,
            "gross_margin_4q_avg": 30.27,
            "net_income": 148329,
            "net_income_4q": null,
            "revenue": 2917694,
            "revenue_4q": null,
            "common_shares": 2941330,
            "book_valuer_per_share": 16.63,
            "book_valuer_per_share_4q_avg": 15.9,
            "equity": 4280614,
            "current_ratio": 141.25,
            "debt_ratio": 64.04,
            "inventory_turnover_ratio": 1.36,
            "account_receivable_turnover_ratio": 1.76,
            "reinvestment_rate": 70.14,
            "research_to_sale_ratio": 0.97,
            "price_fair": 65.28,
            "eps_avg_yearly": 1.87,
            "eps_latest_yearly": 2.4,
            "eps_growth_yearly": 1232.87
        },
        "20132": {
            "year_quarter": 20132,
            "year": 2013,
            "quarter": 2,
            "eps": 0.84,
            "eps_growth_year": 140.75,
            "eps_4q": 2.58,
            "eps_4q_growth_year": 82.47,
            "roe": 5.32,
            "roe_4q": 16.07,
            "gross_profit": 1106463,
            "gross_margin": 32.41,
            "gross_margin_4q_avg": 30.88,
            "net_income": 226892,
            "net_income_4q": null,
            "revenue": 3413818,
            "revenue_4q": null,
            "common_shares": 2941330,
            "book_valuer_per_share": 16.4,
            "book_valuer_per_share_4q_avg": 16.19,
            "equity": 4244562,
            "current_ratio": 130.99,
            "debt_ratio": 66.69,
            "inventory_turnover_ratio": 1.45,
            "account_receivable_turnover_ratio": 1.98,
            "reinvestment_rate": 69.21,
            "research_to_sale_ratio": 0.69,
            "price_fair": 68.34,
            "eps_avg_yearly": 1.95,
            "eps_latest_yearly": 3.36,
            "eps_growth_yearly": 42.87
        },
        "20133": {
            "year_quarter": 20133,
            "year": 2013,
            "quarter": 3,
            "eps": 1.05,
            "eps_growth_year": 82.25,
            "eps_4q": 3.06,
            "eps_4q_growth_year": 82.25,
            "roe": 6.31,
            "roe_4q": 18.659999999999997,
            "gross_profit": 1181278,
            "gross_margin": 32.72,
            "gross_margin_4q_avg": 31.77,
            "net_income": 274555,
            "net_income_4q": null,
            "revenue": 3610616,
            "revenue_4q": null,
            "common_shares": 2941330,
            "book_valuer_per_share": 17.21,
            "book_valuer_per_share_4q_avg": 16.54,
            "equity": 4458169,
            "current_ratio": 129.78,
            "debt_ratio": 65.26,
            "inventory_turnover_ratio": 1.43,
            "account_receivable_turnover_ratio": 1.93,
            "reinvestment_rate": 65.15,
            "research_to_sale_ratio": 0.79,
            "price_fair": 71.66,
            "eps_avg_yearly": 2.05,
            "eps_latest_yearly": 4.2,
            "eps_growth_yearly": 39.94
        },
        "20134": {
            "year_quarter": 20134,
            "year": 2013,
            "quarter": 4,
            "eps": 0.96,
            "eps_growth_year": 68.21,
            "eps_4q": 3.44,
            "eps_4q_growth_year": 91.47,
            "roe": 5.5,
            "roe_4q": 20.669999999999998,
            "gross_profit": 1109812,
            "gross_margin": 31.85,
            "gross_margin_4q_avg": 32.2,
            "net_income": 249770,
            "net_income_4q": null,
            "revenue": 3483987,
            "revenue_4q": null,
            "common_shares": 2941330,
            "book_valuer_per_share": 18.01,
            "book_valuer_per_share_4q_avg": 17.06,
            "equity": 4627652,
            "current_ratio": 123.25,
            "debt_ratio": 65.1,
            "inventory_turnover_ratio": 1.37,
            "account_receivable_turnover_ratio": 1.94,
            "reinvestment_rate": -61.4,
            "research_to_sale_ratio": 0.87,
            "price_fair": 76.83,
            "eps_avg_yearly": 2.2,
            "eps_latest_yearly": 3.84,
            "eps_growth_yearly": 48.99
        },
        "20141": {
            "year_quarter": 20141,
            "year": 2014,
            "quarter": 1,
            "eps": 0.84,
            "eps_growth_year": 40,
            "eps_4q": 3.69,
            "eps_4q_growth_year": 76.55,
            "roe": 4.54,
            "roe_4q": 21.669999999999998,
            "gross_profit": 1095967,
            "gross_margin": 32.59,
            "gross_margin_4q_avg": 32.39,
            "net_income": 215580,
            "net_income_4q": null,
            "revenue": 3362458,
            "revenue_4q": null,
            "common_shares": 2941330,
            "book_valuer_per_share": 18.94,
            "book_valuer_per_share_4q_avg": 17.64,
            "equity": 4862849,
            "current_ratio": 126.87,
            "debt_ratio": 64.28,
            "inventory_turnover_ratio": 1.33,
            "account_receivable_turnover_ratio": 2.04,
            "reinvestment_rate": -62.19,
            "research_to_sale_ratio": 0.85,
            "price_fair": 79.71,
            "eps_avg_yearly": 2.28,
            "eps_latest_yearly": 3.36,
            "eps_growth_yearly": 36.41
        },
        "20142": {
            "year_quarter": 20142,
            "year": 2014,
            "quarter": 2,
            "eps": 1.09,
            "eps_growth_year": 29.76,
            "eps_4q": 3.94,
            "eps_4q_growth_year": 52.61,
            "roe": 6.2,
            "roe_4q": 22.55,
            "gross_profit": 1280667,
            "gross_margin": 33.73,
            "gross_margin_4q_avg": 32.72,
            "net_income": 290359,
            "net_income_4q": null,
            "revenue": 3797079,
            "revenue_4q": null,
            "common_shares": 2941330,
            "book_valuer_per_share": 17.65,
            "book_valuer_per_share_4q_avg": 17.95,
            "equity": 4508799,
            "current_ratio": 119.17,
            "debt_ratio": 69.52,
            "inventory_turnover_ratio": 1.55,
            "account_receivable_turnover_ratio": 2.22,
            "reinvestment_rate": -53.22,
            "research_to_sale_ratio": 0.82,
            "price_fair": 85.75,
            "eps_avg_yearly": 2.45,
            "eps_latest_yearly": 4.36,
            "eps_growth_yearly": 49.24
        },
        "20143": {
            "year_quarter": 20143,
            "year": 2014,
            "quarter": 3,
            "eps": 0.95,
            "eps_growth_year": -9.52,
            "eps_4q": 3.84,
            "eps_4q_growth_year": 25.61,
            "roe": 5.44,
            "roe_4q": 21.68,
            "gross_profit": 1256845,
            "gross_margin": 32.52,
            "gross_margin_4q_avg": 32.67,
            "net_income": 255288,
            "net_income_4q": null,
            "revenue": 3864379,
            "revenue_4q": null,
            "common_shares": 2941330,
            "book_valuer_per_share": 19.01,
            "book_valuer_per_share_4q_avg": 18.4,
            "equity": 4868236,
            "current_ratio": 113.11,
            "debt_ratio": 69.96,
            "inventory_turnover_ratio": 1.5,
            "account_receivable_turnover_ratio": 1.95,
            "reinvestment_rate": -37.07,
            "research_to_sale_ratio": 0.8,
            "price_fair": 87.76,
            "eps_avg_yearly": 2.51,
            "eps_latest_yearly": 3.8,
            "eps_growth_yearly": 26.03
        },
        "20144": {
            "year_quarter": 20144,
            "year": 2014,
            "quarter": 4,
            "eps": 0.94,
            "eps_growth_year": -1.57,
            "eps_4q": 3.82,
            "eps_4q_growth_year": 11.03,
            "roe": 4.89,
            "roe_4q": 21.07,
            "gross_profit": 1284837,
            "gross_margin": 33.74,
            "gross_margin_4q_avg": 33.15,
            "net_income": 247510,
            "net_income_4q": null,
            "revenue": 3807930,
            "revenue_4q": null,
            "common_shares": 2941330,
            "book_valuer_per_share": 20.48,
            "book_valuer_per_share_4q_avg": 19.02,
            "equity": 5252578,
            "current_ratio": 137.55,
            "debt_ratio": 68.95,
            "inventory_turnover_ratio": 1.36,
            "account_receivable_turnover_ratio": 2,
            "reinvestment_rate": -29.3,
            "research_to_sale_ratio": 0.92,
            "price_fair": 91.7,
            "eps_avg_yearly": 2.62,
            "eps_latest_yearly": 3.76,
            "eps_growth_yearly": 33.75
        },
        "20151": {
            "year_quarter": 20151,
            "year": 2015,
            "quarter": 1,
            "eps": 1.17,
            "eps_growth_year": 39.29,
            "eps_4q": 4.15,
            "eps_4q_growth_year": 12.34,
            "roe": 5.39,
            "roe_4q": 21.919999999999998,
            "gross_profit": 1246700,
            "gross_margin": 34.88,
            "gross_margin_4q_avg": 33.72,
            "net_income": 289379,
            "net_income_4q": null,
            "revenue": 3574556,
            "revenue_4q": null,
            "common_shares": 2941330,
            "book_valuer_per_share": 21.46,
            "book_valuer_per_share_4q_avg": 19.65,
            "equity": 5493473,
            "current_ratio": 144.71,
            "debt_ratio": 68.24,
            "inventory_turnover_ratio": 1.28,
            "account_receivable_turnover_ratio": 2.12,
            "reinvestment_rate": -52.7,
            "research_to_sale_ratio": 0.88,
            "price_fair": 98.26,
            "eps_avg_yearly": 2.81,
            "eps_latest_yearly": 4.68,
            "eps_growth_yearly": 43.44
        },
        "20152": {
            "year_quarter": 20152,
            "year": 2015,
            "quarter": 2,
            "eps": 1.24,
            "eps_growth_year": 13.76,
            "eps_4q": 4.29,
            "eps_4q_growth_year": 8.9,
            "roe": 6.22,
            "roe_4q": 21.94,
            "gross_profit": 1373565,
            "gross_margin": 36.08,
            "gross_margin_4q_avg": 34.31,
            "net_income": 329397,
            "net_income_4q": null,
            "revenue": 3807228,
            "revenue_4q": null,
            "common_shares": 2941330,
            "book_valuer_per_share": 20.06,
            "book_valuer_per_share_4q_avg": 20.25,
            "equity": 5092803,
            "current_ratio": 134.9,
            "debt_ratio": 71.37,
            "inventory_turnover_ratio": 1.38,
            "account_receivable_turnover_ratio": 2.22,
            "reinvestment_rate": -51.23,
            "research_to_sale_ratio": 0.85,
            "price_fair": 107.19,
            "eps_avg_yearly": 3.06,
            "eps_latest_yearly": 4.96,
            "eps_growth_yearly": 56.84
        },
        "20153": {
            "year_quarter": 20153,
            "year": 2015,
            "quarter": 3,
            "eps": 0.91,
            "eps_growth_year": -4.21,
            "eps_4q": 4.25,
            "eps_4q_growth_year": 10.7,
            "roe": 4.51,
            "roe_4q": 21.01,
            "gross_profit": 1491111,
            "gross_margin": 36.44,
            "gross_margin_4q_avg": 35.29,
            "net_income": 240051,
            "net_income_4q": null,
            "revenue": 4091717,
            "revenue_4q": null,
            "common_shares": 2941330,
            "book_valuer_per_share": 21.79,
            "book_valuer_per_share_4q_avg": 20.95,
            "equity": 5541735,
            "current_ratio": 135.09,
            "debt_ratio": 70.31,
            "inventory_turnover_ratio": 1.54,
            "account_receivable_turnover_ratio": 2.15,
            "reinvestment_rate": -63.93,
            "research_to_sale_ratio": 0.87,
            "price_fair": 112.44,
            "eps_avg_yearly": 3.21,
            "eps_latest_yearly": 3.64,
            "eps_growth_yearly": 39.96
        },
        "20154": {
            "year_quarter": 20154,
            "year": 2015,
            "quarter": 4,
            "eps": 1.18,
            "eps_growth_year": 25.08,
            "eps_4q": 4.49,
            "eps_4q_growth_year": 17.31,
            "roe": 5.46,
            "roe_4q": 21.58,
            "gross_profit": 1496874,
            "gross_margin": 37.37,
            "gross_margin_4q_avg": 36.19,
            "net_income": 305134,
            "net_income_4q": null,
            "revenue": 4006042,
            "revenue_4q": null,
            "common_shares": 2941330,
            "book_valuer_per_share": 22.17,
            "book_valuer_per_share_4q_avg": 21.37,
            "equity": 5644077,
            "current_ratio": 136.67,
            "debt_ratio": 69.32,
            "inventory_turnover_ratio": 1.55,
            "account_receivable_turnover_ratio": 2.12,
            "reinvestment_rate": -62.46,
            "research_to_sale_ratio": 0.98,
            "price_fair": 118.83,
            "eps_avg_yearly": 3.4,
            "eps_latest_yearly": 4.72,
            "eps_growth_yearly": 36.09
        },
        "20161": {
            "year_quarter": 20161,
            "year": 2016,
            "quarter": 1,
            "eps": 1.16,
            "eps_growth_year": -0.85,
            "eps_4q": 4.48,
            "eps_4q_growth_year": 8.15,
            "roe": 4.81,
            "roe_4q": 21,
            "gross_profit": 1377946,
            "gross_margin": 37.08,
            "gross_margin_4q_avg": 36.74,
            "net_income": 277797,
            "net_income_4q": null,
            "revenue": 3715766,
            "revenue_4q": null,
            "common_shares": 2941330,
            "book_valuer_per_share": 23.28,
            "book_valuer_per_share_4q_avg": 21.83,
            "equity": 5908862,
            "current_ratio": 142.58,
            "debt_ratio": 66.64,
            "inventory_turnover_ratio": 1.49,
            "account_receivable_turnover_ratio": 2.26,
            "reinvestment_rate": -55.03,
            "research_to_sale_ratio": 1.03,
            "price_fair": 126.26,
            "eps_avg_yearly": 3.61,
            "eps_latest_yearly": 4.64,
            "eps_growth_yearly": 43.44
        },
        "20162": {
            "year_quarter": 20162,
            "year": 2016,
            "quarter": 2,
            "eps": 1.38,
            "eps_growth_year": 11.29,
            "eps_4q": 4.63,
            "eps_4q_growth_year": 7.89,
            "roe": 6.24,
            "roe_4q": 21.020000000000003,
            "gross_profit": 1590600,
            "gross_margin": 38.36,
            "gross_margin_4q_avg": 37.31,
            "net_income": 355926,
            "net_income_4q": null,
            "revenue": 4146289,
            "revenue_4q": null,
            "common_shares": 2941330,
            "book_valuer_per_share": 21.6,
            "book_valuer_per_share_4q_avg": 22.21,
            "equity": 5500660,
            "current_ratio": 120.81,
            "debt_ratio": 69.55,
            "inventory_turnover_ratio": 1.6,
            "account_receivable_turnover_ratio": 2.45,
            "reinvestment_rate": -43.83,
            "research_to_sale_ratio": 0.84,
            "price_fair": 135.28,
            "eps_avg_yearly": 3.87,
            "eps_latest_yearly": 5.52,
            "eps_growth_yearly": 44.96
        },
        "20163": {
            "year_quarter": 20163,
            "year": 2016,
            "quarter": 3,
            "eps": 1.22,
            "eps_growth_year": 34.07,
            "eps_4q": 4.95,
            "eps_4q_growth_year": 16.44,
            "roe": 5.64,
            "roe_4q": 22.15,
            "gross_profit": 1488251,
            "gross_margin": 35.89,
            "gross_margin_4q_avg": 37.18,
            "net_income": 312999,
            "net_income_4q": null,
            "revenue": 4147015,
            "revenue_4q": null,
            "common_shares": 2941330,
            "book_valuer_per_share": 22.01,
            "book_valuer_per_share_4q_avg": 22.27,
            "equity": 5606323,
            "current_ratio": 133.41,
            "debt_ratio": 69.41,
            "inventory_turnover_ratio": 1.58,
            "account_receivable_turnover_ratio": 2.34,
            "reinvestment_rate": -30.43,
            "research_to_sale_ratio": 0.8,
            "price_fair": 140.88,
            "eps_avg_yearly": 4.03,
            "eps_latest_yearly": 4.88,
            "eps_growth_yearly": 25.63
        },
        "20164": {
            "year_quarter": 20164,
            "year": 2016,
            "quarter": 4,
            "eps": 1.09,
            "eps_growth_year": -7.5,
            "eps_4q": 4.86,
            "eps_4q_growth_year": 8.34,
            "roe": 3.98,
            "roe_4q": 20.669999999999998,
            "gross_profit": 1682891,
            "gross_margin": 39.22,
            "gross_margin_4q_avg": 37.64,
            "net_income": 223587,
            "net_income_4q": null,
            "revenue": 4290644,
            "revenue_4q": null,
            "common_shares": 2941330,
            "book_valuer_per_share": 22.45,
            "book_valuer_per_share_4q_avg": 22.34,
            "equity": 5622710,
            "current_ratio": 144,
            "debt_ratio": 69.73,
            "inventory_turnover_ratio": 1.43,
            "account_receivable_turnover_ratio": 2.48,
            "reinvestment_rate": -3.18,
            "research_to_sale_ratio": 3.88,
            "price_fair": 138.76,
            "eps_avg_yearly": 4.16,
            "eps_latest_yearly": 4.36,
            "eps_growth_yearly": 23.4
        },
        "20171": {
            "year_quarter": 20171,
            "year": 2017,
            "quarter": 1,
            "eps": 0.86,
            "eps_growth_year": -25.86,
            "eps_4q": 4.56,
            "eps_4q_growth_year": 1.59,
            "roe": 3.79,
            "roe_4q": 19.65,
            "gross_profit": 1258206,
            "gross_margin": 33.18,
            "gross_margin_4q_avg": 36.66,
            "net_income": 208778,
            "net_income_4q": null,
            "revenue": 3791746,
            "revenue_4q": null,
            "common_shares": 2941330,
            "book_valuer_per_share": 21.71,
            "book_valuer_per_share_4q_avg": 21.94,
            "equity": 5399367,
            "current_ratio": 136.73,
            "debt_ratio": 70.16,
            "inventory_turnover_ratio": 1.32,
            "account_receivable_turnover_ratio": 2.4,
            "reinvestment_rate": 101.09,
            "research_to_sale_ratio": 1.31,
            "price_fair": 113.12,
            "eps_avg_yearly": 4.22,
            "eps_latest_yearly": 3.44,
            "eps_growth_yearly": 16.81
        },
        "20172": {
            "year_quarter": 20172,
            "year": 2017,
            "quarter": 2,
            "eps": 1.12,
            "eps_growth_year": -18.84,
            "eps_4q": 4.29,
            "eps_4q_growth_year": -7.28,
            "roe": 5.36,
            "roe_4q": 18.77,
            "gross_profit": 1427509,
            "gross_margin": 33.75,
            "gross_margin_4q_avg": 35.51,
            "net_income": 280496,
            "net_income_4q": null,
            "revenue": 4229953,
            "revenue_4q": null,
            "common_shares": 2941330,
            "book_valuer_per_share": 20.4,
            "book_valuer_per_share_4q_avg": 21.64,
            "equity": 5076125,
            "current_ratio": 114.5,
            "debt_ratio": 74.59,
            "inventory_turnover_ratio": 1.47,
            "account_receivable_turnover_ratio": 2.65,
            "reinvestment_rate": 112.82,
            "research_to_sale_ratio": 1.48,
            "price_fair": 104.52,
            "eps_avg_yearly": 4.29,
            "eps_latest_yearly": 4.48,
            "eps_growth_yearly": 14.36
        },
        "20173": {
            "year_quarter": 20173,
            "year": 2017,
            "quarter": 3,
            "eps": 1.05,
            "eps_growth_year": -13.93,
            "eps_4q": 4.13,
            "eps_4q_growth_year": -16.52,
            "roe": 5.01,
            "roe_4q": 18.14,
            "gross_profit": 1551121,
            "gross_margin": 34.22,
            "gross_margin_4q_avg": 35.09,
            "net_income": 262170,
            "net_income_4q": null,
            "revenue": 4533219,
            "revenue_4q": null,
            "common_shares": 2941330,
            "book_valuer_per_share": 21.76,
            "book_valuer_per_share_4q_avg": 21.58,
            "equity": 5399181,
            "current_ratio": 110.22,
            "debt_ratio": 75.49,
            "inventory_turnover_ratio": 1.56,
            "account_receivable_turnover_ratio": 2.31,
            "reinvestment_rate": 122.3,
            "research_to_sale_ratio": 1.79,
            "price_fair": 71,
            "eps_avg_yearly": 4.29,
            "eps_latest_yearly": 4.2,
            "eps_growth_yearly": 6.55
        },
        "20174": {
            "year_quarter": 20174,
            "year": 2017,
            "quarter": 4,
            "eps": 0.97,
            "eps_growth_year": -10.48,
            "eps_4q": 4.01,
            "eps_4q_growth_year": -17.42,
            "roe": 4.29,
            "roe_4q": 18.45,
            "gross_profit": 1377310,
            "gross_margin": 29.82,
            "gross_margin_4q_avg": 32.74,
            "net_income": 243606,
            "net_income_4q": null,
            "revenue": 4617968,
            "revenue_4q": null,
            "common_shares": 2941330,
            "book_valuer_per_share": 23.12,
            "book_valuer_per_share_4q_avg": 21.75,
            "equity": 5965452,
            "current_ratio": 119.93,
            "debt_ratio": 73.43,
            "inventory_turnover_ratio": 1.49,
            "account_receivable_turnover_ratio": 2.28,
            "reinvestment_rate": 124.54,
            "research_to_sale_ratio": 2.25,
            "price_fair": 72.07,
            "eps_avg_yearly": 4.29,
            "eps_latest_yearly": 3.88,
            "eps_growth_yearly": 6.79
        },
        "20181": {
            "year_quarter": 20181,
            "year": 2018,
            "quarter": 1,
            "eps": 0.89,
            "eps_growth_year": 3.49,
            "eps_4q": 4.05,
            "eps_4q_growth_year": -11.19,
            "roe": 3.75,
            "roe_4q": 18.41,
            "gross_profit": 1287583,
            "gross_margin": 30.15,
            "gross_margin_4q_avg": 31.99,
            "net_income": 231190,
            "net_income_4q": null,
            "revenue": 4270013,
            "revenue_4q": null,
            "common_shares": 2941330,
            "book_valuer_per_share": 24.68,
            "book_valuer_per_share_4q_avg": 22.49,
            "equity": 6365341,
            "current_ratio": 117.44,
            "debt_ratio": 71.79,
            "inventory_turnover_ratio": 1.27,
            "account_receivable_turnover_ratio": 2.39,
            "reinvestment_rate": 129.2,
            "research_to_sale_ratio": 1.19,
            "price_fair": 76.85,
            "eps_avg_yearly": 4.31,
            "eps_latest_yearly": 3.56,
            "eps_growth_yearly": 7.85
        },
        "20182": {
            "year_quarter": 20182,
            "year": 2018,
            "quarter": 2,
            "eps": 1.05,
            "eps_growth_year": -6.25,
            "eps_4q": 3.97,
            "eps_4q_growth_year": -7.43,
            "roe": 4.48,
            "roe_4q": 17.53,
            "gross_profit": 1563694,
            "gross_margin": 33.55,
            "gross_margin_4q_avg": 31.94,
            "net_income": 273780,
            "net_income_4q": null,
            "revenue": 4660624,
            "revenue_4q": null,
            "common_shares": 2941330,
            "book_valuer_per_share": 22.58,
            "book_valuer_per_share_4q_avg": 23.04,
            "equity": 5857741,
            "current_ratio": 106.28,
            "debt_ratio": 74.31,
            "inventory_turnover_ratio": 1.37,
            "account_receivable_turnover_ratio": 2.61,
            "reinvestment_rate": 122.05,
            "research_to_sale_ratio": 1.55,
            "price_fair": 64.02,
            "eps_avg_yearly": 4.3,
            "eps_latest_yearly": 4.2,
            "eps_growth_yearly": 4.91
        },
        "20183": {
            "year_quarter": 20183,
            "year": 2018,
            "quarter": 3,
            "eps": 0.78,
            "eps_growth_year": -25.71,
            "eps_4q": 3.7,
            "eps_4q_growth_year": -10.34,
            "roe": 3.47,
            "roe_4q": 15.990000000000002,
            "gross_profit": 1559641,
            "gross_margin": 34.25,
            "gross_margin_4q_avg": 31.94,
            "net_income": 203210,
            "net_income_4q": null,
            "revenue": 4554030,
            "revenue_4q": null,
            "common_shares": 2941330,
            "book_valuer_per_share": 22.58,
            "book_valuer_per_share_4q_avg": 23.24,
            "equity": 5856852,
            "current_ratio": 102,
            "debt_ratio": 73.35,
            "inventory_turnover_ratio": 1.33,
            "account_receivable_turnover_ratio": 2.35,
            "reinvestment_rate": 102.58,
            "research_to_sale_ratio": 2.03,
            "price_fair": 49.71,
            "eps_avg_yearly": 4.25,
            "eps_latest_yearly": 3.12,
            "eps_growth_yearly": 1.69
        },
        "20184": {
            "year_quarter": 20184,
            "year": 2018,
            "quarter": 4,
            "eps": 1.37,
            "eps_growth_year": 40.07,
            "eps_4q": 4.09,
            "eps_4q_growth_year": 2.01,
            "roe": 5.82,
            "roe_4q": 17.520000000000003,
            "gross_profit": 1666934,
            "gross_margin": 34.71,
            "gross_margin_4q_avg": 33.17,
            "net_income": 353634,
            "net_income_4q": null,
            "revenue": 4802687,
            "revenue_4q": null,
            "common_shares": 2941330,
            "book_valuer_per_share": 24.28,
            "book_valuer_per_share_4q_avg": 23.53,
            "equity": 6296021,
            "current_ratio": 119.79,
            "debt_ratio": 71.52,
            "inventory_turnover_ratio": 1.41,
            "account_receivable_turnover_ratio": 2.53,
            "reinvestment_rate": 91.99,
            "research_to_sale_ratio": 1.83,
            "price_fair": 134.56,
            "eps_avg_yearly": 4.36,
            "eps_latest_yearly": 5.48,
            "eps_growth_yearly": 20.86
        },
        "20191": {
            "year_quarter": 20191,
            "year": 2019,
            "quarter": 1,
            "eps": 0.8,
            "eps_growth_year": -10.11,
            "eps_4q": 4,
            "eps_4q_growth_year": -1.18,
            "roe": 3.16,
            "roe_4q": 16.93,
            "gross_profit": 1414122,
            "gross_margin": 33.52,
            "gross_margin_4q_avg": 34.01,
            "net_income": 205994,
            "net_income_4q": null,
            "revenue": 4218239,
            "revenue_4q": null,
            "common_shares": 2941330,
            "book_valuer_per_share": 25.97,
            "book_valuer_per_share_4q_avg": 23.85,
            "equity": 6722042,
            "current_ratio": 115.32,
            "debt_ratio": 71.42,
            "inventory_turnover_ratio": 1.28,
            "account_receivable_turnover_ratio": 2.43,
            "reinvestment_rate": 92.76,
            "research_to_sale_ratio": 1.5,
            "price_fair": 61.21,
            "eps_avg_yearly": 4.27,
            "eps_latest_yearly": 3.2,
            "eps_growth_yearly": 4.34
        },
        "20192": {
            "year_quarter": 20192,
            "year": 2019,
            "quarter": 2,
            "eps": 0.83,
            "eps_growth_year": -20.95,
            "eps_4q": 3.78,
            "eps_4q_growth_year": -4.96,
            "roe": 3.36,
            "roe_4q": 15.81,
            "gross_profit": 1649710,
            "gross_margin": 35.37,
            "gross_margin_4q_avg": 34.46,
            "net_income": 217593,
            "net_income_4q": null,
            "revenue": 4663934,
            "revenue_4q": null,
            "common_shares": 2941330,
            "book_valuer_per_share": 24.03,
            "book_valuer_per_share_4q_avg": 24.22,
            "equity": 6248307,
            "current_ratio": 111.11,
            "debt_ratio": 73.46,
            "inventory_turnover_ratio": 1.4,
            "account_receivable_turnover_ratio": 2.68,
            "reinvestment_rate": 97.99,
            "research_to_sale_ratio": 1.7,
            "price_fair": 57.42,
            "eps_avg_yearly": 4.17,
            "eps_latest_yearly": 3.32,
            "eps_growth_yearly": 3.79
        },
        "20193": {
            "year_quarter": 20193,
            "year": 2019,
            "quarter": 3,
            "eps": 0.88,
            "eps_growth_year": 12.82,
            "eps_4q": 3.87,
            "eps_4q_growth_year": 4.48,
            "roe": 3.66,
            "roe_4q": 16,
            "gross_profit": 1578184,
            "gross_margin": 34.72,
            "gross_margin_4q_avg": 34.58,
            "net_income": 227317,
            "net_income_4q": null,
            "revenue": 4545051,
            "revenue_4q": null,
            "common_shares": 2941330,
            "book_valuer_per_share": 23.68,
            "book_valuer_per_share_4q_avg": 24.49,
            "equity": 6160347,
            "current_ratio": 113.65,
            "debt_ratio": 73.68,
            "inventory_turnover_ratio": 1.34,
            "account_receivable_turnover_ratio": 2.44,
            "reinvestment_rate": 98.91,
            "research_to_sale_ratio": 2.03,
            "price_fair": 91.23,
            "eps_avg_yearly": 4.16,
            "eps_latest_yearly": 3.52,
            "eps_growth_yearly": 11.94
        },
        "20194": {
            "year_quarter": 20194,
            "year": 2019,
            "quarter": 4,
            "eps": 1.39,
            "eps_growth_year": 2.07,
            "eps_4q": 3.9,
            "eps_4q_growth_year": -4.8,
            "roe": 5.76,
            "roe_4q": 15.94,
            "gross_profit": 1783906,
            "gross_margin": 36.28,
            "gross_margin_4q_avg": 34.97,
            "net_income": 362403,
            "net_income_4q": null,
            "revenue": 4916755,
            "revenue_4q": null,
            "common_shares": 2941330,
            "book_valuer_per_share": 24.67,
            "book_valuer_per_share_4q_avg": 24.59,
            "equity": 6420013,
            "current_ratio": 129.47,
            "debt_ratio": 73.09,
            "inventory_turnover_ratio": 1.39,
            "account_receivable_turnover_ratio": 2.71,
            "reinvestment_rate": 100.95,
            "research_to_sale_ratio": 3.82,
            "price_fair": 122.16,
            "eps_avg_yearly": 4.21,
            "eps_latest_yearly": 5.56,
            "eps_growth_yearly": 19.02
        },
        "20201": {
            "year_quarter": 20201,
            "year": 2020,
            "quarter": 1,
            "eps": 0.31,
            "eps_growth_year": -61.25,
            "eps_4q": 3.41,
            "eps_4q_growth_year": -14.78,
            "roe": 1.27,
            "roe_4q": 14.049999999999999,
            "gross_profit": 1114755,
            "gross_margin": 30.83,
            "gross_margin_4q_avg": 34.3,
            "net_income": 77210,
            "net_income_4q": null,
            "revenue": 3616096,
            "revenue_4q": null,
            "common_shares": 2941330,
            "book_valuer_per_share": 21.88,
            "book_valuer_per_share_4q_avg": 23.57,
            "equity": 5715562,
            "current_ratio": 103.31,
            "debt_ratio": 75.72,
            "inventory_turnover_ratio": 1.14,
            "account_receivable_turnover_ratio": 2.09,
            "reinvestment_rate": 103.44,
            "research_to_sale_ratio": 1.47,
            "price_fair": 39.98,
            "eps_avg_yearly": 4,
            "eps_latest_yearly": 1.24,
            "eps_growth_yearly": 0.01
        },
        "20202": {
            "year_quarter": 20202,
            "year": 2020,
            "quarter": 2,
            "eps": 0.93,
            "eps_growth_year": 12.05,
            "eps_4q": 3.51,
            "eps_4q_growth_year": -7.07,
            "roe": 4.14,
            "roe_4q": 14.83,
            "gross_profit": 1413756,
            "gross_margin": 33.13,
            "gross_margin_4q_avg": 33.74,
            "net_income": 240651,
            "net_income_4q": null,
            "revenue": 4266685,
            "revenue_4q": null,
            "common_shares": 2941330,
            "book_valuer_per_share": 22.66,
            "book_valuer_per_share_4q_avg": 23.22,
            "equity": 5911460,
            "current_ratio": 114.38,
            "debt_ratio": 75.9,
            "inventory_turnover_ratio": 1.27,
            "account_receivable_turnover_ratio": 2.4,
            "reinvestment_rate": 99.44,
            "research_to_sale_ratio": 2.07,
            "price_fair": 135.98,
            "eps_avg_yearly": 3.89,
            "eps_latest_yearly": 3.72,
            "eps_growth_yearly": 45.27
        },
        "20203": {
            "year_quarter": 20203,
            "year": 2020,
            "quarter": 3,
            "eps": 1.35,
            "eps_growth_year": 53.41,
            "eps_4q": 3.97,
            "eps_4q_growth_year": 2.57,
            "roe": 5.69,
            "roe_4q": 16.86,
            "gross_profit": 1671794,
            "gross_margin": 34.87,
            "gross_margin_4q_avg": 33.78,
            "net_income": 348786,
            "net_income_4q": null,
            "revenue": 4794812,
            "revenue_4q": null,
            "common_shares": 2941330,
            "book_valuer_per_share": 24.3,
            "book_valuer_per_share_4q_avg": 23.38,
            "equity": 6356543,
            "current_ratio": 126.74,
            "debt_ratio": 74.08,
            "inventory_turnover_ratio": 1.36,
            "account_receivable_turnover_ratio": 2.57,
            "reinvestment_rate": 84.05,
            "research_to_sale_ratio": 2.58,
            "price_fair": 137.11,
            "eps_avg_yearly": 3.92,
            "eps_latest_yearly": 5.4,
            "eps_growth_yearly": 59.46
        },
        "20204": {
            "year_quarter": 20204,
            "year": 2020,
            "quarter": 4,
            "eps": 1.25,
            "eps_growth_year": -10.16,
            "eps_4q": 3.83,
            "eps_4q_growth_year": -1.69,
            "roe": 4.94,
            "roe_4q": 16.04,
            "gross_profit": 1739028,
            "gross_margin": 35.17,
            "gross_margin_4q_avg": 33.5,
            "net_income": 328954,
            "net_income_4q": null,
            "revenue": 4944170,
            "revenue_4q": null,
            "common_shares": 2941330,
            "book_valuer_per_share": 26.68,
            "book_valuer_per_share_4q_avg": 23.88,
            "equity": 6955389,
            "current_ratio": 97.76,
            "debt_ratio": 72.55,
            "inventory_turnover_ratio": 1.35,
            "account_receivable_turnover_ratio": 2.72,
            "reinvestment_rate": 59.22,
            "research_to_sale_ratio": 3.64,
            "price_fair": 138.51,
            "eps_avg_yearly": 3.96,
            "eps_latest_yearly": 5,
            "eps_growth_yearly": 60.27
        },
        "20211": {
            "year_quarter": 20211,
            "year": 2021,
            "quarter": 1,
            "eps": 1.13,
            "eps_growth_year": 264.52,
            "eps_4q": 4.66,
            "eps_4q_growth_year": 36.67,
            "roe": 4.33,
            "roe_4q": 19.1,
            "gross_profit": 1568443,
            "gross_margin": 33.66,
            "gross_margin_4q_avg": 34.21,
            "net_income": 292643,
            "net_income_4q": null,
            "revenue": 4660291,
            "revenue_4q": null,
            "common_shares": 2941330,
            "book_valuer_per_share": 25.11,
            "book_valuer_per_share_4q_avg": 24.69,
            "equity": 6575370,
            "current_ratio": 95.21,
            "debt_ratio": 74,
            "inventory_turnover_ratio": 1.17,
            "account_receivable_turnover_ratio": 2.67,
            "reinvestment_rate": 46.08,
            "research_to_sale_ratio": 2.57,
            "price_fair": 140.88,
            "eps_avg_yearly": 4.03,
            "eps_latest_yearly": 4.52,
            "eps_growth_yearly": 63.15
        },
        "20212": {
            "year_quarter": 20212,
            "year": 2021,
            "quarter": 2,
            "eps": 1.05,
            "eps_growth_year": 12.9,
            "eps_4q": 4.77,
            "eps_4q_growth_year": 35.95,
            "roe": 3.14,
            "roe_4q": 18.1,
            "gross_profit": 1592080,
            "gross_margin": 32.32,
            "gross_margin_4q_avg": 34.01,
            "net_income": 275258,
            "net_income_4q": null,
            "revenue": 4926650,
            "revenue_4q": null,
            "common_shares": 2941330,
            "book_valuer_per_share": 34.15,
            "book_valuer_per_share_4q_avg": 27.56,
            "equity": 10939060,
            "current_ratio": 131.57,
            "debt_ratio": 63.34,
            "inventory_turnover_ratio": 1.13,
            "account_receivable_turnover_ratio": 2.81,
            "reinvestment_rate": 24.5,
            "research_to_sale_ratio": 1.67,
            "price_fair": 140.26,
            "eps_avg_yearly": 4.01,
            "eps_latest_yearly": 4.2,
            "eps_growth_yearly": 53.82
        },
        "20213": {
            "year_quarter": 20213,
            "year": 2021,
            "quarter": 3,
            "eps": 1.02,
            "eps_growth_year": -24.44,
            "eps_4q": 4.45,
            "eps_4q_growth_year": 12.09,
            "roe": 2.87,
            "roe_4q": 15.280000000000001,
            "gross_profit": 1449437,
            "gross_margin": 29.53,
            "gross_margin_4q_avg": 32.67,
            "net_income": 315156,
            "net_income_4q": null,
            "revenue": 4909167,
            "revenue_4q": null,
            "common_shares": 2941330,
            "book_valuer_per_share": 34.58,
            "book_valuer_per_share_4q_avg": 30.13,
            "equity": 11020316,
            "current_ratio": 159.07,
            "debt_ratio": 64.84,
            "inventory_turnover_ratio": 1.13,
            "account_receivable_turnover_ratio": 2.6,
            "reinvestment_rate": 8.83,
            "research_to_sale_ratio": 1.45,
            "price_fair": 140,
            "eps_avg_yearly": 4,
            "eps_latest_yearly": 4.08,
            "eps_growth_yearly": 54.67
        },
        "20214": {
            "year_quarter": 20214,
            "year": 2021,
            "quarter": 4,
            "eps": 1.12,
            "eps_growth_year": -10.53,
            "eps_4q": 4.32,
            "eps_4q_growth_year": 12.67,
            "roe": 3.12,
            "roe_4q": 13.46,
            "gross_profit": 1661859,
            "gross_margin": 30.97,
            "gross_margin_4q_avg": 31.62,
            "net_income": 356087,
            "net_income_4q": null,
            "revenue": 5365662,
            "revenue_4q": null,
            "common_shares": 2941330,
            "book_valuer_per_share": 36.71,
            "book_valuer_per_share_4q_avg": 32.64,
            "equity": 11835658,
            "current_ratio": 244.03,
            "debt_ratio": 59.76,
            "inventory_turnover_ratio": 1.13,
            "account_receivable_turnover_ratio": 2.6,
            "reinvestment_rate": 3.44,
            "research_to_sale_ratio": 2.78,
            "price_fair": 141.31,
            "eps_avg_yearly": 4.04,
            "eps_latest_yearly": 4.48,
            "eps_growth_yearly": 59.03
        },
        "20221": {
            "year_quarter": 20221,
            "year": 2022,
            "quarter": 1,
            "eps": 0.75,
            "eps_growth_year": -33.63,
            "eps_4q": 3.94,
            "eps_4q_growth_year": -15.35,
            "roe": 1.91,
            "roe_4q": 11.040000000000001,
            "gross_profit": 1369092,
            "gross_margin": 28.77,
            "gross_margin_4q_avg": 30.4,
            "net_income": 229499,
            "net_income_4q": null,
            "revenue": 4758074,
            "revenue_4q": null,
            "common_shares": 2941330,
            "book_valuer_per_share": 37.4,
            "book_valuer_per_share_4q_avg": 35.71,
            "equity": 12192583,
            "current_ratio": 211.9,
            "debt_ratio": 59.7,
            "inventory_turnover_ratio": 0.95,
            "account_receivable_turnover_ratio": 2.43,
            "reinvestment_rate": 2.88,
            "research_to_sale_ratio": 1.85,
            "price_fair": 140.09,
            "eps_avg_yearly": 4,
            "eps_latest_yearly": 3,
            "eps_growth_yearly": 52.83
        },
        "20222": {
            "year_quarter": 20222,
            "year": 2022,
            "quarter": 2,
            "eps": 0.65,
            "eps_growth_year": -38.1,
            "eps_4q": 3.55,
            "eps_4q_growth_year": -25.64,
            "roe": 1.82,
            "roe_4q": 9.719999999999999,
            "gross_profit": 1420431,
            "gross_margin": 27.58,
            "gross_margin_4q_avg": 29.21,
            "net_income": 220110,
            "net_income_4q": null,
            "revenue": 5149487,
            "revenue_4q": null,
            "common_shares": 2941330,
            "book_valuer_per_share": 36.99,
            "book_valuer_per_share_4q_avg": 36.42,
            "equity": 12024593,
            "current_ratio": 194.14,
            "debt_ratio": 61.57,
            "inventory_turnover_ratio": 0.96,
            "account_receivable_turnover_ratio": 2.64,
            "reinvestment_rate": -2.27,
            "research_to_sale_ratio": 2.2,
            "price_fair": 136.59,
            "eps_avg_yearly": 3.9,
            "eps_latest_yearly": 2.6,
            "eps_growth_yearly": 45
        },
        "20223": {
            "year_quarter": 20223,
            "year": 2022,
            "quarter": 3,
            "eps": 0.4,
            "eps_growth_year": -60.78,
            "eps_4q": 2.92,
            "eps_4q_growth_year": -34.31,
            "roe": 0.88,
            "roe_4q": 7.73,
            "gross_profit": 1247874,
            "gross_margin": 24.69,
            "gross_margin_4q_avg": 28,
            "net_income": 106487,
            "net_income_4q": null,
            "revenue": 5054272,
            "revenue_4q": null,
            "common_shares": 2941330,
            "book_valuer_per_share": 37.74,
            "book_valuer_per_share_4q_avg": 37.21,
            "equity": 12226653,
            "current_ratio": 199.81,
            "debt_ratio": 59.54,
            "inventory_turnover_ratio": 0.93,
            "account_receivable_turnover_ratio": 2.42,
            "reinvestment_rate": 3.25,
            "research_to_sale_ratio": 2.01,
            "price_fair": 133.26,
            "eps_avg_yearly": 3.81,
            "eps_latest_yearly": 1.6,
            "eps_growth_yearly": 41.81
        },
        "20224": {
            "year_quarter": 20224,
            "year": 2022,
            "quarter": 4,
            "eps": 0.45,
            "eps_growth_year": -59.56,
            "eps_4q": 2.26,
            "eps_4q_growth_year": -47.75,
            "roe": 1.1,
            "roe_4q": 5.71,
            "gross_profit": 1307963,
            "gross_margin": 23.71,
            "gross_margin_4q_avg": 26.19,
            "net_income": 135621,
            "net_income_4q": null,
            "revenue": 5516572,
            "revenue_4q": null,
            "common_shares": 2941330,
            "book_valuer_per_share": 38.18,
            "book_valuer_per_share_4q_avg": 37.58,
            "equity": 12379973,
            "current_ratio": 226.25,
            "debt_ratio": 59.36,
            "inventory_turnover_ratio": 1.09,
            "account_receivable_turnover_ratio": 2.58,
            "reinvestment_rate": 4.54,
            "research_to_sale_ratio": 1.45,
            "price_fair": 125.21,
            "eps_avg_yearly": 3.58,
            "eps_latest_yearly": 1.8,
            "eps_growth_yearly": 26.03
        },
        "20231": {
            "year_quarter": 20231,
            "year": 2023,
            "quarter": 1,
            "eps": 0.54,
            "eps_growth_year": -28,
            "eps_4q": 2.04,
            "eps_4q_growth_year": -48.24,
            "roe": 1.36,
            "roe_4q": 5.16,
            "gross_profit": 1335581,
            "gross_margin": 25.34,
            "gross_margin_4q_avg": 25.33,
            "net_income": 166968,
            "net_income_4q": null,
            "revenue": 5270589,
            "revenue_4q": null,
            "common_shares": 2941330,
            "book_valuer_per_share": 37.04,
            "book_valuer_per_share_4q_avg": 37.49,
            "equity": 12151365,
            "current_ratio": 209.69,
            "debt_ratio": 59.84,
            "inventory_turnover_ratio": 1.12,
            "account_receivable_turnover_ratio": 2.46,
            "reinvestment_rate": 5.57,
            "research_to_sale_ratio": 1.51,
            "price_fair": 122.94,
            "eps_avg_yearly": 3.51,
            "eps_latest_yearly": 2.16,
            "eps_growth_yearly": 41.43
        },
        "20232": {
            "year_quarter": 20232,
            "year": 2023,
            "quarter": 2,
            "eps": 0.97,
            "eps_growth_year": 49.23,
            "eps_4q": 2.36,
            "eps_4q_growth_year": -33.42,
            "roe": 2.42,
            "roe_4q": 5.760000000000001,
            "gross_profit": 1593315,
            "gross_margin": 27.86,
            "gross_margin_4q_avg": 25.4,
            "net_income": 289440,
            "net_income_4q": null,
            "revenue": 5718733,
            "revenue_4q": null,
            "common_shares": 2941330,
            "book_valuer_per_share": 36.08,
            "book_valuer_per_share_4q_avg": 37.26,
            "equity": 11765309,
            "current_ratio": 205.59,
            "debt_ratio": 60.37,
            "inventory_turnover_ratio": 1.23,
            "account_receivable_turnover_ratio": 2.76,
            "reinvestment_rate": -5.27,
            "research_to_sale_ratio": 1.63,
            "price_fair": 124.16,
            "eps_avg_yearly": 3.55,
            "eps_latest_yearly": 3.88,
            "eps_growth_yearly": 60.4
        },
        "20233": {
            "year_quarter": 20233,
            "year": 2023,
            "quarter": 3,
            "eps": 1.12,
            "eps_growth_year": 180,
            "eps_4q": 3.09,
            "eps_4q_growth_year": 5.67,
            "roe": 2.54,
            "roe_4q": 7.42,
            "gross_profit": 1737628,
            "gross_margin": 29.91,
            "gross_margin_4q_avg": 26.71,
            "net_income": 306856,
            "net_income_4q": null,
            "revenue": 5810068,
            "revenue_4q": null,
            "common_shares": 2941330,
            "book_valuer_per_share": 38.91,
            "book_valuer_per_share_4q_avg": 37.55,
            "equity": 12407058,
            "current_ratio": 189.97,
            "debt_ratio": 59.51,
            "inventory_turnover_ratio": 1.22,
            "account_receivable_turnover_ratio": 2.5,
            "reinvestment_rate": -7.28,
            "research_to_sale_ratio": 2.45,
            "price_fair": 126.26,
            "eps_avg_yearly": 3.61,
            "eps_latest_yearly": 4.48,
            "eps_growth_yearly": 62.76
        }
    },
    "months": {
        "2001-06": {
            "month": "2001-06",
            "price": "4.25",
            "revenue": 116948
        },
        "2001-07": {
            "month": "2001-07",
            "price": "3.98",
            "revenue": 106965
        },
        "2001-08": {
            "month": "2001-08",
            "price": "3.94",
            "revenue": 151574
        },
        "2001-09": {
            "month": "2001-09",
            "price": "3.68",
            "revenue": 105667
        },
        "2001-10": {
            "month": "2001-10",
            "price": "3.71",
            "revenue": 102088
        },
        "2001-11": {
            "month": "2001-11",
            "price": "3.58",
            "revenue": 118754
        },
        "2001-12": {
            "month": "2001-12",
            "price": "4.32",
            "revenue": 115174
        },
        "2002-01": {
            "month": "2002-01",
            "price": "6.85",
            "revenue": 113637
        },
        "2002-02": {
            "month": "2002-02",
            "price": "7.83",
            "revenue": 90949
        },
        "2002-03": {
            "month": "2002-03",
            "price": "7.57",
            "revenue": 117634
        },
        "2002-04": {
            "month": "2002-04",
            "price": "7.69",
            "revenue": 114827
        },
        "2002-05": {
            "month": "2002-05",
            "price": "6.45",
            "revenue": 108830
        },
        "2002-06": {
            "month": "2002-06",
            "price": "6.66",
            "revenue": 108858
        },
        "2002-07": {
            "month": "2002-07",
            "price": "6.93",
            "revenue": 118872
        },
        "2002-08": {
            "month": "2002-08",
            "price": "6.25",
            "revenue": 123552
        },
        "2002-09": {
            "month": "2002-09",
            "price": "5.10",
            "revenue": 109977
        },
        "2002-10": {
            "month": "2002-10",
            "price": "4.70",
            "revenue": 116144
        },
        "2002-11": {
            "month": "2002-11",
            "price": "5.79",
            "revenue": 110042
        },
        "2002-12": {
            "month": "2002-12",
            "price": "6.09",
            "revenue": 124116
        },
        "2003-01": {
            "month": "2003-01",
            "price": "6.39",
            "revenue": 125240
        },
        "2003-02": {
            "month": "2003-02",
            "price": "5.84",
            "revenue": 81628
        },
        "2003-03": {
            "month": "2003-03",
            "price": "5.85",
            "revenue": 109661
        },
        "2003-04": {
            "month": "2003-04",
            "price": "5.70",
            "revenue": 118773
        },
        "2003-05": {
            "month": "2003-05",
            "price": "5.46",
            "revenue": 119754
        },
        "2003-06": {
            "month": "2003-06",
            "price": "5.89",
            "revenue": 118914
        },
        "2003-07": {
            "month": "2003-07",
            "price": "6.06",
            "revenue": 120750
        },
        "2003-08": {
            "month": "2003-08",
            "price": "5.92",
            "revenue": 127983
        },
        "2003-09": {
            "month": "2003-09",
            "price": "5.71",
            "revenue": 115299
        },
        "2003-10": {
            "month": "2003-10",
            "price": "6.28",
            "revenue": 116021
        },
        "2003-11": {
            "month": "2003-11",
            "price": "6.66",
            "revenue": 91477
        },
        "2003-12": {
            "month": "2003-12",
            "price": "6.57",
            "revenue": 152231
        },
        "2004-01": {
            "month": "2004-01",
            "price": "7.06",
            "revenue": 107904
        },
        "2004-02": {
            "month": "2004-02",
            "price": "8.67",
            "revenue": 110164
        },
        "2004-03": {
            "month": "2004-03",
            "price": "9.80",
            "revenue": 124919
        },
        "2004-04": {
            "month": "2004-04",
            "price": "8.97",
            "revenue": 121461
        },
        "2004-05": {
            "month": "2004-05",
            "price": "7.14",
            "revenue": 118881
        },
        "2004-06": {
            "month": "2004-06",
            "price": "6.87",
            "revenue": 118345
        },
        "2004-07": {
            "month": "2004-07",
            "price": "6.56",
            "revenue": 133139
        },
        "2004-08": {
            "month": "2004-08",
            "price": "6.28",
            "revenue": 118794
        },
        "2004-09": {
            "month": "2004-09",
            "price": "6.59",
            "revenue": 126726
        },
        "2004-10": {
            "month": "2004-10",
            "price": "6.46",
            "revenue": 126982
        },
        "2004-11": {
            "month": "2004-11",
            "price": "6.10",
            "revenue": 131014
        },
        "2004-12": {
            "month": "2004-12",
            "price": "6.38",
            "revenue": 137277
        },
        "2005-01": {
            "month": "2005-01",
            "price": "6.76",
            "revenue": 146447
        },
        "2005-02": {
            "month": "2005-02",
            "price": "6.33",
            "revenue": 100587
        },
        "2005-03": {
            "month": "2005-03",
            "price": "6.24",
            "revenue": 139842
        },
        "2005-04": {
            "month": "2005-04",
            "price": "5.58",
            "revenue": 125175
        },
        "2005-05": {
            "month": "2005-05",
            "price": "5.09",
            "revenue": 122374
        },
        "2005-06": {
            "month": "2005-06",
            "price": "5.22",
            "revenue": 128012
        },
        "2005-07": {
            "month": "2005-07",
            "price": "5.11",
            "revenue": 138831
        },
        "2005-08": {
            "month": "2005-08",
            "price": "4.95",
            "revenue": 138888
        },
        "2005-09": {
            "month": "2005-09",
            "price": "4.73",
            "revenue": 121697
        },
        "2005-10": {
            "month": "2005-10",
            "price": "4.85",
            "revenue": 127243
        },
        "2005-11": {
            "month": "2005-11",
            "price": "4.79",
            "revenue": 134791
        },
        "2005-12": {
            "month": "2005-12",
            "price": "4.88",
            "revenue": 135902
        },
        "2006-01": {
            "month": "2006-01",
            "price": "5.17",
            "revenue": 133728
        },
        "2006-02": {
            "month": "2006-02",
            "price": "5.09",
            "revenue": 100080
        },
        "2006-03": {
            "month": "2006-03",
            "price": "4.83",
            "revenue": 125041
        },
        "2006-04": {
            "month": "2006-04",
            "price": "4.97",
            "revenue": 113753
        },
        "2006-05": {
            "month": "2006-05",
            "price": "5.66",
            "revenue": 121883
        },
        "2006-06": {
            "month": "2006-06",
            "price": "4.98",
            "revenue": 125200
        },
        "2006-07": {
            "month": "2006-07",
            "price": "4.97",
            "revenue": 120963
        },
        "2006-08": {
            "month": "2006-08",
            "price": "4.78",
            "revenue": 117791
        },
        "2006-09": {
            "month": "2006-09",
            "price": "4.59",
            "revenue": 120736
        },
        "2006-10": {
            "month": "2006-10",
            "price": "5.09",
            "revenue": 117841
        },
        "2006-11": {
            "month": "2006-11",
            "price": "5.51",
            "revenue": 124741
        },
        "2006-12": {
            "month": "2006-12",
            "price": "6.55",
            "revenue": 131162
        },
        "2007-01": {
            "month": "2007-01",
            "price": "8.98",
            "revenue": 153163
        },
        "2007-02": {
            "month": "2007-02",
            "price": "8.98",
            "revenue": 94242
        },
        "2007-03": {
            "month": "2007-03",
            "price": "8.54",
            "revenue": 108498
        },
        "2007-04": {
            "month": "2007-04",
            "price": "9.67",
            "revenue": 112798
        },
        "2007-05": {
            "month": "2007-05",
            "price": "9.04",
            "revenue": 124395
        },
        "2007-06": {
            "month": "2007-06",
            "price": "8.98",
            "revenue": 151102
        },
        "2007-07": {
            "month": "2007-07",
            "price": "11.26",
            "revenue": 129372
        },
        "2007-08": {
            "month": "2007-08",
            "price": "11.10",
            "revenue": 151296
        },
        "2007-09": {
            "month": "2007-09",
            "price": "13.06",
            "revenue": 124187
        },
        "2007-10": {
            "month": "2007-10",
            "price": "14.10",
            "revenue": 134135
        },
        "2007-11": {
            "month": "2007-11",
            "price": "10.29",
            "revenue": 157647
        },
        "2007-12": {
            "month": "2007-12",
            "price": "8.70",
            "revenue": 159156
        },
        "2008-01": {
            "month": "2008-01",
            "price": "8.68",
            "revenue": 161302
        },
        "2008-02": {
            "month": "2008-02",
            "price": "8.93",
            "revenue": 122658
        },
        "2008-03": {
            "month": "2008-03",
            "price": "9.95",
            "revenue": 169946
        },
        "2008-04": {
            "month": "2008-04",
            "price": "11.13",
            "revenue": 159154
        },
        "2008-05": {
            "month": "2008-05",
            "price": "12.66",
            "revenue": 153144
        },
        "2008-06": {
            "month": "2008-06",
            "price": "10.00",
            "revenue": 148439
        },
        "2008-07": {
            "month": "2008-07",
            "price": "8.28",
            "revenue": 156828
        },
        "2008-08": {
            "month": "2008-08",
            "price": "7.43",
            "revenue": 157992
        },
        "2008-09": {
            "month": "2008-09",
            "price": "5.19",
            "revenue": 129020
        },
        "2008-10": {
            "month": "2008-10",
            "price": "4.78",
            "revenue": 140862
        },
        "2008-11": {
            "month": "2008-11",
            "price": "4.71",
            "revenue": 142866
        },
        "2008-12": {
            "month": "2008-12",
            "price": "5.06",
            "revenue": 155476
        },
        "2009-01": {
            "month": "2009-01",
            "price": "4.79",
            "revenue": 141405
        },
        "2009-02": {
            "month": "2009-02",
            "price": "4.44",
            "revenue": 117154
        },
        "2009-03": {
            "month": "2009-03",
            "price": "4.87",
            "revenue": 140367
        },
        "2009-04": {
            "month": "2009-04",
            "price": "6.37",
            "revenue": 139793
        },
        "2009-05": {
            "month": "2009-05",
            "price": "7.79",
            "revenue": 141685
        },
        "2009-06": {
            "month": "2009-06",
            "price": "8.04",
            "revenue": 155989
        },
        "2009-07": {
            "month": "2009-07",
            "price": "9.25",
            "revenue": 171858
        },
        "2009-08": {
            "month": "2009-08",
            "price": "11.00",
            "revenue": 175376
        },
        "2009-09": {
            "month": "2009-09",
            "price": "12.79",
            "revenue": 157013
        },
        "2009-10": {
            "month": "2009-10",
            "price": "19.29",
            "revenue": 157503
        },
        "2009-11": {
            "month": "2009-11",
            "price": "23.67",
            "revenue": 169840
        },
        "2009-12": {
            "month": "2009-12",
            "price": "27.53",
            "revenue": 179276
        },
        "2010-01": {
            "month": "2010-01",
            "price": "28.62",
            "revenue": 908107
        },
        "2010-02": {
            "month": "2010-02",
            "price": "26.15",
            "revenue": 562001
        },
        "2010-03": {
            "month": "2010-03",
            "price": "32.98",
            "revenue": 649880
        },
        "2010-04": {
            "month": "2010-04",
            "price": "38.38",
            "revenue": 751970
        },
        "2010-05": {
            "month": "2010-05",
            "price": "36.38",
            "revenue": 748451
        },
        "2010-06": {
            "month": "2010-06",
            "price": "35.58",
            "revenue": 809238
        },
        "2010-07": {
            "month": "2010-07",
            "price": "36.64",
            "revenue": 764497
        },
        "2010-08": {
            "month": "2010-08",
            "price": "37.93",
            "revenue": 846041
        },
        "2010-09": {
            "month": "2010-09",
            "price": "41.96",
            "revenue": 860554
        },
        "2010-10": {
            "month": "2010-10",
            "price": "43.57",
            "revenue": 830435
        },
        "2010-11": {
            "month": "2010-11",
            "price": "41.50",
            "revenue": 870040
        },
        "2010-12": {
            "month": "2010-12",
            "price": "40.62",
            "revenue": 997566
        },
        "2011-01": {
            "month": "2011-01",
            "price": "37.98",
            "revenue": 982562
        },
        "2011-02": {
            "month": "2011-02",
            "price": "37.29",
            "revenue": 600532
        },
        "2011-03": {
            "month": "2011-03",
            "price": "41.64",
            "revenue": 827288
        },
        "2011-04": {
            "month": "2011-04",
            "price": "42.73",
            "revenue": 805642
        },
        "2011-05": {
            "month": "2011-05",
            "price": "38.10",
            "revenue": 844896
        },
        "2011-06": {
            "month": "2011-06",
            "price": "35.31",
            "revenue": 884137
        },
        "2011-07": {
            "month": "2011-07",
            "price": "36.22",
            "revenue": 865555
        },
        "2011-08": {
            "month": "2011-08",
            "price": "31.02",
            "revenue": 929577
        },
        "2011-09": {
            "month": "2011-09",
            "price": "25.72",
            "revenue": 1087447
        },
        "2011-10": {
            "month": "2011-10",
            "price": "22.02",
            "revenue": 950870
        },
        "2011-11": {
            "month": "2011-11",
            "price": "28.10",
            "revenue": 1039868
        },
        "2011-12": {
            "month": "2011-12",
            "price": "24.35",
            "revenue": 1175618
        },
        "2012-01": {
            "month": "2012-01",
            "price": "23.74",
            "revenue": 899846
        },
        "2012-02": {
            "month": "2012-02",
            "price": "29.00",
            "revenue": 768298
        },
        "2012-03": {
            "month": "2012-03",
            "price": "32.71",
            "revenue": 976794
        },
        "2012-04": {
            "month": "2012-04",
            "price": "29.43",
            "revenue": 991101
        },
        "2012-05": {
            "month": "2012-05",
            "price": "28.61",
            "revenue": 992178
        },
        "2012-06": {
            "month": "2012-06",
            "price": "27.63",
            "revenue": 977516
        },
        "2012-07": {
            "month": "2012-07",
            "price": "30.20",
            "revenue": 1003113
        },
        "2012-08": {
            "month": "2012-08",
            "price": "30.41",
            "revenue": 1113148
        },
        "2012-09": {
            "month": "2012-09",
            "price": "30.56",
            "revenue": 1162736
        },
        "2012-10": {
            "month": "2012-10",
            "price": "29.40",
            "revenue": 984516
        },
        "2012-11": {
            "month": "2012-11",
            "price": "27.57",
            "revenue": 1066123
        },
        "2012-12": {
            "month": "2012-12",
            "price": "28.78",
            "revenue": 1127851
        },
        "2013-01": {
            "month": "2013-01",
            "price": "28.56",
            "revenue": 1127371
        },
        "2013-02": {
            "month": "2013-02",
            "price": "28.43",
            "revenue": 735402
        },
        "2013-03": {
            "month": "2013-03",
            "price": "28.47",
            "revenue": 1055229
        },
        "2013-04": {
            "month": "2013-04",
            "price": "28.48",
            "revenue": 1093788
        },
        "2013-05": {
            "month": "2013-05",
            "price": "32.21",
            "revenue": 1133656
        },
        "2013-06": {
            "month": "2013-06",
            "price": "33.23",
            "revenue": 1187982
        },
        "2013-07": {
            "month": "2013-07",
            "price": "39.34",
            "revenue": 1163292
        },
        "2013-08": {
            "month": "2013-08",
            "price": "38.84",
            "revenue": 1216362
        },
        "2013-09": {
            "month": "2013-09",
            "price": "41.50",
            "revenue": 1229422
        },
        "2013-10": {
            "month": "2013-10",
            "price": "49.08",
            "revenue": 1088522
        },
        "2013-11": {
            "month": "2013-11",
            "price": "46.43",
            "revenue": 1167826
        },
        "2013-12": {
            "month": "2013-12",
            "price": "45.72",
            "revenue": 1230345
        },
        "2014-01": {
            "month": "2014-01",
            "price": "43.06",
            "revenue": 1285937
        },
        "2014-02": {
            "month": "2014-02",
            "price": "46.17",
            "revenue": 907636
        },
        "2014-03": {
            "month": "2014-03",
            "price": "59.42",
            "revenue": 1168083
        },
        "2014-04": {
            "month": "2014-04",
            "price": "58.54",
            "revenue": 1192849
        },
        "2014-05": {
            "month": "2014-05",
            "price": "58.84",
            "revenue": 1313733
        },
        "2014-06": {
            "month": "2014-06",
            "price": "62.66",
            "revenue": 1279456
        },
        "2014-07": {
            "month": "2014-07",
            "price": "67.95",
            "revenue": 1208800
        },
        "2014-08": {
            "month": "2014-08",
            "price": "63.08",
            "revenue": 1355460
        },
        "2014-09": {
            "month": "2014-09",
            "price": "60.79",
            "revenue": 1333210
        },
        "2014-10": {
            "month": "2014-10",
            "price": "51.95",
            "revenue": 1212814
        },
        "2014-11": {
            "month": "2014-11",
            "price": "51.04",
            "revenue": 1211243
        },
        "2014-12": {
            "month": "2014-12",
            "price": "55.12",
            "revenue": 1357623
        },
        "2015-01": {
            "month": "2015-01",
            "price": "56.14",
            "revenue": 1350107
        },
        "2015-02": {
            "month": "2015-02",
            "price": "57.48",
            "revenue": 1026051
        },
        "2015-03": {
            "month": "2015-03",
            "price": "62.24",
            "revenue": 1198066
        },
        "2015-04": {
            "month": "2015-04",
            "price": "68.64",
            "revenue": 1239604
        },
        "2015-05": {
            "month": "2015-05",
            "price": "66.60",
            "revenue": 1258946
        },
        "2015-06": {
            "month": "2015-06",
            "price": "66.50",
            "revenue": 1311253
        },
        "2015-07": {
            "month": "2015-07",
            "price": "66.17",
            "revenue": 1276023
        },
        "2015-08": {
            "month": "2015-08",
            "price": "73.36",
            "revenue": 1394982
        },
        "2015-09": {
            "month": "2015-09",
            "price": "71.58",
            "revenue": 1418694
        },
        "2015-10": {
            "month": "2015-10",
            "price": "71.55",
            "revenue": 1283879
        },
        "2015-11": {
            "month": "2015-11",
            "price": "68.97",
            "revenue": 1275104
        },
        "2015-12": {
            "month": "2015-12",
            "price": "66.58",
            "revenue": 1463182
        },
        "2016-01": {
            "month": "2016-01",
            "price": "59.92",
            "revenue": 1437843
        },
        "2016-02": {
            "month": "2016-02",
            "price": "62.35",
            "revenue": 995051
        },
        "2016-03": {
            "month": "2016-03",
            "price": "63.72",
            "revenue": 1282002
        },
        "2016-04": {
            "month": "2016-04",
            "price": "61.34",
            "revenue": 1321812
        },
        "2016-05": {
            "month": "2016-05",
            "price": "61.94",
            "revenue": 1387065
        },
        "2016-06": {
            "month": "2016-06",
            "price": "65.12",
            "revenue": 1435185
        },
        "2016-07": {
            "month": "2016-07",
            "price": "68.89",
            "revenue": 1316773
        },
        "2016-08": {
            "month": "2016-08",
            "price": "70.51",
            "revenue": 1441299
        },
        "2016-09": {
            "month": "2016-09",
            "price": "69.99",
            "revenue": 1388798
        },
        "2016-10": {
            "month": "2016-10",
            "price": "68.46",
            "revenue": 1312066
        },
        "2016-11": {
            "month": "2016-11",
            "price": "64.67",
            "revenue": 1376667
        },
        "2016-12": {
            "month": "2016-12",
            "price": "62.80",
            "revenue": 1583771
        },
        "2017-01": {
            "month": "2017-01",
            "price": "62.98",
            "revenue": 1456926
        },
        "2017-02": {
            "month": "2017-02",
            "price": "63.81",
            "revenue": 1042242
        },
        "2017-03": {
            "month": "2017-03",
            "price": "62.77",
            "revenue": 1287519
        },
        "2017-04": {
            "month": "2017-04",
            "price": "60.13",
            "revenue": 1347081
        },
        "2017-05": {
            "month": "2017-05",
            "price": "61.20",
            "revenue": 1383166
        },
        "2017-06": {
            "month": "2017-06",
            "price": "62.51",
            "revenue": 1502484
        },
        "2017-07": {
            "month": "2017-07",
            "price": "64.97",
            "revenue": 1337197
        },
        "2017-08": {
            "month": "2017-08",
            "price": "62.96",
            "revenue": 1421808
        },
        "2017-09": {
            "month": "2017-09",
            "price": "61.10",
            "revenue": 1744264
        },
        "2017-10": {
            "month": "2017-10",
            "price": "61.05",
            "revenue": 1482167
        },
        "2017-11": {
            "month": "2017-11",
            "price": "60.89",
            "revenue": 1540450
        },
        "2017-12": {
            "month": "2017-12",
            "price": "61.30",
            "revenue": 1637338
        },
        "2018-01": {
            "month": "2018-01",
            "price": "63.40",
            "revenue": 1663425
        },
        "2018-02": {
            "month": "2018-02",
            "price": "60.95",
            "revenue": 1146735
        },
        "2018-03": {
            "month": "2018-03",
            "price": "61.08",
            "revenue": 1454207
        },
        "2018-04": {
            "month": "2018-04",
            "price": "60.72",
            "revenue": 1479443
        },
        "2018-05": {
            "month": "2018-05",
            "price": "60.93",
            "revenue": 1578262
        },
        "2018-06": {
            "month": "2018-06",
            "price": "61.62",
            "revenue": 1645855
        },
        "2018-07": {
            "month": "2018-07",
            "price": "58.77",
            "revenue": 1417054
        },
        "2018-08": {
            "month": "2018-08",
            "price": "53.53",
            "revenue": 1560429
        },
        "2018-09": {
            "month": "2018-09",
            "price": "51.70",
            "revenue": 1551978
        },
        "2018-10": {
            "month": "2018-10",
            "price": "46.39",
            "revenue": 1455784
        },
        "2018-11": {
            "month": "2018-11",
            "price": "46.03",
            "revenue": 1566253
        },
        "2018-12": {
            "month": "2018-12",
            "price": "46.49",
            "revenue": 1757656
        },
        "2019-01": {
            "month": "2019-01",
            "price": "51.60",
            "revenue": 1718531
        },
        "2019-02": {
            "month": "2019-02",
            "price": "54.77",
            "revenue": 983725
        },
        "2019-03": {
            "month": "2019-03",
            "price": "53.92",
            "revenue": 1515180
        },
        "2019-04": {
            "month": "2019-04",
            "price": "54.03",
            "revenue": 1479700
        },
        "2019-05": {
            "month": "2019-05",
            "price": "52.26",
            "revenue": 1556349
        },
        "2019-06": {
            "month": "2019-06",
            "price": "54.48",
            "revenue": 1613905
        },
        "2019-07": {
            "month": "2019-07",
            "price": "54.39",
            "revenue": 1466893
        },
        "2019-08": {
            "month": "2019-08",
            "price": "51.53",
            "revenue": 1544160
        },
        "2019-09": {
            "month": "2019-09",
            "price": "50.89",
            "revenue": 1547793
        },
        "2019-10": {
            "month": "2019-10",
            "price": "50.09",
            "revenue": 1511382
        },
        "2019-11": {
            "month": "2019-11",
            "price": "49.97",
            "revenue": 1568899
        },
        "2019-12": {
            "month": "2019-12",
            "price": "50.45",
            "revenue": 1839499
        },
        "2020-01": {
            "month": "2020-01",
            "price": "50.64",
            "revenue": 1492225
        },
        "2020-02": {
            "month": "2020-02",
            "price": "49.05",
            "revenue": 847574
        },
        "2020-03": {
            "month": "2020-03",
            "price": "42.68",
            "revenue": 1252759
        },
        "2020-04": {
            "month": "2020-04",
            "price": "42.60",
            "revenue": 1396304
        },
        "2020-05": {
            "month": "2020-05",
            "price": "44.51",
            "revenue": 1440122
        },
        "2020-06": {
            "month": "2020-06",
            "price": "45.78",
            "revenue": 1431284
        },
        "2020-07": {
            "month": "2020-07",
            "price": "43.47",
            "revenue": 1404101
        },
        "2020-08": {
            "month": "2020-08",
            "price": "42.25",
            "revenue": 1626214
        },
        "2020-09": {
            "month": "2020-09",
            "price": "42.57",
            "revenue": 1768470
        },
        "2020-10": {
            "month": "2020-10",
            "price": "42.80",
            "revenue": 1518892
        },
        "2020-11": {
            "month": "2020-11",
            "price": "44.52",
            "revenue": 1531731
        },
        "2020-12": {
            "month": "2020-12",
            "price": "45.59",
            "revenue": 1865641
        },
        "2021-01": {
            "month": "2021-01",
            "price": "45.54",
            "revenue": 1747421
        },
        "2021-02": {
            "month": "2021-02",
            "price": "45.64",
            "revenue": 1205199
        },
        "2021-03": {
            "month": "2021-03",
            "price": "47.04",
            "revenue": 1712334
        },
        "2021-04": {
            "month": "2021-04",
            "price": "51.66",
            "revenue": 1680650
        },
        "2021-05": {
            "month": "2021-05",
            "price": "55.05",
            "revenue": 1647810
        },
        "2021-06": {
            "month": "2021-06",
            "price": "52.94",
            "revenue": 1602134
        },
        "2021-07": {
            "month": "2021-07",
            "price": "51.40",
            "revenue": 1492597
        },
        "2021-08": {
            "month": "2021-08",
            "price": "48.82",
            "revenue": 1662626
        },
        "2021-09": {
            "month": "2021-09",
            "price": "48.42",
            "revenue": 1757618
        },
        "2021-10": {
            "month": "2021-10",
            "price": "49.99",
            "revenue": 1640589
        },
        "2021-11": {
            "month": "2021-11",
            "price": "49.05",
            "revenue": 1663975
        },
        "2021-12": {
            "month": "2021-12",
            "price": "49.30",
            "revenue": 2070357
        },
        "2022-01": {
            "month": "2022-01",
            "price": "49.51",
            "revenue": 1809151
        },
        "2022-02": {
            "month": "2022-02",
            "price": "49.85",
            "revenue": 1265823
        },
        "2022-03": {
            "month": "2022-03",
            "price": "48.76",
            "revenue": 1689826
        },
        "2022-04": {
            "month": "2022-04",
            "price": "48.49",
            "revenue": 1640303
        },
        "2022-05": {
            "month": "2022-05",
            "price": "46.65",
            "revenue": 1713829
        },
        "2022-06": {
            "month": "2022-06",
            "price": "45.97",
            "revenue": 1800363
        },
        "2022-07": {
            "month": "2022-07",
            "price": "44.95",
            "revenue": 1604189
        },
        "2022-08": {
            "month": "2022-08",
            "price": "45.58",
            "revenue": 1710172
        },
        "2022-09": {
            "month": "2022-09",
            "price": "44.92",
            "revenue": 1742187
        },
        "2022-10": {
            "month": "2022-10",
            "price": "43.27",
            "revenue": 1720526
        },
        "2022-11": {
            "month": "2022-11",
            "price": "44.30",
            "revenue": 1849987
        },
        "2022-12": {
            "month": "2022-12",
            "price": "44.86",
            "revenue": 1947391
        },
        "2023-01": {
            "month": "2023-01",
            "price": "45.19",
            "revenue": 1645186
        },
        "2023-02": {
            "month": "2023-02",
            "price": "46.22",
            "revenue": 1643891
        },
        "2023-03": {
            "month": "2023-03",
            "price": "46.98",
            "revenue": 1976303
        },
        "2023-04": {
            "month": "2023-04",
            "price": "47.54",
            "revenue": 1907435
        },
        "2023-05": {
            "month": "2023-05",
            "price": "50.72",
            "revenue": 1923791
        },
        "2023-06": {
            "month": "2023-06",
            "price": "48.37",
            "revenue": 1894892
        },
        "2023-07": {
            "month": "2023-07",
            "price": "47.89",
            "revenue": 1774321
        },
        "2023-08": {
            "month": "2023-08",
            "price": "47.95",
            "revenue": 1998440
        },
        "2023-09": {
            "month": "2023-09",
            "price": "48.35",
            "revenue": 2046638
        },
        "2023-10": {
            "month": "2023-10",
            "price": "50.15",
            "revenue": 1808824
        },
        "2023-11": {
            "month": "2023-11",
            "price": "49.62",
            "revenue": 1963380
        },
        "2023-12": {
            "month": "2023-12",
            "price": "50.22",
            "revenue": 2106831
        }
    }
}
