{
    "summary": {
        "stock_name": "榮化",
        "stock_id": "1704",
        "category": "化工",
        "main_business": "聚丙烯及其下游之製造加工及買賣業務<br>異丙醇及其下游製品之製造加工及買賣業務<br>熱可塑性橡膠製造加工及買賣業務",
        "website_url": "",
        "ceo": "劉文龍",
        "pe_ratio": 14,
        "report_year_from": 2001,
        "report_year_to": 2018,
        "age": 22,
        "eps_negative_percentage": 17,
        "eps_growth_avg": {
            "last_all": 1.74,
            "last_2y": -34.26,
            "last_4y": -34.26,
            "last_8y": -43.05,
            "last_12y": -22.96,
            "last_16y": 1.74,
            "last_20y": null,
            "at_2006_last_3y": 44.15,
            "at_2007_last_3y": 39.98,
            "at_2008_last_3y": 24.77,
            "at_2009_last_3y": 12.19,
            "at_2010_last_3y": 13.76,
            "at_2011_last_3y": 15.56,
            "at_2012_last_3y": -13.72,
            "at_2013_last_3y": -49.64,
            "at_2014_last_3y": -67.57,
            "at_2015_last_3y": -88.97,
            "at_2016_last_3y": -80.13,
            "at_2017_last_3y": -34.97,
            "at_2018_last_3y": -34.26,
            "at_2019_last_3y": -34.26,
            "at_2020_last_3y": -34.26,
            "at_2021_last_3y": -34.26,
            "at_2022_last_3y": -34.26,
            "at_2023_last_3y": -34.26,
            "at_2006_last_all": 55.32,
            "at_2007_last_all": 40.77,
            "at_2008_last_all": 40.54,
            "at_2009_last_all": 40.94,
            "at_2010_last_all": 36.85,
            "at_2011_last_all": 30.69,
            "at_2012_last_all": 20.81,
            "at_2013_last_all": 10.74,
            "at_2014_last_all": 10.74,
            "at_2015_last_all": 10.74,
            "at_2016_last_all": 5.28,
            "at_2017_last_all": 4.21,
            "at_2018_last_all": 1.74,
            "at_2019_last_all": 1.74,
            "at_2020_last_all": 1.74,
            "at_2021_last_all": 1.74,
            "at_2022_last_all": 1.74,
            "at_2023_last_all": 1.74
        },
        "latest_eps": 3.7,
        "latest_price": 53.1,
        "latest_roe": 11.03,
        "latest_gross_margin": 13.41,
        "latest_equity": 32176898,
        "latest_revenue": 13366207,
        "latest_gross_profit": 1791849,
        "latest_net_income": 916462,
        "latest_debt_ratio": 40.33,
        "latest_current_ratio": 248.48,
        "latest_account_receivable_turnover_ratio": 2.89,
        "latest_inventory_turnover_ratio": 1.75,
        "latest_reinvestment_rate": -19.79,
        "latest_research_to_sale_ratio": 0.93
    },
    "eps_dividends": {
        "1992": {
            "cash": 0,
            "stock": 1,
            "eps": 0
        },
        "1995": {
            "cash": 0,
            "stock": 2,
            "eps": 0
        },
        "1996": {
            "cash": 1,
            "stock": 0,
            "eps": 0
        },
        "1997": {
            "cash": 0,
            "stock": 2,
            "eps": 0
        },
        "1998": {
            "cash": 0,
            "stock": 2,
            "eps": 0
        },
        "1999": {
            "cash": 0,
            "stock": 0,
            "eps": 0
        },
        "2000": {
            "cash": 0,
            "stock": 1,
            "eps": 0
        },
        "2001": {
            "cash": 0,
            "stock": 1,
            "eps": 0.48
        },
        "2002": {
            "cash": 0,
            "stock": 0,
            "eps": 0.98
        },
        "2003": {
            "cash": 1,
            "stock": 0,
            "eps": 0.83
        },
        "2004": {
            "cash": 0,
            "stock": 0,
            "eps": 1.68
        },
        "2005": {
            "cash": 1,
            "stock": 0,
            "eps": 3.26
        },
        "2006": {
            "cash": 2,
            "stock": 1,
            "eps": 3.19
        },
        "2007": {
            "cash": 2,
            "stock": 0,
            "eps": 2.17
        },
        "2008": {
            "cash": 3,
            "stock": 0,
            "eps": 3.02
        },
        "2009": {
            "cash": 1,
            "stock": 1,
            "eps": 4.34
        },
        "2010": {
            "cash": 3,
            "stock": 0,
            "eps": 4.52
        },
        "2011": {
            "cash": 3,
            "stock": 0,
            "eps": 3.4
        },
        "2012": {
            "cash": 3,
            "stock": 0,
            "eps": 0.75
        },
        "2013": {
            "cash": 1,
            "stock": 0,
            "eps": -0.27
        },
        "2014": {
            "cash": 1,
            "stock": 0,
            "eps": -9.77
        },
        "2015": {
            "cash": 0,
            "stock": 0,
            "eps": 11.7
        },
        "2016": {
            "cash": 2,
            "stock": 0,
            "eps": 4.65
        },
        "2017": {
            "cash": 3,
            "stock": 0,
            "eps": 4.2
        },
        "2018": {
            "cash": 3,
            "stock": 0,
            "eps": 2.82
        }
    },
    "dividends": {
        "1992-05-27": {
            "cash": 0,
            "stock": 0.5
        },
        "1995-05-18": {
            "cash": 0,
            "stock": 2
        },
        "1996-05-28": {
            "cash": 1,
            "stock": 0
        },
        "1997-06-13": {
            "cash": 0,
            "stock": 1.5
        },
        "1998-05-26": {
            "cash": 0,
            "stock": 1.5
        },
        "1999-06-10": {
            "cash": 0.4,
            "stock": 0.4
        },
        "2000-06-21": {
            "cash": 0.2,
            "stock": 0.8
        },
        "2001-06-27": {
            "cash": 0.21,
            "stock": 0.52
        },
        "2002-06-10": {
            "cash": 0.2,
            "stock": 0.3
        },
        "2003-03-14": {
            "cash": 0.7,
            "stock": 0.3
        },
        "2004-03-25": {
            "cash": 0.29,
            "stock": 0.29
        },
        "2005-03-15": {
            "cash": 1.2,
            "stock": 0
        },
        "2006-03-23": {
            "cash": 1.6,
            "stock": 0.5
        },
        "2007-03-26": {
            "cash": 1.8,
            "stock": 0.3
        },
        "2008-04-23": {
            "cash": 2.7,
            "stock": 0
        },
        "2009-04-22": {
            "cash": 1.25,
            "stock": 0.75
        },
        "2010-04-29": {
            "cash": 3,
            "stock": 0
        },
        "2011-05-10": {
            "cash": 3.35,
            "stock": 0
        },
        "2012-04-27": {
            "cash": 2.6,
            "stock": 0
        },
        "2013-05-14": {
            "cash": 0.75,
            "stock": 0
        },
        "2014-09-25": {
            "cash": 0.5,
            "stock": 0
        },
        "2016-08-30": {
            "cash": 1.5,
            "stock": 0
        },
        "2017-09-19": {
            "cash": 3,
            "stock": 0
        },
        "2018-08-30": {
            "cash": 2.9,
            "stock": 0
        }
    },
    "prices": {
        "200101": "12.23",
        "200102": "12.51",
        "200103": "12.08",
        "200104": "10.63",
        "200105": "9.69",
        "200106": "9.07",
        "200107": "8.09",
        "200108": "8.94",
        "200109": "8.19",
        "200110": "7.28",
        "200111": "7.02",
        "200112": "8.23",
        "200201": "8.59",
        "200202": "8.73",
        "200203": "11.80",
        "200204": "13.67",
        "200205": "11.60",
        "200206": "11.98",
        "200207": "12.56",
        "200208": "13.80",
        "200209": "11.32",
        "200210": "11.21",
        "200211": "12.26",
        "200212": "12.38",
        "200301": "15.22",
        "200302": "15.11",
        "200303": "13.57",
        "200304": "12.80",
        "200305": "11.54",
        "200306": "12.77",
        "200307": "13.41",
        "200308": "13.30",
        "200309": "11.71",
        "200310": "12.98",
        "200311": "13.07",
        "200312": "13.03",
        "200401": "13.88",
        "200402": "14.38",
        "200403": "13.87",
        "200404": "13.50",
        "200405": "12.45",
        "200406": "12.02",
        "200407": "12.03",
        "200408": "12.26",
        "200409": "13.32",
        "200410": "13.72",
        "200411": "13.98",
        "200412": "14.64",
        "200501": "15.27",
        "200502": "15.37",
        "200503": "16.41",
        "200504": "17.04",
        "200505": "16.89",
        "200506": "17.43",
        "200507": "18.23",
        "200508": "22.31",
        "200509": "23.37",
        "200510": "23.80",
        "200511": "23.59",
        "200512": "22.53",
        "200601": "23.94",
        "200602": "24.03",
        "200603": "22.85",
        "200604": "25.14",
        "200605": "25.65",
        "200606": "23.44",
        "200607": "24.66",
        "200608": "25.84",
        "200609": "23.45",
        "200610": "29.02",
        "200611": "33.06",
        "200612": "32.19",
        "200701": "32.31",
        "200702": "33.11",
        "200703": "31.22",
        "200704": "32.11",
        "200705": "28.94",
        "200706": "29.82",
        "200707": "38.81",
        "200708": "40.89",
        "200709": "40.94",
        "200710": "42.03",
        "200711": "35.60",
        "200712": "35.66",
        "200801": "36.30",
        "200802": "33.80",
        "200803": "35.38",
        "200804": "37.56",
        "200805": "39.17",
        "200806": "36.79",
        "200807": "29.60",
        "200808": "26.52",
        "200809": "25.21",
        "200810": "20.14",
        "200811": "21.18",
        "200812": "22.18",
        "200901": "22.49",
        "200902": "21.28",
        "200903": "22.88",
        "200904": "27.12",
        "200905": "29.21",
        "200906": "28.95",
        "200907": "30.08",
        "200908": "35.38",
        "200909": "36.03",
        "200910": "36.47",
        "200911": "38.03",
        "200912": "38.25",
        "201001": "38.70",
        "201002": "36.76",
        "201003": "38.12",
        "201004": "38.94",
        "201005": "37.77",
        "201006": "38.21",
        "201007": "39.63",
        "201008": "53.52",
        "201009": "61.32",
        "201010": "60.60",
        "201011": "64.47",
        "201012": "64.19",
        "201101": "69.72",
        "201102": "79.35",
        "201103": "86.31",
        "201104": "83.44",
        "201105": "73.72",
        "201106": "67.12",
        "201107": "68.22",
        "201108": "66.67",
        "201109": "52.74",
        "201110": "49.79",
        "201111": "46.42",
        "201112": "41.40",
        "201201": "45.40",
        "201202": "55.54",
        "201203": "52.20",
        "201204": "45.07",
        "201205": "45.56",
        "201206": "46.05",
        "201207": "41.93",
        "201208": "41.63",
        "201209": "41.83",
        "201210": "37.05",
        "201211": "33.24",
        "201212": "35.91",
        "201301": "37.82",
        "201302": "38.01",
        "201303": "35.24",
        "201304": "33.93",
        "201305": "36.59",
        "201306": "36.43",
        "201307": "38.87",
        "201308": "36.37",
        "201309": "36.85",
        "201310": "38.76",
        "201311": "35.85",
        "201312": "36.07",
        "201401": "39.07",
        "201402": "37.32",
        "201403": "35.71",
        "201404": "33.98",
        "201405": "28.62",
        "201406": "24.85",
        "201407": "25.37",
        "201408": "16.11",
        "201409": "16.20",
        "201410": "14.91",
        "201411": "15.03",
        "201412": "15.24",
        "201501": "16.65",
        "201502": "16.35",
        "201503": "16.59",
        "201504": "18.58",
        "201505": "19.43",
        "201506": "18.19",
        "201507": "18.93",
        "201508": "18.16",
        "201509": "19.98",
        "201510": "25.96",
        "201511": "29.19",
        "201512": "34.43",
        "201601": "29.84",
        "201602": "32.30",
        "201603": "34.88",
        "201604": "35.79",
        "201605": "36.38",
        "201606": "37.45",
        "201607": "40.00",
        "201608": "39.10",
        "201609": "39.12",
        "201610": "38.62",
        "201611": "37.79",
        "201612": "41.95",
        "201701": "43.87",
        "201702": "44.94",
        "201703": "44.57",
        "201704": "44.14",
        "201705": "41.82",
        "201706": "41.68",
        "201707": "42.85",
        "201708": "42.52",
        "201709": "40.90",
        "201710": "40.89",
        "201711": "41.60",
        "201712": "45.68",
        "201801": "46.22",
        "201802": "43.99",
        "201803": "44.28",
        "201804": "44.59",
        "201805": "44.70",
        "201806": "45.34",
        "201807": "49.22",
        "201808": "51.70",
        "201809": "51.78",
        "201810": "51.81",
        "201811": "52.17",
        "201812": "52.16",
        "201901": "52.86",
        "201902": "無",
        "201903": "無",
        "201904": "無",
        "201905": "無",
        "201906": "無",
        "201907": "無",
        "201908": "無",
        "201909": "無",
        "201910": "無",
        "201911": "無",
        "201912": "無",
        "202001": "無",
        "202002": "無",
        "202003": "無",
        "202004": "無",
        "202005": "無",
        "202006": "無",
        "202007": "無",
        "202008": "無",
        "202009": "無",
        "202010": "無",
        "202011": "無",
        "202012": "無",
        "202101": "無",
        "202102": "無",
        "202103": "無",
        "202104": "無",
        "202105": "無",
        "202106": "無",
        "202107": "無",
        "202108": "無",
        "202109": "無",
        "202110": "無",
        "202111": "無",
        "202112": "無",
        "202201": "無",
        "202202": "無",
        "202203": "無",
        "202204": "無",
        "202205": "無",
        "202206": "無",
        "202207": "無",
        "202208": "無",
        "202209": "無",
        "202210": "無",
        "202211": "無",
        "202212": "無",
        "202301": "無",
        "202302": "無",
        "202303": "無",
        "202304": "無",
        "202305": "無"
    },
    "quarters": {
        "20011": {
            "year_quarter": 20011,
            "year": 2001,
            "quarter": 1,
            "eps": 0.16,
            "eps_growth_year": -33.33,
            "eps_4q": 0.82,
            "eps_4q_growth_year": -31.97,
            "roe": 1.1,
            "gross_profit": 203185,
            "gross_margin": 11.9,
            "net_income": 69969,
            "revenue": 1707008,
            "common_shares": 4497168,
            "equity": 6253333,
            "current_ratio": 154.95,
            "debt_ratio": 31.8,
            "inventory_turnover_ratio": 1.59,
            "account_receivable_turnover_ratio": null,
            "reinvestment_rate": null,
            "research_to_sale_ratio": null,
            "price_fair": 0,
            "eps_avg_yearly": 0,
            "eps_latest_yearly": 0,
            "eps_growth_yearly": 0
        },
        "20012": {
            "year_quarter": 20012,
            "year": 2001,
            "quarter": 2,
            "eps": 0.11,
            "eps_growth_year": -59.26,
            "eps_4q": 0.67,
            "eps_4q_growth_year": -28.27,
            "roe": 0.76,
            "gross_profit": 252897,
            "gross_margin": 12.43,
            "net_income": 47891,
            "revenue": 2034362,
            "common_shares": 4497168,
            "equity": 6346873,
            "current_ratio": 136.87,
            "debt_ratio": 33.24,
            "inventory_turnover_ratio": 2.35,
            "account_receivable_turnover_ratio": null,
            "reinvestment_rate": null,
            "research_to_sale_ratio": null,
            "price_fair": 0,
            "eps_avg_yearly": 0,
            "eps_latest_yearly": 0,
            "eps_growth_yearly": 0
        },
        "20013": {
            "year_quarter": 20013,
            "year": 2001,
            "quarter": 3,
            "eps": 0.09,
            "eps_growth_year": -10,
            "eps_4q": 0.64,
            "eps_4q_growth_year": -22.89,
            "roe": 0.65,
            "gross_profit": 325688,
            "gross_margin": 18.15,
            "net_income": 40767,
            "revenue": 1794136,
            "common_shares": 4497168,
            "equity": 6220003,
            "current_ratio": 122.1,
            "debt_ratio": 33.6,
            "inventory_turnover_ratio": 2.14,
            "account_receivable_turnover_ratio": null,
            "reinvestment_rate": null,
            "research_to_sale_ratio": null,
            "price_fair": 0,
            "eps_avg_yearly": 0,
            "eps_latest_yearly": 0,
            "eps_growth_yearly": 0
        },
        "20014": {
            "year_quarter": 20014,
            "year": 2001,
            "quarter": 4,
            "eps": 0.12,
            "eps_growth_year": -58.62,
            "eps_4q": 0.46,
            "eps_4q_growth_year": -46.44,
            "roe": 0.87,
            "gross_profit": 341651,
            "gross_margin": 20.01,
            "net_income": 55571,
            "revenue": 1707479,
            "common_shares": 4717247,
            "equity": 6539429,
            "current_ratio": 160.47,
            "debt_ratio": 48.7,
            "inventory_turnover_ratio": 1.53,
            "account_receivable_turnover_ratio": null,
            "reinvestment_rate": null,
            "research_to_sale_ratio": null,
            "price_fair": 0,
            "eps_avg_yearly": 0,
            "eps_latest_yearly": 0,
            "eps_growth_yearly": 0
        },
        "20021": {
            "year_quarter": 20021,
            "year": 2002,
            "quarter": 1,
            "eps": 0.2,
            "eps_growth_year": 25,
            "eps_4q": 0.52,
            "eps_4q_growth_year": -36.44,
            "roe": 1.34,
            "gross_profit": 356546,
            "gross_margin": 17.4,
            "net_income": 90483,
            "revenue": 2048699,
            "common_shares": 4717247,
            "equity": 7014204,
            "current_ratio": 186.99,
            "debt_ratio": 40.63,
            "inventory_turnover_ratio": 1.87,
            "account_receivable_turnover_ratio": null,
            "reinvestment_rate": null,
            "research_to_sale_ratio": null,
            "price_fair": 28,
            "eps_avg_yearly": 0.8,
            "eps_latest_yearly": 0.8,
            "eps_growth_yearly": 266.67
        },
        "20022": {
            "year_quarter": 20022,
            "year": 2002,
            "quarter": 2,
            "eps": 0.37,
            "eps_growth_year": 236.36,
            "eps_4q": 0.79,
            "eps_4q_growth_year": 18.42,
            "roe": 2.36,
            "gross_profit": 397675,
            "gross_margin": 20.37,
            "net_income": 164235,
            "revenue": 1951813,
            "common_shares": 4717247,
            "equity": 6917695,
            "current_ratio": 180.93,
            "debt_ratio": 41.94,
            "inventory_turnover_ratio": 1.89,
            "account_receivable_turnover_ratio": null,
            "reinvestment_rate": null,
            "research_to_sale_ratio": null,
            "price_fair": 39.9,
            "eps_avg_yearly": 1.14,
            "eps_latest_yearly": 1.48,
            "eps_growth_yearly": 303.33
        },
        "20023": {
            "year_quarter": 20023,
            "year": 2002,
            "quarter": 3,
            "eps": 0.17,
            "eps_growth_year": 88.89,
            "eps_4q": 0.84,
            "eps_4q_growth_year": 31.44,
            "roe": 1.12,
            "gross_profit": 340520,
            "gross_margin": 17.63,
            "net_income": 79050,
            "revenue": 1931328,
            "common_shares": 4849897,
            "equity": 7144173,
            "current_ratio": 176.03,
            "debt_ratio": 41.08,
            "inventory_turnover_ratio": 1.5,
            "account_receivable_turnover_ratio": null,
            "reinvestment_rate": null,
            "research_to_sale_ratio": null,
            "price_fair": 34.53,
            "eps_avg_yearly": 0.99,
            "eps_latest_yearly": 0.68,
            "eps_growth_yearly": 130.15
        },
        "20024": {
            "year_quarter": 20024,
            "year": 2002,
            "quarter": 4,
            "eps": 0.24,
            "eps_growth_year": 100,
            "eps_4q": 0.98,
            "eps_4q_growth_year": 112.09,
            "roe": 1.5,
            "gross_profit": 382500,
            "gross_margin": 18.79,
            "net_income": 108102,
            "revenue": 2035490,
            "common_shares": 4849897,
            "equity": 7307612,
            "current_ratio": 170.8,
            "debt_ratio": 48.58,
            "inventory_turnover_ratio": 1.28,
            "account_receivable_turnover_ratio": null,
            "reinvestment_rate": 102.05,
            "research_to_sale_ratio": null,
            "price_fair": 34.3,
            "eps_avg_yearly": 0.98,
            "eps_latest_yearly": 0.96,
            "eps_growth_yearly": 138.79
        },
        "20031": {
            "year_quarter": 20031,
            "year": 2003,
            "quarter": 1,
            "eps": 0.27,
            "eps_growth_year": 35,
            "eps_4q": 1.05,
            "eps_4q_growth_year": 101.76,
            "roe": 1.67,
            "gross_profit": 287663,
            "gross_margin": 14.8,
            "net_income": 122147,
            "revenue": 1943078,
            "common_shares": 4849897,
            "equity": 7357500,
            "current_ratio": 178.4,
            "debt_ratio": 40.31,
            "inventory_turnover_ratio": 1.2,
            "account_receivable_turnover_ratio": null,
            "reinvestment_rate": 42.78,
            "research_to_sale_ratio": null,
            "price_fair": 35,
            "eps_avg_yearly": 1,
            "eps_latest_yearly": 1.08,
            "eps_growth_yearly": 121.03
        },
        "20032": {
            "year_quarter": 20032,
            "year": 2003,
            "quarter": 2,
            "eps": 0.1,
            "eps_growth_year": -72.97,
            "eps_4q": 0.79,
            "eps_4q_growth_year": -0.4,
            "roe": 0.62,
            "gross_profit": 291171,
            "gross_margin": 12.96,
            "net_income": 44975,
            "revenue": 2247415,
            "common_shares": 4849897,
            "equity": 7045781,
            "current_ratio": 157.95,
            "debt_ratio": 42.68,
            "inventory_turnover_ratio": 1.5,
            "account_receivable_turnover_ratio": null,
            "reinvestment_rate": 47.27,
            "research_to_sale_ratio": null,
            "price_fair": 31.5,
            "eps_avg_yearly": 0.9,
            "eps_latest_yearly": 0.4,
            "eps_growth_yearly": 58.88
        },
        "20033": {
            "year_quarter": 20033,
            "year": 2003,
            "quarter": 3,
            "eps": 0.4,
            "eps_growth_year": 135.29,
            "eps_4q": 0.99,
            "eps_4q_growth_year": 18.32,
            "roe": 2.63,
            "gross_profit": 274138,
            "gross_margin": 14.32,
            "net_income": 186387,
            "revenue": 1914750,
            "common_shares": 4986527,
            "equity": 7122159,
            "current_ratio": 192.79,
            "debt_ratio": 43.54,
            "inventory_turnover_ratio": 1.23,
            "account_receivable_turnover_ratio": null,
            "reinvestment_rate": 43.78,
            "research_to_sale_ratio": null,
            "price_fair": 35,
            "eps_avg_yearly": 1,
            "eps_latest_yearly": 1.6,
            "eps_growth_yearly": 221.9
        },
        "20034": {
            "year_quarter": 20034,
            "year": 2003,
            "quarter": 4,
            "eps": 0.06,
            "eps_growth_year": -75,
            "eps_4q": 0.76,
            "eps_4q_growth_year": -22.5,
            "roe": 0.42,
            "gross_profit": 262877,
            "gross_margin": 11.94,
            "net_income": 30290,
            "revenue": 2202513,
            "common_shares": 4890946,
            "equity": 7165236,
            "current_ratio": 181.76,
            "debt_ratio": 48.12,
            "inventory_turnover_ratio": 1.43,
            "account_receivable_turnover_ratio": null,
            "reinvestment_rate": 39.77,
            "research_to_sale_ratio": null,
            "price_fair": 31.68,
            "eps_avg_yearly": 0.91,
            "eps_latest_yearly": 0.24,
            "eps_growth_yearly": 151.66
        },
        "20041": {
            "year_quarter": 20041,
            "year": 2004,
            "quarter": 1,
            "eps": 0.32,
            "eps_growth_year": 18.52,
            "eps_4q": 0.87,
            "eps_4q_growth_year": -16.43,
            "roe": 2.12,
            "gross_profit": 272577,
            "gross_margin": 12.62,
            "net_income": 150925,
            "revenue": 2159896,
            "common_shares": 4890947,
            "equity": 7084192,
            "current_ratio": 180.45,
            "debt_ratio": 48.66,
            "inventory_turnover_ratio": 1.31,
            "account_receivable_turnover_ratio": null,
            "reinvestment_rate": 36.64,
            "research_to_sale_ratio": null,
            "price_fair": 33.13,
            "eps_avg_yearly": 0.95,
            "eps_latest_yearly": 1.28,
            "eps_growth_yearly": 327.4
        },
        "20042": {
            "year_quarter": 20042,
            "year": 2004,
            "quarter": 2,
            "eps": 0.11,
            "eps_growth_year": 10,
            "eps_4q": 0.88,
            "eps_4q_growth_year": 12.21,
            "roe": 0.73,
            "gross_profit": 324537,
            "gross_margin": 13.24,
            "net_income": 52249,
            "revenue": 2451895,
            "common_shares": 4890946,
            "equity": 7134758,
            "current_ratio": 182.76,
            "debt_ratio": 48.11,
            "inventory_turnover_ratio": 1.4,
            "account_receivable_turnover_ratio": null,
            "reinvestment_rate": 35.39,
            "research_to_sale_ratio": null,
            "price_fair": 31.36,
            "eps_avg_yearly": 0.9,
            "eps_latest_yearly": 0.44,
            "eps_growth_yearly": 268.41
        },
        "20043": {
            "year_quarter": 20043,
            "year": 2004,
            "quarter": 3,
            "eps": 0.87,
            "eps_growth_year": 117.5,
            "eps_4q": 1.35,
            "eps_4q_growth_year": 36.12,
            "roe": 5.77,
            "gross_profit": 531633,
            "gross_margin": 19.36,
            "net_income": 424531,
            "revenue": 2745994,
            "common_shares": 4931675,
            "equity": 7592822,
            "current_ratio": 188.01,
            "debt_ratio": 46.73,
            "inventory_turnover_ratio": 1.53,
            "account_receivable_turnover_ratio": null,
            "reinvestment_rate": 29.34,
            "research_to_sale_ratio": null,
            "price_fair": 39.58,
            "eps_avg_yearly": 1.13,
            "eps_latest_yearly": 3.48,
            "eps_growth_yearly": 495.25
        },
        "20044": {
            "year_quarter": 20044,
            "year": 2004,
            "quarter": 4,
            "eps": 0.38,
            "eps_growth_year": 533.33,
            "eps_4q": 1.67,
            "eps_4q_growth_year": 119.68,
            "roe": 2.44,
            "gross_profit": 527274,
            "gross_margin": 19.6,
            "net_income": 184888,
            "revenue": 2690592,
            "common_shares": 4931675,
            "equity": 7556483,
            "current_ratio": 167.51,
            "debt_ratio": 55.95,
            "inventory_turnover_ratio": 1.1,
            "account_receivable_turnover_ratio": null,
            "reinvestment_rate": 30.81,
            "research_to_sale_ratio": null,
            "price_fair": 40.72,
            "eps_avg_yearly": 1.16,
            "eps_latest_yearly": 1.52,
            "eps_growth_yearly": 435.21
        },
        "20051": {
            "year_quarter": 20051,
            "year": 2005,
            "quarter": 1,
            "eps": 0.96,
            "eps_growth_year": 200,
            "eps_4q": 2.3,
            "eps_4q_growth_year": 162.36,
            "roe": 5.99,
            "gross_profit": 400782,
            "gross_margin": 13.96,
            "net_income": 475800,
            "revenue": 2871355,
            "common_shares": 4931675,
            "equity": 8320927,
            "current_ratio": 192.16,
            "debt_ratio": 39.59,
            "inventory_turnover_ratio": 1.27,
            "account_receivable_turnover_ratio": null,
            "reinvestment_rate": 24.24,
            "research_to_sale_ratio": null,
            "price_fair": 47.92,
            "eps_avg_yearly": 1.37,
            "eps_latest_yearly": 3.84,
            "eps_growth_yearly": 448.69
        },
        "20052": {
            "year_quarter": 20052,
            "year": 2005,
            "quarter": 2,
            "eps": 0.53,
            "eps_growth_year": 381.82,
            "eps_4q": 2.71,
            "eps_4q_growth_year": 207.09,
            "roe": 3.23,
            "gross_profit": 410973,
            "gross_margin": 14.41,
            "net_income": 263305,
            "revenue": 2852108,
            "common_shares": 4931675,
            "equity": 7979303,
            "current_ratio": 139.6,
            "debt_ratio": 45.34,
            "inventory_turnover_ratio": 1.54,
            "account_receivable_turnover_ratio": null,
            "reinvestment_rate": 25.12,
            "research_to_sale_ratio": null,
            "price_fair": 49.8,
            "eps_avg_yearly": 1.42,
            "eps_latest_yearly": 2.12,
            "eps_growth_yearly": 403.85
        },
        "20053": {
            "year_quarter": 20053,
            "year": 2005,
            "quarter": 3,
            "eps": 1.53,
            "eps_growth_year": 75.86,
            "eps_4q": 3.41,
            "eps_4q_growth_year": 152.83,
            "roe": 8.87,
            "gross_profit": 438466,
            "gross_margin": 14.07,
            "net_income": 752241,
            "revenue": 3116338,
            "common_shares": 4931675,
            "equity": 8990094,
            "current_ratio": 133.36,
            "debt_ratio": 43.01,
            "inventory_turnover_ratio": 1.36,
            "account_receivable_turnover_ratio": null,
            "reinvestment_rate": 20.07,
            "research_to_sale_ratio": null,
            "price_fair": 60.76,
            "eps_avg_yearly": 1.74,
            "eps_latest_yearly": 6.12,
            "eps_growth_yearly": 427.24
        },
        "20054": {
            "year_quarter": 20054,
            "year": 2005,
            "quarter": 4,
            "eps": 0.24,
            "eps_growth_year": -36.84,
            "eps_4q": 3.23,
            "eps_4q_growth_year": 93.2,
            "roe": 1.32,
            "gross_profit": 340669,
            "gross_margin": 11.23,
            "net_income": 119843,
            "revenue": 3032495,
            "common_shares": 4931675,
            "equity": 9126801,
            "current_ratio": 161.37,
            "debt_ratio": 55.08,
            "inventory_turnover_ratio": 1.1,
            "account_receivable_turnover_ratio": null,
            "reinvestment_rate": 49.22,
            "research_to_sale_ratio": null,
            "price_fair": 59.06,
            "eps_avg_yearly": 1.69,
            "eps_latest_yearly": 0.96,
            "eps_growth_yearly": 379.46
        },
        "20061": {
            "year_quarter": 20061,
            "year": 2006,
            "quarter": 1,
            "eps": 0.65,
            "eps_growth_year": -32.29,
            "eps_4q": 2.96,
            "eps_4q_growth_year": 28.99,
            "roe": 3.46,
            "gross_profit": 342979,
            "gross_margin": 11.9,
            "net_income": 319436,
            "revenue": 2881403,
            "common_shares": 4931675,
            "equity": 9322729,
            "current_ratio": 183.43,
            "debt_ratio": 42.69,
            "inventory_turnover_ratio": 1.03,
            "account_receivable_turnover_ratio": null,
            "reinvestment_rate": -12.55,
            "research_to_sale_ratio": null,
            "price_fair": 63,
            "eps_avg_yearly": 1.8,
            "eps_latest_yearly": 2.6,
            "eps_growth_yearly": 405.5
        },
        "20062": {
            "year_quarter": 20062,
            "year": 2006,
            "quarter": 2,
            "eps": 0.87,
            "eps_growth_year": 64.15,
            "eps_4q": 3.28,
            "eps_4q_growth_year": 20.9,
            "roe": 4.72,
            "gross_profit": 488469,
            "gross_margin": 13.64,
            "net_income": 429807,
            "revenue": 3581882,
            "common_shares": 4931675,
            "equity": 8899177,
            "current_ratio": 137.55,
            "debt_ratio": 47.66,
            "inventory_turnover_ratio": 1.38,
            "account_receivable_turnover_ratio": null,
            "reinvestment_rate": -9.09,
            "research_to_sale_ratio": null,
            "price_fair": 67.38,
            "eps_avg_yearly": 1.93,
            "eps_latest_yearly": 3.48,
            "eps_growth_yearly": 392.71
        },
        "20063": {
            "year_quarter": 20063,
            "year": 2006,
            "quarter": 3,
            "eps": 1.2,
            "eps_growth_year": -21.57,
            "eps_4q": 2.88,
            "eps_4q_growth_year": -15.4,
            "roe": 6.71,
            "gross_profit": 470150,
            "gross_margin": 12.97,
            "net_income": 619192,
            "revenue": 3624364,
            "common_shares": 5178259,
            "equity": 9548159,
            "current_ratio": 145.11,
            "debt_ratio": 44.53,
            "inventory_turnover_ratio": 1.34,
            "account_receivable_turnover_ratio": null,
            "reinvestment_rate": -5.77,
            "research_to_sale_ratio": null,
            "price_fair": 76.39,
            "eps_avg_yearly": 2.18,
            "eps_latest_yearly": 4.8,
            "eps_growth_yearly": 415.71
        },
        "20064": {
            "year_quarter": 20064,
            "year": 2006,
            "quarter": 4,
            "eps": 0.47,
            "eps_growth_year": 95.83,
            "eps_4q": 3.09,
            "eps_4q_growth_year": -4.21,
            "roe": 2.14,
            "gross_profit": 231490,
            "gross_margin": 6.14,
            "net_income": 245424,
            "revenue": 3771122,
            "common_shares": 5178259,
            "equity": 13353987,
            "current_ratio": 162.32,
            "debt_ratio": 51.64,
            "inventory_turnover_ratio": 1.06,
            "account_receivable_turnover_ratio": null,
            "reinvestment_rate": 61.7,
            "research_to_sale_ratio": null,
            "price_fair": 78.4,
            "eps_avg_yearly": 2.24,
            "eps_latest_yearly": 1.88,
            "eps_growth_yearly": 390.2
        },
        "20071": {
            "year_quarter": 20071,
            "year": 2007,
            "quarter": 1,
            "eps": 0.28,
            "eps_growth_year": -56.92,
            "eps_4q": 2.75,
            "eps_4q_growth_year": -7.15,
            "roe": 1.26,
            "gross_profit": 174866,
            "gross_margin": 4.84,
            "net_income": 146816,
            "revenue": 3614924,
            "common_shares": 5178259,
            "equity": 10013483,
            "current_ratio": 143.39,
            "debt_ratio": 44.7,
            "inventory_turnover_ratio": 1.06,
            "account_receivable_turnover_ratio": null,
            "reinvestment_rate": 3,
            "research_to_sale_ratio": null,
            "price_fair": 78.49,
            "eps_avg_yearly": 2.24,
            "eps_latest_yearly": 1.12,
            "eps_growth_yearly": 376.97
        },
        "20072": {
            "year_quarter": 20072,
            "year": 2007,
            "quarter": 2,
            "eps": 0.64,
            "eps_growth_year": -26.44,
            "eps_4q": 2.59,
            "eps_4q_growth_year": -21.07,
            "roe": 3.43,
            "gross_profit": 373939,
            "gross_margin": 8.59,
            "net_income": 331906,
            "revenue": 4351287,
            "common_shares": 5178259,
            "equity": 9334663,
            "current_ratio": 104.17,
            "debt_ratio": 47.87,
            "inventory_turnover_ratio": 2.04,
            "account_receivable_turnover_ratio": null,
            "reinvestment_rate": 4.03,
            "research_to_sale_ratio": null,
            "price_fair": 83.21,
            "eps_avg_yearly": 2.38,
            "eps_latest_yearly": 2.56,
            "eps_growth_yearly": 424.86
        },
        "20073": {
            "year_quarter": 20073,
            "year": 2007,
            "quarter": 3,
            "eps": 0.78,
            "eps_growth_year": -35,
            "eps_4q": 2.13,
            "eps_4q_growth_year": -26.09,
            "roe": 4.31,
            "gross_profit": 501541,
            "gross_margin": 12.72,
            "net_income": 417859,
            "revenue": 3941576,
            "common_shares": 5333607,
            "equity": 10068761,
            "current_ratio": 57.67,
            "debt_ratio": 52.67,
            "inventory_turnover_ratio": 1.98,
            "account_receivable_turnover_ratio": null,
            "reinvestment_rate": 4.82,
            "research_to_sale_ratio": null,
            "price_fair": 86.54,
            "eps_avg_yearly": 2.47,
            "eps_latest_yearly": 3.12,
            "eps_growth_yearly": 355.32
        },
        "20074": {
            "year_quarter": 20074,
            "year": 2007,
            "quarter": 4,
            "eps": 0.47,
            "eps_growth_year": 0,
            "eps_4q": 2.16,
            "eps_4q_growth_year": -29.96,
            "roe": 2.04,
            "gross_profit": 431742,
            "gross_margin": 10.3,
            "net_income": 248639,
            "revenue": 4189935,
            "common_shares": 5333607,
            "equity": 14302740,
            "current_ratio": 152.56,
            "debt_ratio": 55.81,
            "inventory_turnover_ratio": 1.26,
            "account_receivable_turnover_ratio": null,
            "reinvestment_rate": 96.07,
            "research_to_sale_ratio": null,
            "price_fair": 90.13,
            "eps_avg_yearly": 2.58,
            "eps_latest_yearly": 1.88,
            "eps_growth_yearly": 366.64
        },
        "20081": {
            "year_quarter": 20081,
            "year": 2008,
            "quarter": 1,
            "eps": 0.46,
            "eps_growth_year": 64.29,
            "eps_4q": 1.66,
            "eps_4q_growth_year": -39.64,
            "roe": 2.38,
            "gross_profit": 1058757,
            "gross_margin": 9.61,
            "net_income": 345331,
            "revenue": 11018436,
            "common_shares": 5333607,
            "equity": 14760877,
            "current_ratio": 167.3,
            "debt_ratio": 57.65,
            "inventory_turnover_ratio": 2.28,
            "account_receivable_turnover_ratio": null,
            "reinvestment_rate": 135.35,
            "research_to_sale_ratio": null,
            "price_fair": 91.35,
            "eps_avg_yearly": 2.61,
            "eps_latest_yearly": 1.84,
            "eps_growth_yearly": 257.77
        },
        "20082": {
            "year_quarter": 20082,
            "year": 2008,
            "quarter": 2,
            "eps": 1.21,
            "eps_growth_year": 89.06,
            "eps_4q": 2.79,
            "eps_4q_growth_year": 7.54,
            "roe": 4.8,
            "gross_profit": 1289931,
            "gross_margin": 9.24,
            "net_income": 702627,
            "revenue": 13966567,
            "common_shares": 6622948,
            "equity": 14521552,
            "current_ratio": 135.06,
            "debt_ratio": 59.88,
            "inventory_turnover_ratio": 2.76,
            "account_receivable_turnover_ratio": null,
            "reinvestment_rate": 142.9,
            "research_to_sale_ratio": null,
            "price_fair": 100.98,
            "eps_avg_yearly": 2.89,
            "eps_latest_yearly": 4.84,
            "eps_growth_yearly": 314.94
        },
        "20083": {
            "year_quarter": 20083,
            "year": 2008,
            "quarter": 3,
            "eps": 1.77,
            "eps_growth_year": 126.92,
            "eps_4q": 3.84,
            "eps_4q_growth_year": 80.12,
            "roe": 6.97,
            "gross_profit": 1231483,
            "gross_margin": 9.61,
            "net_income": 1047434,
            "revenue": 12814656,
            "common_shares": 6622948,
            "equity": 15530792,
            "current_ratio": 151.59,
            "debt_ratio": 55.05,
            "inventory_turnover_ratio": 2.22,
            "account_receivable_turnover_ratio": null,
            "reinvestment_rate": 144.34,
            "research_to_sale_ratio": null,
            "price_fair": 108.85,
            "eps_avg_yearly": 3.11,
            "eps_latest_yearly": 7.08,
            "eps_growth_yearly": 153.78
        },
        "20084": {
            "year_quarter": 20084,
            "year": 2008,
            "quarter": 4,
            "eps": -0.42,
            "eps_growth_year": -189.36,
            "eps_4q": 2.96,
            "eps_4q_growth_year": 36.62,
            "roe": -2.43,
            "gross_profit": -390216,
            "gross_margin": -4.8,
            "net_income": -375512,
            "revenue": 8132694,
            "common_shares": 6622948,
            "equity": 15415552,
            "current_ratio": 140.33,
            "debt_ratio": 55.27,
            "inventory_turnover_ratio": 1.81,
            "account_receivable_turnover_ratio": 8.02,
            "reinvestment_rate": 144.67,
            "research_to_sale_ratio": null,
            "price_fair": 112.56,
            "eps_avg_yearly": 3.22,
            "eps_latest_yearly": 7.08,
            "eps_growth_yearly": 179.06
        },
        "20091": {
            "year_quarter": 20091,
            "year": 2009,
            "quarter": 1,
            "eps": 0.8,
            "eps_growth_year": 73.91,
            "eps_4q": 3.31,
            "eps_4q_growth_year": 99.45,
            "roe": 3.07,
            "gross_profit": 838004,
            "gross_margin": 11.69,
            "net_income": 490693,
            "revenue": 7168699,
            "common_shares": 6622948,
            "equity": 16521774,
            "current_ratio": 141.58,
            "debt_ratio": 51.84,
            "inventory_turnover_ratio": 1.97,
            "account_receivable_turnover_ratio": 3.6,
            "reinvestment_rate": 192.29,
            "research_to_sale_ratio": null,
            "price_fair": 111,
            "eps_avg_yearly": 3.17,
            "eps_latest_yearly": 7.08,
            "eps_growth_yearly": 148.24
        },
        "20092": {
            "year_quarter": 20092,
            "year": 2009,
            "quarter": 2,
            "eps": 1.82,
            "eps_growth_year": 50.41,
            "eps_4q": 3.73,
            "eps_4q_growth_year": 33.77,
            "roe": 7.58,
            "gross_profit": 1920953,
            "gross_margin": 19.81,
            "net_income": 1258326,
            "revenue": 9696781,
            "common_shares": 6622948,
            "equity": 16678776,
            "current_ratio": 131.74,
            "debt_ratio": 55.73,
            "inventory_turnover_ratio": 2.69,
            "account_receivable_turnover_ratio": 4.41,
            "reinvestment_rate": 200.51,
            "research_to_sale_ratio": null,
            "price_fair": 123.9,
            "eps_avg_yearly": 3.54,
            "eps_latest_yearly": 7.28,
            "eps_growth_yearly": 197.46
        },
        "20093": {
            "year_quarter": 20093,
            "year": 2009,
            "quarter": 3,
            "eps": 1.15,
            "eps_growth_year": -35.03,
            "eps_4q": 3.38,
            "eps_4q_growth_year": -12.01,
            "roe": 4.46,
            "gross_profit": 1577899,
            "gross_margin": 15.71,
            "net_income": 780812,
            "revenue": 10042055,
            "common_shares": 7105344,
            "equity": 18297954,
            "current_ratio": 123.14,
            "debt_ratio": 54.05,
            "inventory_turnover_ratio": 2.77,
            "account_receivable_turnover_ratio": 4.31,
            "reinvestment_rate": 244.51,
            "research_to_sale_ratio": null,
            "price_fair": 120.1,
            "eps_avg_yearly": 3.43,
            "eps_latest_yearly": 4.6,
            "eps_growth_yearly": 133.04
        },
        "20094": {
            "year_quarter": 20094,
            "year": 2009,
            "quarter": 4,
            "eps": 0.57,
            "eps_growth_year": null,
            "eps_4q": 4.26,
            "eps_4q_growth_year": 44.01,
            "roe": 1.83,
            "gross_profit": 643279,
            "gross_margin": 7.2,
            "net_income": 338012,
            "revenue": 8929548,
            "common_shares": 7105344,
            "equity": 18723984,
            "current_ratio": 103.28,
            "debt_ratio": 57.38,
            "inventory_turnover_ratio": 2.53,
            "account_receivable_turnover_ratio": 7.75,
            "reinvestment_rate": 299.87,
            "research_to_sale_ratio": null,
            "price_fair": 123.4,
            "eps_avg_yearly": 3.53,
            "eps_latest_yearly": 2.28,
            "eps_growth_yearly": 142.72
        },
        "20101": {
            "year_quarter": 20101,
            "year": 2010,
            "quarter": 1,
            "eps": 1.04,
            "eps_growth_year": 30,
            "eps_4q": 4.53,
            "eps_4q_growth_year": 36.77,
            "roe": 3.91,
            "gross_profit": 1265530,
            "gross_margin": 11.86,
            "net_income": 750003,
            "revenue": 10674048,
            "common_shares": 7105344,
            "equity": 19643301,
            "current_ratio": 103.45,
            "debt_ratio": 57.47,
            "inventory_turnover_ratio": 2.46,
            "account_receivable_turnover_ratio": 4.11,
            "reinvestment_rate": 321.44,
            "research_to_sale_ratio": 0.84,
            "price_fair": 127.3,
            "eps_avg_yearly": 3.64,
            "eps_latest_yearly": 4.16,
            "eps_growth_yearly": 117.46
        },
        "20102": {
            "year_quarter": 20102,
            "year": 2010,
            "quarter": 2,
            "eps": 0.98,
            "eps_growth_year": -46.3,
            "eps_4q": 3.71,
            "eps_4q_growth_year": -0.45,
            "roe": 3.37,
            "gross_profit": 1508794,
            "gross_margin": 12.84,
            "net_income": 649018,
            "revenue": 11750002,
            "common_shares": 7105344,
            "equity": 18821461,
            "current_ratio": 83.18,
            "debt_ratio": 59.83,
            "inventory_turnover_ratio": 2.24,
            "account_receivable_turnover_ratio": 3.92,
            "reinvestment_rate": 322.89,
            "research_to_sale_ratio": -0.12,
            "price_fair": 128.4,
            "eps_avg_yearly": 3.67,
            "eps_latest_yearly": 3.92,
            "eps_growth_yearly": 106.15
        },
        "20103": {
            "year_quarter": 20103,
            "year": 2010,
            "quarter": 3,
            "eps": 1.53,
            "eps_growth_year": 32.67,
            "eps_4q": 4.1,
            "eps_4q_growth_year": 21.44,
            "roe": 5.78,
            "gross_profit": 1402396,
            "gross_margin": 13.06,
            "net_income": 1112197,
            "revenue": 10742142,
            "common_shares": 7105344,
            "equity": 19663355,
            "current_ratio": 89.4,
            "debt_ratio": 58.47,
            "inventory_turnover_ratio": 1.98,
            "account_receivable_turnover_ratio": 3.72,
            "reinvestment_rate": 309.89,
            "research_to_sale_ratio": 0.43,
            "price_fair": 131.7,
            "eps_avg_yearly": 3.76,
            "eps_latest_yearly": 6.12,
            "eps_growth_yearly": 111.34
        },
        "20104": {
            "year_quarter": 20104,
            "year": 2010,
            "quarter": 4,
            "eps": 0.97,
            "eps_growth_year": 70.92,
            "eps_4q": 4.51,
            "eps_4q_growth_year": 5.94,
            "roe": 3.41,
            "gross_profit": 1337240,
            "gross_margin": 11.74,
            "net_income": 686375,
            "revenue": 11388814,
            "common_shares": 7105344,
            "equity": 20556165,
            "current_ratio": 102.43,
            "debt_ratio": 58.28,
            "inventory_turnover_ratio": 2.17,
            "account_receivable_turnover_ratio": 3.8,
            "reinvestment_rate": 249.45,
            "research_to_sale_ratio": 1.36,
            "price_fair": 136.7,
            "eps_avg_yearly": 3.91,
            "eps_latest_yearly": 3.88,
            "eps_growth_yearly": 118.27
        },
        "20111": {
            "year_quarter": 20111,
            "year": 2011,
            "quarter": 1,
            "eps": 1.6,
            "eps_growth_year": 53.85,
            "eps_4q": 4.85,
            "eps_4q_growth_year": 7.14,
            "roe": 4.94,
            "gross_profit": 1236384,
            "gross_margin": 9.89,
            "net_income": 1103217,
            "revenue": 12503849,
            "common_shares": 7505344,
            "equity": 24101890,
            "current_ratio": 123.61,
            "debt_ratio": 53.57,
            "inventory_turnover_ratio": 2.18,
            "account_receivable_turnover_ratio": 3.41,
            "reinvestment_rate": 267.66,
            "research_to_sale_ratio": 0.67,
            "price_fair": 149.9,
            "eps_avg_yearly": 4.28,
            "eps_latest_yearly": 6.4,
            "eps_growth_yearly": 148.37
        },
        "20112": {
            "year_quarter": 20112,
            "year": 2011,
            "quarter": 2,
            "eps": 0.83,
            "eps_growth_year": -15.31,
            "eps_4q": 4.75,
            "eps_4q_growth_year": 28.11,
            "roe": 2.24,
            "gross_profit": 1297591,
            "gross_margin": 9.46,
            "net_income": 518632,
            "revenue": 13715139,
            "common_shares": 7505344,
            "equity": 22109130,
            "current_ratio": 94.75,
            "debt_ratio": 58.2,
            "inventory_turnover_ratio": 2.07,
            "account_receivable_turnover_ratio": 3.21,
            "reinvestment_rate": 267.24,
            "research_to_sale_ratio": 0.07,
            "price_fair": 151.8,
            "eps_avg_yearly": 4.34,
            "eps_latest_yearly": 3.32,
            "eps_growth_yearly": 97.89
        },
        "20113": {
            "year_quarter": 20113,
            "year": 2011,
            "quarter": 3,
            "eps": 0.98,
            "eps_growth_year": -35.75,
            "eps_4q": 4.26,
            "eps_4q_growth_year": 3.9,
            "roe": 2.59,
            "gross_profit": 990159,
            "gross_margin": 7.18,
            "net_income": 606608,
            "revenue": 13792166,
            "common_shares": 7505344,
            "equity": 24744183,
            "current_ratio": 102.37,
            "debt_ratio": 57.95,
            "inventory_turnover_ratio": 2.11,
            "account_receivable_turnover_ratio": 2.92,
            "reinvestment_rate": 273.53,
            "research_to_sale_ratio": 1.49,
            "price_fair": 153.8,
            "eps_avg_yearly": 4.39,
            "eps_latest_yearly": 3.92,
            "eps_growth_yearly": 96.8
        },
        "20114": {
            "year_quarter": 20114,
            "year": 2011,
            "quarter": 4,
            "eps": -0.01,
            "eps_growth_year": -100.65,
            "eps_4q": 3.09,
            "eps_4q_growth_year": -31.45,
            "roe": -1.65,
            "gross_profit": -214328,
            "gross_margin": -1.85,
            "net_income": -420945,
            "revenue": 11588156,
            "common_shares": 8032424,
            "equity": 26372371,
            "current_ratio": 118.27,
            "debt_ratio": 54.48,
            "inventory_turnover_ratio": 1.97,
            "account_receivable_turnover_ratio": 2.62,
            "reinvestment_rate": 224.36,
            "research_to_sale_ratio": 0.73,
            "price_fair": 160.57,
            "eps_avg_yearly": 4.59,
            "eps_latest_yearly": 3.92,
            "eps_growth_yearly": 116.48
        },
        "20121": {
            "year_quarter": 20121,
            "year": 2012,
            "quarter": 1,
            "eps": 0.5,
            "eps_growth_year": -68.75,
            "eps_4q": 2.17,
            "eps_4q_growth_year": -55.34,
            "roe": 0.49,
            "gross_profit": 686877,
            "gross_margin": 5.47,
            "net_income": 129786,
            "revenue": 12563719,
            "common_shares": 8032424,
            "equity": 26264042,
            "current_ratio": 118.22,
            "debt_ratio": 53.92,
            "inventory_turnover_ratio": 1.94,
            "account_receivable_turnover_ratio": 2.85,
            "reinvestment_rate": 213.64,
            "research_to_sale_ratio": 0.58,
            "price_fair": 168.58,
            "eps_avg_yearly": 4.82,
            "eps_latest_yearly": 3.92,
            "eps_growth_yearly": 126.89
        },
        "20122": {
            "year_quarter": 20122,
            "year": 2012,
            "quarter": 2,
            "eps": 0.07,
            "eps_growth_year": -91.04,
            "eps_4q": 1.48,
            "eps_4q_growth_year": -68.86,
            "roe": -1.12,
            "gross_profit": 336658,
            "gross_margin": 2.8,
            "net_income": -281006,
            "revenue": 12011238,
            "common_shares": 8032424,
            "equity": 24023322,
            "current_ratio": 125.34,
            "debt_ratio": 59.81,
            "inventory_turnover_ratio": 1.92,
            "account_receivable_turnover_ratio": 2.49,
            "reinvestment_rate": 220.85,
            "research_to_sale_ratio": 0.63,
            "price_fair": 155.28,
            "eps_avg_yearly": 4.44,
            "eps_latest_yearly": 0.28,
            "eps_growth_yearly": 43.88
        },
        "20123": {
            "year_quarter": 20123,
            "year": 2012,
            "quarter": 3,
            "eps": 0.16,
            "eps_growth_year": -83.85,
            "eps_4q": 0.73,
            "eps_4q_growth_year": -82.85,
            "roe": -1.07,
            "gross_profit": 403794,
            "gross_margin": 3.18,
            "net_income": -255378,
            "revenue": 12692283,
            "common_shares": 8032424,
            "equity": 23602049,
            "current_ratio": 159.81,
            "debt_ratio": 60.04,
            "inventory_turnover_ratio": 2.08,
            "account_receivable_turnover_ratio": 2.69,
            "reinvestment_rate": 230.19,
            "research_to_sale_ratio": 0.58,
            "price_fair": 136.5,
            "eps_avg_yearly": 3.9,
            "eps_latest_yearly": 0.64,
            "eps_growth_yearly": 71.31
        },
        "20124": {
            "year_quarter": 20124,
            "year": 2012,
            "quarter": 4,
            "eps": 0.02,
            "eps_growth_year": null,
            "eps_4q": 0.72,
            "eps_4q_growth_year": -76.84,
            "roe": -2.36,
            "gross_profit": 519979,
            "gross_margin": 4.16,
            "net_income": -571231,
            "revenue": 12490117,
            "common_shares": 8532424,
            "equity": 24714620,
            "current_ratio": 115.9,
            "debt_ratio": 58.65,
            "inventory_turnover_ratio": 2.08,
            "account_receivable_turnover_ratio": 2.76,
            "reinvestment_rate": 199.55,
            "research_to_sale_ratio": 0.65,
            "price_fair": 126.22,
            "eps_avg_yearly": 3.61,
            "eps_latest_yearly": 0.08,
            "eps_growth_yearly": 38.9
        },
        "20131": {
            "year_quarter": 20131,
            "year": 2013,
            "quarter": 1,
            "eps": 0.63,
            "eps_growth_year": 26,
            "eps_4q": 0.87,
            "eps_4q_growth_year": -59.69,
            "roe": 1.33,
            "gross_profit": 830372,
            "gross_margin": 6.46,
            "net_income": 334583,
            "revenue": 12855808,
            "common_shares": 8532424,
            "equity": 25474362,
            "current_ratio": 120.3,
            "debt_ratio": 58.19,
            "inventory_turnover_ratio": 2.12,
            "account_receivable_turnover_ratio": 2.92,
            "reinvestment_rate": 191.15,
            "research_to_sale_ratio": 0.59,
            "price_fair": 123.5,
            "eps_avg_yearly": 3.53,
            "eps_latest_yearly": 2.52,
            "eps_growth_yearly": 907.55
        },
        "20132": {
            "year_quarter": 20132,
            "year": 2013,
            "quarter": 2,
            "eps": -0.18,
            "eps_growth_year": -342.66,
            "eps_4q": 0.63,
            "eps_4q_growth_year": -57.58,
            "roe": -2.65,
            "gross_profit": 690328,
            "gross_margin": 5.56,
            "net_income": -659858,
            "revenue": 12406939,
            "common_shares": 8532424,
            "equity": 24349301,
            "current_ratio": 177.35,
            "debt_ratio": 59.76,
            "inventory_turnover_ratio": 2.08,
            "account_receivable_turnover_ratio": 2.84,
            "reinvestment_rate": 179.45,
            "research_to_sale_ratio": 0.54,
            "price_fair": 113.4,
            "eps_avg_yearly": 3.24,
            "eps_latest_yearly": 2.52,
            "eps_growth_yearly": 938.13
        },
        "20133": {
            "year_quarter": 20133,
            "year": 2013,
            "quarter": 3,
            "eps": 0.18,
            "eps_growth_year": 13.68,
            "eps_4q": 0.66,
            "eps_4q_growth_year": -9.3,
            "roe": -0.31,
            "gross_profit": 396193,
            "gross_margin": 3.25,
            "net_income": -74280,
            "revenue": 12194579,
            "common_shares": 8532424,
            "equity": 24100114,
            "current_ratio": 187.11,
            "debt_ratio": 58.63,
            "inventory_turnover_ratio": 2.11,
            "account_receivable_turnover_ratio": 2.79,
            "reinvestment_rate": 142.53,
            "research_to_sale_ratio": 0.61,
            "price_fair": 109.43,
            "eps_avg_yearly": 3.13,
            "eps_latest_yearly": 2.52,
            "eps_growth_yearly": 1028.58
        },
        "20134": {
            "year_quarter": 20134,
            "year": 2013,
            "quarter": 4,
            "eps": -0.9,
            "eps_growth_year": -4138.21,
            "eps_4q": -0.26,
            "eps_4q_growth_year": -136.79,
            "roe": -5.73,
            "gross_profit": 137816,
            "gross_margin": 1.11,
            "net_income": -1345999,
            "revenue": 12381536,
            "common_shares": 8532424,
            "equity": 22921039,
            "current_ratio": 155.03,
            "debt_ratio": 60.73,
            "inventory_turnover_ratio": 2.08,
            "account_receivable_turnover_ratio": 2.81,
            "reinvestment_rate": 34.69,
            "research_to_sale_ratio": 0.76,
            "price_fair": 112.13,
            "eps_avg_yearly": 3.2,
            "eps_latest_yearly": 2.52,
            "eps_growth_yearly": 1140.43
        },
        "20141": {
            "year_quarter": 20141,
            "year": 2014,
            "quarter": 1,
            "eps": -0.27,
            "eps_growth_year": -142.86,
            "eps_4q": -1.16,
            "eps_4q_growth_year": -233.42,
            "roe": -2,
            "gross_profit": 157129,
            "gross_margin": 1.35,
            "net_income": -456572,
            "revenue": 11619627,
            "common_shares": 8532424,
            "equity": 22778240,
            "current_ratio": 155.12,
            "debt_ratio": 60.54,
            "inventory_turnover_ratio": 1.74,
            "account_receivable_turnover_ratio": 2.83,
            "reinvestment_rate": 22.29,
            "research_to_sale_ratio": 0.59,
            "price_fair": 108.78,
            "eps_avg_yearly": 3.11,
            "eps_latest_yearly": 2.52,
            "eps_growth_yearly": 1221.49
        },
        "20142": {
            "year_quarter": 20142,
            "year": 2014,
            "quarter": 2,
            "eps": -8.93,
            "eps_growth_year": null,
            "eps_4q": -9.92,
            "eps_4q_growth_year": -1680.05,
            "roe": -65.4,
            "gross_profit": 3021,
            "gross_margin": 0.02,
            "net_income": -11062251,
            "revenue": 12536060,
            "common_shares": 8532424,
            "equity": 11049685,
            "current_ratio": 99.36,
            "debt_ratio": 76.28,
            "inventory_turnover_ratio": 1.84,
            "account_receivable_turnover_ratio": 3.19,
            "reinvestment_rate": null,
            "research_to_sale_ratio": 0.68,
            "price_fair": 105.62,
            "eps_avg_yearly": 3.02,
            "eps_latest_yearly": 2.52,
            "eps_growth_yearly": 1359.77
        },
        "20143": {
            "year_quarter": 20143,
            "year": 2014,
            "quarter": 3,
            "eps": -0.01,
            "eps_growth_year": -105.56,
            "eps_4q": -10.11,
            "eps_4q_growth_year": -1624.67,
            "roe": -8.51,
            "gross_profit": 431484,
            "gross_margin": 4.24,
            "net_income": -913606,
            "revenue": 10178823,
            "common_shares": 8529594,
            "equity": 10419973,
            "current_ratio": 91.52,
            "debt_ratio": 74.38,
            "inventory_turnover_ratio": 1.52,
            "account_receivable_turnover_ratio": 2.73,
            "reinvestment_rate": null,
            "research_to_sale_ratio": 0.92,
            "price_fair": 92.05,
            "eps_avg_yearly": 2.63,
            "eps_latest_yearly": 2.52,
            "eps_growth_yearly": 1501.68
        },
        "20144": {
            "year_quarter": 20144,
            "year": 2014,
            "quarter": 4,
            "eps": -0.56,
            "eps_growth_year": null,
            "eps_4q": -9.76,
            "eps_4q_growth_year": null,
            "roe": -7,
            "gross_profit": 308119,
            "gross_margin": 4.03,
            "net_income": -726460,
            "revenue": 7645715,
            "common_shares": 8529594,
            "equity": 10331680,
            "current_ratio": 89.97,
            "debt_ratio": 73.37,
            "inventory_turnover_ratio": 1.19,
            "account_receivable_turnover_ratio": 2.38,
            "reinvestment_rate": null,
            "research_to_sale_ratio": 0.84,
            "price_fair": 85.8,
            "eps_avg_yearly": 2.45,
            "eps_latest_yearly": 2.52,
            "eps_growth_yearly": 1737.12
        },
        "20151": {
            "year_quarter": 20151,
            "year": 2015,
            "quarter": 1,
            "eps": 0.38,
            "eps_growth_year": null,
            "eps_4q": -9.11,
            "eps_4q_growth_year": null,
            "roe": 1.9,
            "gross_profit": 405013,
            "gross_margin": 5.41,
            "net_income": 197016,
            "revenue": 7490076,
            "common_shares": 8529594,
            "equity": 10356810,
            "current_ratio": 92.47,
            "debt_ratio": 73.43,
            "inventory_turnover_ratio": 1.24,
            "account_receivable_turnover_ratio": 2.42,
            "reinvestment_rate": null,
            "research_to_sale_ratio": 0.85,
            "price_fair": 62.77,
            "eps_avg_yearly": 1.79,
            "eps_latest_yearly": 2.52,
            "eps_growth_yearly": 1983.35
        },
        "20152": {
            "year_quarter": 20152,
            "year": 2015,
            "quarter": 2,
            "eps": 0.7,
            "eps_growth_year": null,
            "eps_4q": 0.51,
            "eps_4q_growth_year": null,
            "roe": 4.93,
            "gross_profit": 1205127,
            "gross_margin": 13.24,
            "net_income": 513103,
            "revenue": 9101992,
            "common_shares": 8529594,
            "equity": 10460344,
            "current_ratio": 94.27,
            "debt_ratio": 73.14,
            "inventory_turnover_ratio": 1.51,
            "account_receivable_turnover_ratio": 2.9,
            "reinvestment_rate": null,
            "research_to_sale_ratio": -0.25,
            "price_fair": 59.73,
            "eps_avg_yearly": 1.71,
            "eps_latest_yearly": 2.8,
            "eps_growth_yearly": 2071.57
        },
        "20153": {
            "year_quarter": 20153,
            "year": 2015,
            "quarter": 3,
            "eps": 9.08,
            "eps_growth_year": null,
            "eps_4q": 9.6,
            "eps_4q_growth_year": null,
            "roe": 45.72,
            "gross_profit": 1547568,
            "gross_margin": 15.38,
            "net_income": 7743772,
            "revenue": 10059033,
            "common_shares": 8529594,
            "equity": 23415998,
            "current_ratio": 264.66,
            "debt_ratio": 38.1,
            "inventory_turnover_ratio": 1.67,
            "account_receivable_turnover_ratio": 3.06,
            "reinvestment_rate": -2358.55,
            "research_to_sale_ratio": 0.69,
            "price_fair": 248.73,
            "eps_avg_yearly": 7.11,
            "eps_latest_yearly": 36.32,
            "eps_growth_yearly": 2857.62
        },
        "20154": {
            "year_quarter": 20154,
            "year": 2015,
            "quarter": 4,
            "eps": 1.54,
            "eps_growth_year": null,
            "eps_4q": 11.69,
            "eps_4q_growth_year": null,
            "roe": 5.46,
            "gross_profit": 1936925,
            "gross_margin": 20.8,
            "net_income": 1310592,
            "revenue": 9313946,
            "common_shares": 8529594,
            "equity": 24592632,
            "current_ratio": 292.39,
            "debt_ratio": 34.51,
            "inventory_turnover_ratio": 1.48,
            "account_receivable_turnover_ratio": 2.96,
            "reinvestment_rate": -852.58,
            "research_to_sale_ratio": 0.91,
            "price_fair": 244,
            "eps_avg_yearly": 6.97,
            "eps_latest_yearly": 6.16,
            "eps_growth_yearly": 2401.93
        },
        "20161": {
            "year_quarter": 20161,
            "year": 2016,
            "quarter": 1,
            "eps": 0.99,
            "eps_growth_year": 160.53,
            "eps_4q": 12.3,
            "eps_4q_growth_year": null,
            "roe": 3.39,
            "gross_profit": 1609697,
            "gross_margin": 17.71,
            "net_income": 842528,
            "revenue": 9088926,
            "common_shares": 8529594,
            "equity": 25116746,
            "current_ratio": 266.25,
            "debt_ratio": 36.2,
            "inventory_turnover_ratio": 1.54,
            "account_receivable_turnover_ratio": 3.11,
            "reinvestment_rate": -717.88,
            "research_to_sale_ratio": 0.86,
            "price_fair": 230.83,
            "eps_avg_yearly": 6.6,
            "eps_latest_yearly": 3.96,
            "eps_growth_yearly": 2083.84
        },
        "20162": {
            "year_quarter": 20162,
            "year": 2016,
            "quarter": 2,
            "eps": 1.26,
            "eps_growth_year": 80,
            "eps_4q": 12.82,
            "eps_4q_growth_year": 2408.21,
            "roe": 4.34,
            "gross_profit": 1964600,
            "gross_margin": 19.78,
            "net_income": 1084007,
            "revenue": 9934568,
            "common_shares": 8560094,
            "equity": 24837593,
            "current_ratio": 267.46,
            "debt_ratio": 34.96,
            "inventory_turnover_ratio": 1.61,
            "account_receivable_turnover_ratio": 3.07,
            "reinvestment_rate": -527.12,
            "research_to_sale_ratio": 0.86,
            "price_fair": 251.65,
            "eps_avg_yearly": 7.19,
            "eps_latest_yearly": 5.04,
            "eps_growth_yearly": 2140.47
        },
        "20163": {
            "year_quarter": 20163,
            "year": 2016,
            "quarter": 3,
            "eps": 1.1,
            "eps_growth_year": -87.89,
            "eps_4q": 4.87,
            "eps_4q_growth_year": -49.26,
            "roe": 3.74,
            "gross_profit": 1725286,
            "gross_margin": 17.33,
            "net_income": 937814,
            "revenue": 9955844,
            "common_shares": 8560094,
            "equity": 25278220,
            "current_ratio": 283.73,
            "debt_ratio": 32.87,
            "inventory_turnover_ratio": 1.63,
            "account_receivable_turnover_ratio": 2.97,
            "reinvestment_rate": -439.12,
            "research_to_sale_ratio": 0.8,
            "price_fair": 268.1,
            "eps_avg_yearly": 7.66,
            "eps_latest_yearly": 4.4,
            "eps_growth_yearly": 2069.84
        },
        "20164": {
            "year_quarter": 20164,
            "year": 2016,
            "quarter": 4,
            "eps": 1.3,
            "eps_growth_year": -15.5,
            "eps_4q": 4.64,
            "eps_4q_growth_year": -60.36,
            "roe": 4.34,
            "gross_profit": 1651020,
            "gross_margin": 14.87,
            "net_income": 1129511,
            "revenue": 11100846,
            "common_shares": 8560094,
            "equity": 26785643,
            "current_ratio": 281.61,
            "debt_ratio": 35.43,
            "inventory_turnover_ratio": 1.94,
            "account_receivable_turnover_ratio": 3.16,
            "reinvestment_rate": -328.96,
            "research_to_sale_ratio": 0.93,
            "price_fair": 290.5,
            "eps_avg_yearly": 8.3,
            "eps_latest_yearly": 5.2,
            "eps_growth_yearly": 2122.68
        },
        "20171": {
            "year_quarter": 20171,
            "year": 2017,
            "quarter": 1,
            "eps": 0.99,
            "eps_growth_year": 0,
            "eps_4q": 4.64,
            "eps_4q_growth_year": -62.32,
            "roe": 3.2,
            "gross_profit": 1697214,
            "gross_margin": 15.25,
            "net_income": 854507,
            "revenue": 11127126,
            "common_shares": 8560094,
            "equity": 26605816,
            "current_ratio": 300.97,
            "debt_ratio": 33.98,
            "inventory_turnover_ratio": 1.77,
            "account_receivable_turnover_ratio": 2.94,
            "reinvestment_rate": -328.14,
            "research_to_sale_ratio": 0.88,
            "price_fair": 296.8,
            "eps_avg_yearly": 8.48,
            "eps_latest_yearly": 3.96,
            "eps_growth_yearly": 585.75
        },
        "20172": {
            "year_quarter": 20172,
            "year": 2017,
            "quarter": 2,
            "eps": 1.09,
            "eps_growth_year": -13.49,
            "eps_4q": 4.46,
            "eps_4q_growth_year": -65.23,
            "roe": 3.57,
            "gross_profit": 1545687,
            "gross_margin": 13.85,
            "net_income": 938345,
            "revenue": 11162844,
            "common_shares": 8554324,
            "equity": 25921694,
            "current_ratio": 257.53,
            "debt_ratio": 39.8,
            "inventory_turnover_ratio": 1.71,
            "account_receivable_turnover_ratio": 2.82,
            "reinvestment_rate": -258.56,
            "research_to_sale_ratio": 0.84,
            "price_fair": 280.78,
            "eps_avg_yearly": 8.02,
            "eps_latest_yearly": 4.36,
            "eps_growth_yearly": 525.16
        },
        "20173": {
            "year_quarter": 20173,
            "year": 2017,
            "quarter": 3,
            "eps": 1.25,
            "eps_growth_year": 13.64,
            "eps_4q": 4.62,
            "eps_4q_growth_year": -5.18,
            "roe": 4.15,
            "gross_profit": 1977773,
            "gross_margin": 16.7,
            "net_income": 1098716,
            "revenue": 11840809,
            "common_shares": 8554324,
            "equity": 26996960,
            "current_ratio": 274.69,
            "debt_ratio": 41.08,
            "inventory_turnover_ratio": 1.9,
            "account_receivable_turnover_ratio": 2.88,
            "reinvestment_rate": -206.14,
            "research_to_sale_ratio": 0.9,
            "price_fair": 270.2,
            "eps_avg_yearly": 7.72,
            "eps_latest_yearly": 5,
            "eps_growth_yearly": 478.52
        },
        "20174": {
            "year_quarter": 20174,
            "year": 2017,
            "quarter": 4,
            "eps": 0.87,
            "eps_growth_year": -32.94,
            "eps_4q": 4.19,
            "eps_4q_growth_year": -9.66,
            "roe": 2.86,
            "gross_profit": 2011297,
            "gross_margin": 17.97,
            "net_income": 781095,
            "revenue": 11189511,
            "common_shares": 8554324,
            "equity": 27689590,
            "current_ratio": 279.81,
            "debt_ratio": 41.41,
            "inventory_turnover_ratio": 1.71,
            "account_receivable_turnover_ratio": 2.76,
            "reinvestment_rate": -155.58,
            "research_to_sale_ratio": 1.07,
            "price_fair": 256.71,
            "eps_avg_yearly": 7.33,
            "eps_latest_yearly": 3.48,
            "eps_growth_yearly": 423.96
        },
        "20181": {
            "year_quarter": 20181,
            "year": 2018,
            "quarter": 1,
            "eps": 1.11,
            "eps_growth_year": 12.12,
            "eps_4q": 4.32,
            "eps_4q_growth_year": -6.84,
            "roe": 3.32,
            "gross_profit": 1752262,
            "gross_margin": 14.9,
            "net_income": 977797,
            "revenue": 11756725,
            "common_shares": 8554324,
            "equity": 31146059,
            "current_ratio": 270.83,
            "debt_ratio": 39.68,
            "inventory_turnover_ratio": 1.68,
            "account_receivable_turnover_ratio": 3.02,
            "reinvestment_rate": -152.3,
            "research_to_sale_ratio": 0.89,
            "price_fair": 248.27,
            "eps_avg_yearly": 7.09,
            "eps_latest_yearly": 4.44,
            "eps_growth_yearly": 397.83
        },
        "20182": {
            "year_quarter": 20182,
            "year": 2018,
            "quarter": 2,
            "eps": 0.67,
            "eps_growth_year": -38.53,
            "eps_4q": 3.91,
            "eps_4q_growth_year": -12.34,
            "roe": 1.89,
            "gross_profit": 1809955,
            "gross_margin": 14.21,
            "net_income": 587846,
            "revenue": 12734347,
            "common_shares": 8544034,
            "equity": 30991545,
            "current_ratio": 228.68,
            "debt_ratio": 43.2,
            "inventory_turnover_ratio": 1.75,
            "account_receivable_turnover_ratio": 3.12,
            "reinvestment_rate": -27.73,
            "research_to_sale_ratio": 0.83,
            "price_fair": 236.38,
            "eps_avg_yearly": 6.75,
            "eps_latest_yearly": 2.68,
            "eps_growth_yearly": 355.03
        },
        "20183": {
            "year_quarter": 20183,
            "year": 2018,
            "quarter": 3,
            "eps": 1.04,
            "eps_growth_year": -16.8,
            "eps_4q": 3.7,
            "eps_4q_growth_year": -19.81,
            "roe": 2.9,
            "gross_profit": 1791849,
            "gross_margin": 13.41,
            "net_income": 916462,
            "revenue": 13366207,
            "common_shares": 8544034,
            "equity": 32176898,
            "current_ratio": 248.48,
            "debt_ratio": 40.33,
            "inventory_turnover_ratio": 1.75,
            "account_receivable_turnover_ratio": 2.89,
            "reinvestment_rate": -19.79,
            "research_to_sale_ratio": 0.93,
            "price_fair": 229.9,
            "eps_avg_yearly": 6.57,
            "eps_latest_yearly": 4.16,
            "eps_growth_yearly": 345.45
        }
    },
    "months": {
        "2001-06": {
            "month": "2001-06",
            "price": "9.07",
            "revenue": 642129
        },
        "2001-07": {
            "month": "2001-07",
            "price": "8.09",
            "revenue": 527094
        },
        "2001-08": {
            "month": "2001-08",
            "price": "8.94",
            "revenue": 616003
        },
        "2001-09": {
            "month": "2001-09",
            "price": "8.19",
            "revenue": 651039
        },
        "2001-10": {
            "month": "2001-10",
            "price": "7.28",
            "revenue": 535851
        },
        "2001-11": {
            "month": "2001-11",
            "price": "7.02",
            "revenue": 605889
        },
        "2001-12": {
            "month": "2001-12",
            "price": "8.23",
            "revenue": 565739
        },
        "2002-01": {
            "month": "2002-01",
            "price": "8.59",
            "revenue": 684423
        },
        "2002-02": {
            "month": "2002-02",
            "price": "8.73",
            "revenue": 535402
        },
        "2002-03": {
            "month": "2002-03",
            "price": "11.80",
            "revenue": 828874
        },
        "2002-04": {
            "month": "2002-04",
            "price": "13.67",
            "revenue": 679568
        },
        "2002-05": {
            "month": "2002-05",
            "price": "11.60",
            "revenue": 592381
        },
        "2002-06": {
            "month": "2002-06",
            "price": "11.98",
            "revenue": 679863
        },
        "2002-07": {
            "month": "2002-07",
            "price": "12.56",
            "revenue": 623523
        },
        "2002-08": {
            "month": "2002-08",
            "price": "13.80",
            "revenue": 682078
        },
        "2002-09": {
            "month": "2002-09",
            "price": "11.32",
            "revenue": 625727
        },
        "2002-10": {
            "month": "2002-10",
            "price": "11.21",
            "revenue": 683045
        },
        "2002-11": {
            "month": "2002-11",
            "price": "12.26",
            "revenue": 630084
        },
        "2002-12": {
            "month": "2002-12",
            "price": "12.38",
            "revenue": 722361
        },
        "2003-01": {
            "month": "2003-01",
            "price": "15.22",
            "revenue": 726442
        },
        "2003-02": {
            "month": "2003-02",
            "price": "15.11",
            "revenue": 564811
        },
        "2003-03": {
            "month": "2003-03",
            "price": "13.57",
            "revenue": 651824
        },
        "2003-04": {
            "month": "2003-04",
            "price": "12.80",
            "revenue": 673685
        },
        "2003-05": {
            "month": "2003-05",
            "price": "11.54",
            "revenue": 739220
        },
        "2003-06": {
            "month": "2003-06",
            "price": "12.77",
            "revenue": 834511
        },
        "2003-07": {
            "month": "2003-07",
            "price": "13.41",
            "revenue": 594027
        },
        "2003-08": {
            "month": "2003-08",
            "price": "13.30",
            "revenue": 731314
        },
        "2003-09": {
            "month": "2003-09",
            "price": "11.71",
            "revenue": 589408
        },
        "2003-10": {
            "month": "2003-10",
            "price": "12.98",
            "revenue": 713608
        },
        "2003-11": {
            "month": "2003-11",
            "price": "13.07",
            "revenue": 713394
        },
        "2003-12": {
            "month": "2003-12",
            "price": "13.03",
            "revenue": 775597
        },
        "2004-01": {
            "month": "2004-01",
            "price": "13.88",
            "revenue": 749150
        },
        "2004-02": {
            "month": "2004-02",
            "price": "14.38",
            "revenue": 651773
        },
        "2004-03": {
            "month": "2004-03",
            "price": "13.87",
            "revenue": 758973
        },
        "2004-04": {
            "month": "2004-04",
            "price": "13.50",
            "revenue": 809859
        },
        "2004-05": {
            "month": "2004-05",
            "price": "12.45",
            "revenue": 811972
        },
        "2004-06": {
            "month": "2004-06",
            "price": "12.02",
            "revenue": 830064
        },
        "2004-07": {
            "month": "2004-07",
            "price": "12.03",
            "revenue": 953905
        },
        "2004-08": {
            "month": "2004-08",
            "price": "12.26",
            "revenue": 966035
        },
        "2004-09": {
            "month": "2004-09",
            "price": "13.32",
            "revenue": 826054
        },
        "2004-10": {
            "month": "2004-10",
            "price": "13.72",
            "revenue": 1006810
        },
        "2004-11": {
            "month": "2004-11",
            "price": "13.98",
            "revenue": 777688
        },
        "2004-12": {
            "month": "2004-12",
            "price": "14.64",
            "revenue": 906129
        },
        "2005-01": {
            "month": "2005-01",
            "price": "15.27",
            "revenue": 954842
        },
        "2005-02": {
            "month": "2005-02",
            "price": "15.37",
            "revenue": 822512
        },
        "2005-03": {
            "month": "2005-03",
            "price": "16.41",
            "revenue": 1094002
        },
        "2005-04": {
            "month": "2005-04",
            "price": "17.04",
            "revenue": 866064
        },
        "2005-05": {
            "month": "2005-05",
            "price": "16.89",
            "revenue": 959709
        },
        "2005-06": {
            "month": "2005-06",
            "price": "17.43",
            "revenue": 1026335
        },
        "2005-07": {
            "month": "2005-07",
            "price": "18.23",
            "revenue": 1031952
        },
        "2005-08": {
            "month": "2005-08",
            "price": "22.31",
            "revenue": 1537723
        },
        "2005-09": {
            "month": "2005-09",
            "price": "23.37",
            "revenue": 2224123
        },
        "2005-10": {
            "month": "2005-10",
            "price": "23.80",
            "revenue": 1521029
        },
        "2005-11": {
            "month": "2005-11",
            "price": "23.59",
            "revenue": 1744305
        },
        "2005-12": {
            "month": "2005-12",
            "price": "22.53",
            "revenue": 1668585
        },
        "2006-01": {
            "month": "2006-01",
            "price": "23.94",
            "revenue": 1620196
        },
        "2006-02": {
            "month": "2006-02",
            "price": "24.03",
            "revenue": 1434930
        },
        "2006-03": {
            "month": "2006-03",
            "price": "22.85",
            "revenue": 1933813
        },
        "2006-04": {
            "month": "2006-04",
            "price": "25.14",
            "revenue": 1935383
        },
        "2006-05": {
            "month": "2006-05",
            "price": "25.65",
            "revenue": 2118680
        },
        "2006-06": {
            "month": "2006-06",
            "price": "23.44",
            "revenue": 2143415
        },
        "2006-07": {
            "month": "2006-07",
            "price": "24.66",
            "revenue": 2064806
        },
        "2006-08": {
            "month": "2006-08",
            "price": "25.84",
            "revenue": 1965850
        },
        "2006-09": {
            "month": "2006-09",
            "price": "23.45",
            "revenue": 2742916
        },
        "2006-10": {
            "month": "2006-10",
            "price": "29.02",
            "revenue": 3400454
        },
        "2006-11": {
            "month": "2006-11",
            "price": "33.06",
            "revenue": 3462531
        },
        "2006-12": {
            "month": "2006-12",
            "price": "32.19",
            "revenue": 3372133
        },
        "2007-01": {
            "month": "2007-01",
            "price": "32.31",
            "revenue": 3425768
        },
        "2007-02": {
            "month": "2007-02",
            "price": "33.11",
            "revenue": 2326222
        },
        "2007-03": {
            "month": "2007-03",
            "price": "31.22",
            "revenue": 3812761
        },
        "2007-04": {
            "month": "2007-04",
            "price": "32.11",
            "revenue": 3734692
        },
        "2007-05": {
            "month": "2007-05",
            "price": "28.94",
            "revenue": 4024106
        },
        "2007-06": {
            "month": "2007-06",
            "price": "29.82",
            "revenue": 3874180
        },
        "2007-07": {
            "month": "2007-07",
            "price": "38.81",
            "revenue": 3637753
        },
        "2007-08": {
            "month": "2007-08",
            "price": "40.89",
            "revenue": 3918193
        },
        "2007-09": {
            "month": "2007-09",
            "price": "40.94",
            "revenue": 3506880
        },
        "2007-10": {
            "month": "2007-10",
            "price": "42.03",
            "revenue": 4474927
        },
        "2007-11": {
            "month": "2007-11",
            "price": "35.60",
            "revenue": 4474425
        },
        "2007-12": {
            "month": "2007-12",
            "price": "35.66",
            "revenue": 3700399
        },
        "2008-01": {
            "month": "2008-01",
            "price": "36.30",
            "revenue": 3150709
        },
        "2008-02": {
            "month": "2008-02",
            "price": "33.80",
            "revenue": 3643755
        },
        "2008-03": {
            "month": "2008-03",
            "price": "35.38",
            "revenue": 4242353
        },
        "2008-04": {
            "month": "2008-04",
            "price": "37.56",
            "revenue": 4125300
        },
        "2008-05": {
            "month": "2008-05",
            "price": "39.17",
            "revenue": 5109608
        },
        "2008-06": {
            "month": "2008-06",
            "price": "36.79",
            "revenue": 5202463
        },
        "2008-07": {
            "month": "2008-07",
            "price": "29.60",
            "revenue": 5078590
        },
        "2008-08": {
            "month": "2008-08",
            "price": "26.52",
            "revenue": 4178517
        },
        "2008-09": {
            "month": "2008-09",
            "price": "25.21",
            "revenue": 3446921
        },
        "2008-10": {
            "month": "2008-10",
            "price": "20.14",
            "revenue": 3554212
        },
        "2008-11": {
            "month": "2008-11",
            "price": "21.18",
            "revenue": 2306928
        },
        "2008-12": {
            "month": "2008-12",
            "price": "22.18",
            "revenue": 2239994
        },
        "2009-01": {
            "month": "2009-01",
            "price": "22.49",
            "revenue": 1748697
        },
        "2009-02": {
            "month": "2009-02",
            "price": "21.28",
            "revenue": 2730702
        },
        "2009-03": {
            "month": "2009-03",
            "price": "22.88",
            "revenue": 2717740
        },
        "2009-04": {
            "month": "2009-04",
            "price": "27.12",
            "revenue": 3337668
        },
        "2009-05": {
            "month": "2009-05",
            "price": "29.21",
            "revenue": 2969039
        },
        "2009-06": {
            "month": "2009-06",
            "price": "28.95",
            "revenue": 3455676
        },
        "2009-07": {
            "month": "2009-07",
            "price": "30.08",
            "revenue": 3480859
        },
        "2009-08": {
            "month": "2009-08",
            "price": "35.38",
            "revenue": 3575729
        },
        "2009-09": {
            "month": "2009-09",
            "price": "36.03",
            "revenue": 3085525
        },
        "2009-10": {
            "month": "2009-10",
            "price": "36.47",
            "revenue": 2907870
        },
        "2009-11": {
            "month": "2009-11",
            "price": "38.03",
            "revenue": 2879114
        },
        "2009-12": {
            "month": "2009-12",
            "price": "38.25",
            "revenue": 3335623
        },
        "2010-01": {
            "month": "2010-01",
            "price": "38.70",
            "revenue": 3659443
        },
        "2010-02": {
            "month": "2010-02",
            "price": "36.76",
            "revenue": 2845872
        },
        "2010-03": {
            "month": "2010-03",
            "price": "38.12",
            "revenue": 4519998
        },
        "2010-04": {
            "month": "2010-04",
            "price": "38.94",
            "revenue": 4105244
        },
        "2010-05": {
            "month": "2010-05",
            "price": "37.77",
            "revenue": 3749658
        },
        "2010-06": {
            "month": "2010-06",
            "price": "38.21",
            "revenue": 3845272
        },
        "2010-07": {
            "month": "2010-07",
            "price": "39.63",
            "revenue": 3894217
        },
        "2010-08": {
            "month": "2010-08",
            "price": "53.52",
            "revenue": 4130683
        },
        "2010-09": {
            "month": "2010-09",
            "price": "61.32",
            "revenue": 3123323
        },
        "2010-10": {
            "month": "2010-10",
            "price": "60.60",
            "revenue": 3682479
        },
        "2010-11": {
            "month": "2010-11",
            "price": "64.47",
            "revenue": 3676905
        },
        "2010-12": {
            "month": "2010-12",
            "price": "64.19",
            "revenue": 4080035
        },
        "2011-01": {
            "month": "2011-01",
            "price": "69.72",
            "revenue": 3752614
        },
        "2011-02": {
            "month": "2011-02",
            "price": "79.35",
            "revenue": 3887727
        },
        "2011-03": {
            "month": "2011-03",
            "price": "86.31",
            "revenue": 4861853
        },
        "2011-04": {
            "month": "2011-04",
            "price": "83.44",
            "revenue": 4830775
        },
        "2011-05": {
            "month": "2011-05",
            "price": "73.72",
            "revenue": 4497836
        },
        "2011-06": {
            "month": "2011-06",
            "price": "67.12",
            "revenue": 4348737
        },
        "2011-07": {
            "month": "2011-07",
            "price": "68.22",
            "revenue": 5050285
        },
        "2011-08": {
            "month": "2011-08",
            "price": "66.67",
            "revenue": 4517376
        },
        "2011-09": {
            "month": "2011-09",
            "price": "52.74",
            "revenue": 4239506
        },
        "2011-10": {
            "month": "2011-10",
            "price": "49.79",
            "revenue": 3462286
        },
        "2011-11": {
            "month": "2011-11",
            "price": "46.42",
            "revenue": 3989437
        },
        "2011-12": {
            "month": "2011-12",
            "price": "41.40",
            "revenue": 3871801
        },
        "2012-01": {
            "month": "2012-01",
            "price": "45.40",
            "revenue": 3445655
        },
        "2012-02": {
            "month": "2012-02",
            "price": "55.54",
            "revenue": 4707129
        },
        "2012-03": {
            "month": "2012-03",
            "price": "52.20",
            "revenue": 4432986
        },
        "2012-04": {
            "month": "2012-04",
            "price": "45.07",
            "revenue": 3827335
        },
        "2012-05": {
            "month": "2012-05",
            "price": "45.56",
            "revenue": 3966779
        },
        "2012-06": {
            "month": "2012-06",
            "price": "46.05",
            "revenue": 4220478
        },
        "2012-07": {
            "month": "2012-07",
            "price": "41.93",
            "revenue": 4584256
        },
        "2012-08": {
            "month": "2012-08",
            "price": "41.63",
            "revenue": 3944476
        },
        "2012-09": {
            "month": "2012-09",
            "price": "41.83",
            "revenue": 4140301
        },
        "2012-10": {
            "month": "2012-10",
            "price": "37.05",
            "revenue": 4047169
        },
        "2012-11": {
            "month": "2012-11",
            "price": "33.24",
            "revenue": 4181388
        },
        "2012-12": {
            "month": "2012-12",
            "price": "35.91",
            "revenue": 4319719
        },
        "2013-01": {
            "month": "2013-01",
            "price": "37.82",
            "revenue": 4631091
        },
        "2013-02": {
            "month": "2013-02",
            "price": "38.01",
            "revenue": 3771497
        },
        "2013-03": {
            "month": "2013-03",
            "price": "35.24",
            "revenue": 4426135
        },
        "2013-04": {
            "month": "2013-04",
            "price": "33.93",
            "revenue": 4021482
        },
        "2013-05": {
            "month": "2013-05",
            "price": "36.59",
            "revenue": 4382295
        },
        "2013-06": {
            "month": "2013-06",
            "price": "36.43",
            "revenue": 3939761
        },
        "2013-07": {
            "month": "2013-07",
            "price": "38.87",
            "revenue": 4209215
        },
        "2013-08": {
            "month": "2013-08",
            "price": "36.37",
            "revenue": 4227657
        },
        "2013-09": {
            "month": "2013-09",
            "price": "36.85",
            "revenue": 3709806
        },
        "2013-10": {
            "month": "2013-10",
            "price": "38.76",
            "revenue": 3932102
        },
        "2013-11": {
            "month": "2013-11",
            "price": "35.85",
            "revenue": 4137269
        },
        "2013-12": {
            "month": "2013-12",
            "price": "36.07",
            "revenue": 4297315
        },
        "2014-01": {
            "month": "2014-01",
            "price": "39.07",
            "revenue": 3896944
        },
        "2014-02": {
            "month": "2014-02",
            "price": "37.32",
            "revenue": 3309288
        },
        "2014-03": {
            "month": "2014-03",
            "price": "35.71",
            "revenue": 4409223
        },
        "2014-04": {
            "month": "2014-04",
            "price": "33.98",
            "revenue": 4202605
        },
        "2014-05": {
            "month": "2014-05",
            "price": "28.62",
            "revenue": 4117721
        },
        "2014-06": {
            "month": "2014-06",
            "price": "24.85",
            "revenue": 4228510
        },
        "2014-07": {
            "month": "2014-07",
            "price": "25.37",
            "revenue": 4123566
        },
        "2014-08": {
            "month": "2014-08",
            "price": "16.11",
            "revenue": 3334341
        },
        "2014-09": {
            "month": "2014-09",
            "price": "16.20",
            "revenue": 2744651
        },
        "2014-10": {
            "month": "2014-10",
            "price": "14.91",
            "revenue": 2450556
        },
        "2014-11": {
            "month": "2014-11",
            "price": "15.03",
            "revenue": 2540574
        },
        "2014-12": {
            "month": "2014-12",
            "price": "15.24",
            "revenue": 2565933
        },
        "2015-01": {
            "month": "2015-01",
            "price": "16.65",
            "revenue": 2463042
        },
        "2015-02": {
            "month": "2015-02",
            "price": "16.35",
            "revenue": 1929085
        },
        "2015-03": {
            "month": "2015-03",
            "price": "16.59",
            "revenue": 3104853
        },
        "2015-04": {
            "month": "2015-04",
            "price": "18.58",
            "revenue": 3162131
        },
        "2015-05": {
            "month": "2015-05",
            "price": "19.43",
            "revenue": 3003379
        },
        "2015-06": {
            "month": "2015-06",
            "price": "18.19",
            "revenue": 2981001
        },
        "2015-07": {
            "month": "2015-07",
            "price": "18.93",
            "revenue": 3125580
        },
        "2015-08": {
            "month": "2015-08",
            "price": "18.16",
            "revenue": 3293890
        },
        "2015-09": {
            "month": "2015-09",
            "price": "19.98",
            "revenue": 3609116
        },
        "2015-10": {
            "month": "2015-10",
            "price": "25.96",
            "revenue": 3380063
        },
        "2015-11": {
            "month": "2015-11",
            "price": "29.19",
            "revenue": 3007609
        },
        "2015-12": {
            "month": "2015-12",
            "price": "34.43",
            "revenue": 2903802
        },
        "2016-01": {
            "month": "2016-01",
            "price": "29.84",
            "revenue": 2984098
        },
        "2016-02": {
            "month": "2016-02",
            "price": "32.30",
            "revenue": 2282957
        },
        "2016-03": {
            "month": "2016-03",
            "price": "34.88",
            "revenue": 3835746
        },
        "2016-04": {
            "month": "2016-04",
            "price": "35.79",
            "revenue": 3359641
        },
        "2016-05": {
            "month": "2016-05",
            "price": "36.38",
            "revenue": 3106178
        },
        "2016-06": {
            "month": "2016-06",
            "price": "37.45",
            "revenue": 3522535
        },
        "2016-07": {
            "month": "2016-07",
            "price": "40.00",
            "revenue": 3422261
        },
        "2016-08": {
            "month": "2016-08",
            "price": "39.10",
            "revenue": 3507296
        },
        "2016-09": {
            "month": "2016-09",
            "price": "39.12",
            "revenue": 3178693
        },
        "2016-10": {
            "month": "2016-10",
            "price": "38.62",
            "revenue": 3477364
        },
        "2016-11": {
            "month": "2016-11",
            "price": "37.79",
            "revenue": 3553486
        },
        "2016-12": {
            "month": "2016-12",
            "price": "41.95",
            "revenue": 4250772
        },
        "2017-01": {
            "month": "2017-01",
            "price": "43.87",
            "revenue": 3309898
        },
        "2017-02": {
            "month": "2017-02",
            "price": "44.94",
            "revenue": 3763740
        },
        "2017-03": {
            "month": "2017-03",
            "price": "44.57",
            "revenue": 4083337
        },
        "2017-04": {
            "month": "2017-04",
            "price": "44.14",
            "revenue": 3516103
        },
        "2017-05": {
            "month": "2017-05",
            "price": "41.82",
            "revenue": 3689429
        },
        "2017-06": {
            "month": "2017-06",
            "price": "41.68",
            "revenue": 4011288
        },
        "2017-07": {
            "month": "2017-07",
            "price": "42.85",
            "revenue": 3763345
        },
        "2017-08": {
            "month": "2017-08",
            "price": "42.52",
            "revenue": 4146979
        },
        "2017-09": {
            "month": "2017-09",
            "price": "40.90",
            "revenue": 3896693
        },
        "2017-10": {
            "month": "2017-10",
            "price": "40.89",
            "revenue": 3763519
        },
        "2017-11": {
            "month": "2017-11",
            "price": "41.60",
            "revenue": 3656384
        },
        "2017-12": {
            "month": "2017-12",
            "price": "45.68",
            "revenue": 3740929
        },
        "2018-01": {
            "month": "2018-01",
            "price": "46.22",
            "revenue": 4555172
        },
        "2018-02": {
            "month": "2018-02",
            "price": "43.99",
            "revenue": 3120389
        },
        "2018-03": {
            "month": "2018-03",
            "price": "44.28",
            "revenue": 4074917
        },
        "2018-04": {
            "month": "2018-04",
            "price": "44.59",
            "revenue": 4159174
        },
        "2018-05": {
            "month": "2018-05",
            "price": "44.70",
            "revenue": 4295036
        },
        "2018-06": {
            "month": "2018-06",
            "price": "45.34",
            "revenue": 4235913
        },
        "2018-07": {
            "month": "2018-07",
            "price": "49.22",
            "revenue": 4339148
        },
        "2018-08": {
            "month": "2018-08",
            "price": "51.70",
            "revenue": 4770023
        },
        "2018-09": {
            "month": "2018-09",
            "price": "51.78",
            "revenue": 4268193
        },
        "2018-10": {
            "month": "2018-10",
            "price": "51.81",
            "revenue": 4382926
        },
        "2018-11": {
            "month": "2018-11",
            "price": "52.17",
            "revenue": 3933604
        },
        "2018-12": {
            "month": "2018-12",
            "price": "52.16",
            "revenue": 3684849
        }
    }
}
