{
    "summary": {
        "stock_name": "葡萄王",
        "stock_id": "1707",
        "category": "生技醫療",
        "main_business": "藥品製劑、成藥及原料、醫療器材等之製造與買賣。<br>雜項食品製造、冬蟲夏草食品之類似藥品劑型食品。<br>飲料製造業、菌種業、生物技術服務業等。",
        "website_url": "http://www.grapeking.com.tw",
        "ceo": "曾盛麟",
        "pe_ratio": 16,
        "report_year_from": 2001,
        "report_year_to": 2023,
        "age": 23,
        "eps_negative_percentage": 0,
        "eps_growth_avg": {
            "last_all": 23.15,
            "last_2y": 1.9,
            "last_4y": 0.66,
            "last_8y": 3.78,
            "last_12y": 9.49,
            "last_16y": 14.52,
            "last_20y": 19.49,
            "at_2006_last_3y": 40.62,
            "at_2007_last_3y": 48.58,
            "at_2008_last_3y": 21.42,
            "at_2009_last_3y": 34.32,
            "at_2010_last_3y": 30.88,
            "at_2011_last_3y": 28.59,
            "at_2012_last_3y": 38.53,
            "at_2013_last_3y": 22.2,
            "at_2014_last_3y": 22.35,
            "at_2015_last_3y": 22.55,
            "at_2016_last_3y": 20.13,
            "at_2017_last_3y": 12.05,
            "at_2018_last_3y": 7.67,
            "at_2019_last_3y": 4.96,
            "at_2020_last_3y": -1.16,
            "at_2021_last_3y": -3.16,
            "at_2022_last_3y": 0.88,
            "at_2023_last_3y": 0.67,
            "at_2024_last_3y": 0.67,
            "at_2006_last_all": 52.49,
            "at_2007_last_all": 47.05,
            "at_2008_last_all": 39.1,
            "at_2009_last_all": 46.71,
            "at_2010_last_all": 42.89,
            "at_2011_last_all": 39.67,
            "at_2012_last_all": 38.89,
            "at_2013_last_all": 38.54,
            "at_2014_last_all": 36.57,
            "at_2015_last_all": 34.78,
            "at_2016_last_all": 33.89,
            "at_2017_last_all": 31.92,
            "at_2018_last_all": 29.77,
            "at_2019_last_all": 28.15,
            "at_2020_last_all": 26.51,
            "at_2021_last_all": 24.9,
            "at_2022_last_all": 24.27,
            "at_2023_last_all": 23.15,
            "at_2024_last_all": 23.15
        },
        "latest_eps": 9.81,
        "latest_price": 155,
        "latest_roe": 18.81,
        "latest_gross_margin": 79.78,
        "latest_equity": 11629935,
        "latest_revenue": 3200418,
        "latest_gross_profit": 2553183,
        "latest_net_income": 699439,
        "latest_debt_ratio": 25.03,
        "latest_current_ratio": 165.56,
        "latest_account_receivable_turnover_ratio": 10.28,
        "latest_inventory_turnover_ratio": 0.9,
        "latest_reinvestment_rate": 20.78,
        "latest_research_to_sale_ratio": 2.74
    },
    "eps_dividends": {
        "1990": {
            "cash": 0,
            "stock": 2,
            "eps": 0
        },
        "1991": {
            "cash": 0,
            "stock": 1,
            "eps": 0
        },
        "1992": {
            "cash": 0,
            "stock": 1,
            "eps": 0
        },
        "1993": {
            "cash": 0,
            "stock": 1,
            "eps": 0
        },
        "1995": {
            "cash": 0,
            "stock": 1,
            "eps": 0
        },
        "1996": {
            "cash": 0,
            "stock": 1,
            "eps": 0
        },
        "1997": {
            "cash": 0,
            "stock": 1,
            "eps": 0
        },
        "1998": {
            "cash": 0,
            "stock": 0.6,
            "eps": 0
        },
        "2001": {
            "cash": 0,
            "stock": 0,
            "eps": 0.07
        },
        "2002": {
            "cash": 0,
            "stock": 0,
            "eps": 0.25
        },
        "2003": {
            "cash": 0,
            "stock": 0,
            "eps": 0.22
        },
        "2004": {
            "cash": 0,
            "stock": 0,
            "eps": 0.62
        },
        "2005": {
            "cash": 0.41,
            "stock": 0.21,
            "eps": 0.92
        },
        "2006": {
            "cash": 0.6,
            "stock": 0,
            "eps": 1.16
        },
        "2007": {
            "cash": 0.8,
            "stock": 0,
            "eps": 1.39
        },
        "2008": {
            "cash": 1.2,
            "stock": 0,
            "eps": 1.27
        },
        "2009": {
            "cash": 1,
            "stock": 0,
            "eps": 2.92
        },
        "2010": {
            "cash": 2,
            "stock": 0,
            "eps": 3.28
        },
        "2011": {
            "cash": 5.5,
            "stock": 0,
            "eps": 3.63
        },
        "2012": {
            "cash": 0,
            "stock": 0,
            "eps": 4.76
        },
        "2013": {
            "cash": 3.7,
            "stock": 0,
            "eps": 6.41
        },
        "2014": {
            "cash": 5,
            "stock": 0,
            "eps": 7.24
        },
        "2015": {
            "cash": 5.3,
            "stock": 0,
            "eps": 8.07
        },
        "2016": {
            "cash": 5.6,
            "stock": 0,
            "eps": 9.8
        },
        "2017": {
            "cash": 6.4,
            "stock": 0,
            "eps": 10.03
        },
        "2018": {
            "cash": 6.7,
            "stock": 0,
            "eps": 9.57
        },
        "2019": {
            "cash": 6.5,
            "stock": 0,
            "eps": 9.63
        },
        "2020": {
            "cash": 6.5,
            "stock": 0,
            "eps": 9.34
        },
        "2021": {
            "cash": 6.4,
            "stock": 0,
            "eps": 8.81
        },
        "2022": {
            "cash": 6.1,
            "stock": 0,
            "eps": 9.83
        },
        "2023": {
            "cash": 6.9,
            "stock": 0,
            "eps": 9.81
        },
        "2024": {
            "cash": 6.9,
            "stock": 0,
            "eps": 0
        }
    },
    "dividends": {
        "1990-04-19": {
            "cash": 0,
            "stock": 2
        },
        "1991-06-24": {
            "cash": 0,
            "stock": 1
        },
        "1992-05-25": {
            "cash": 0,
            "stock": 1
        },
        "1993-04-23": {
            "cash": 0,
            "stock": 1
        },
        "1995-05-31": {
            "cash": 0,
            "stock": 1
        },
        "1996-05-29": {
            "cash": 0,
            "stock": 1
        },
        "1997-06-16": {
            "cash": 0,
            "stock": 1
        },
        "1998-06-26": {
            "cash": 0,
            "stock": 0.6
        },
        "2005-03-29": {
            "cash": 0.41,
            "stock": 0.21
        },
        "2006-03-28": {
            "cash": 0.6,
            "stock": 0
        },
        "2007-04-02": {
            "cash": 0.8,
            "stock": 0
        },
        "2008-03-26": {
            "cash": 1.2,
            "stock": 0
        },
        "2009-03-25": {
            "cash": 1,
            "stock": 0
        },
        "2010-03-24": {
            "cash": 2,
            "stock": 0
        },
        "2011-01-01": {
            "cash": 3,
            "stock": 0
        },
        "2011-03-30": {
            "cash": 2.5,
            "stock": 0
        },
        "2013-03-26": {
            "cash": 3.7,
            "stock": 0
        },
        "2014-06-23": {
            "cash": 5,
            "stock": 0
        },
        "2015-09-01": {
            "cash": 5.3,
            "stock": 0
        },
        "2016-08-19": {
            "cash": 5.6,
            "stock": 0
        },
        "2017-08-11": {
            "cash": 6.4,
            "stock": 0
        },
        "2018-08-10": {
            "cash": 6.7,
            "stock": 0
        },
        "2019-07-26": {
            "cash": 6.5,
            "stock": 0
        },
        "2020-07-31": {
            "cash": 6.5,
            "stock": 0
        },
        "2021-09-02": {
            "cash": 6.4,
            "stock": 0
        },
        "2022-07-12": {
            "cash": 6.1,
            "stock": 0
        },
        "2023-07-21": {
            "cash": 6.9,
            "stock": 0
        },
        "2024-02-26": {
            "cash": 6.9,
            "stock": 0
        }
    },
    "prices": {
        "200101": "6.13",
        "200102": "6.72",
        "200103": "7.65",
        "200104": "7.22",
        "200105": "6.12",
        "200106": "5.64",
        "200107": "4.66",
        "200108": "5.00",
        "200109": "4.64",
        "200110": "4.26",
        "200111": "4.68",
        "200112": "5.40",
        "200201": "6.42",
        "200202": "7.04",
        "200203": "7.46",
        "200204": "9.60",
        "200205": "8.49",
        "200206": "8.48",
        "200207": "8.27",
        "200208": "7.48",
        "200209": "6.70",
        "200210": "6.46",
        "200211": "7.25",
        "200212": "7.48",
        "200301": "8.20",
        "200302": "8.01",
        "200303": "7.60",
        "200304": "7.66",
        "200305": "8.01",
        "200306": "8.03",
        "200307": "7.94",
        "200308": "8.05",
        "200309": "9.24",
        "200310": "9.43",
        "200311": "9.38",
        "200312": "9.14",
        "200401": "9.45",
        "200402": "10.82",
        "200403": "10.19",
        "200404": "9.61",
        "200405": "8.82",
        "200406": "8.55",
        "200407": "8.07",
        "200408": "7.54",
        "200409": "7.81",
        "200410": "7.97",
        "200411": "7.96",
        "200412": "8.45",
        "200501": "9.06",
        "200502": "8.83",
        "200503": "8.60",
        "200504": "8.44",
        "200505": "8.42",
        "200506": "8.77",
        "200507": "8.58",
        "200508": "8.71",
        "200509": "8.22",
        "200510": "8.25",
        "200511": "8.74",
        "200512": "8.71",
        "200601": "8.73",
        "200602": "8.86",
        "200603": "8.77",
        "200604": "9.15",
        "200605": "10.60",
        "200606": "9.80",
        "200607": "9.76",
        "200608": "9.13",
        "200609": "9.03",
        "200610": "9.39",
        "200611": "9.46",
        "200612": "10.50",
        "200701": "11.61",
        "200702": "11.16",
        "200703": "10.54",
        "200704": "12.28",
        "200705": "15.00",
        "200706": "16.44",
        "200707": "27.16",
        "200708": "28.30",
        "200709": "29.18",
        "200710": "26.69",
        "200711": "20.21",
        "200712": "19.07",
        "200801": "18.05",
        "200802": "19.84",
        "200803": "20.90",
        "200804": "23.79",
        "200805": "24.49",
        "200806": "20.90",
        "200807": "17.72",
        "200808": "18.08",
        "200809": "15.46",
        "200810": "13.92",
        "200811": "14.06",
        "200812": "14.32",
        "200901": "14.90",
        "200902": "15.10",
        "200903": "17.80",
        "200904": "22.08",
        "200905": "22.25",
        "200906": "21.01",
        "200907": "22.68",
        "200908": "23.49",
        "200909": "27.78",
        "200910": "35.91",
        "200911": "34.50",
        "200912": "49.27",
        "201001": "45.35",
        "201002": "38.64",
        "201003": "44.90",
        "201004": "45.96",
        "201005": "42.13",
        "201006": "42.32",
        "201007": "47.24",
        "201008": "46.84",
        "201009": "48.80",
        "201010": "49.98",
        "201011": "48.09",
        "201012": "47.36",
        "201101": "45.03",
        "201102": "44.05",
        "201103": "42.47",
        "201104": "44.28",
        "201105": "48.17",
        "201106": "47.08",
        "201107": "50.06",
        "201108": "49.62",
        "201109": "47.89",
        "201110": "44.98",
        "201111": "42.53",
        "201112": "37.40",
        "201201": "38.00",
        "201202": "45.16",
        "201203": "47.34",
        "201204": "46.21",
        "201205": "49.40",
        "201206": "52.68",
        "201207": "58.32",
        "201208": "62.50",
        "201209": "62.60",
        "201210": "67.59",
        "201211": "73.10",
        "201212": "78.86",
        "201301": "76.25",
        "201302": "77.65",
        "201303": "88.20",
        "201304": "99.24",
        "201305": "109.16",
        "201306": "110.11",
        "201307": "118.96",
        "201308": "139.48",
        "201309": "135.40",
        "201310": "139.34",
        "201311": "138.88",
        "201312": "148.23",
        "201401": "138.14",
        "201402": "133.32",
        "201403": "130.90",
        "201404": "135.88",
        "201405": "134.17",
        "201406": "131.10",
        "201407": "143.25",
        "201408": "133.86",
        "201409": "129.05",
        "201410": "126.82",
        "201411": "128.65",
        "201412": "128.08",
        "201501": "130.80",
        "201502": "130.00",
        "201503": "131.00",
        "201504": "161.15",
        "201505": "173.62",
        "201506": "190.69",
        "201507": "215.64",
        "201508": "171.52",
        "201509": "170.65",
        "201510": "180.48",
        "201511": "187.48",
        "201512": "188.28",
        "201601": "174.90",
        "201602": "187.15",
        "201603": "191.15",
        "201604": "197.71",
        "201605": "200.40",
        "201606": "205.74",
        "201607": "213.42",
        "201608": "218.54",
        "201609": "248.37",
        "201610": "268.28",
        "201611": "245.68",
        "201612": "230.95",
        "201701": "175.22",
        "201702": "185.08",
        "201703": "194.78",
        "201704": "188.97",
        "201705": "188.65",
        "201706": "195.04",
        "201707": "194.55",
        "201708": "185.07",
        "201709": "182.09",
        "201710": "176.26",
        "201711": "184.02",
        "201712": "205.10",
        "201801": "215.75",
        "201802": "205.81",
        "201803": "239.65",
        "201804": "257.83",
        "201805": "238.57",
        "201806": "231.58",
        "201807": "240.14",
        "201808": "229.17",
        "201809": "208.39",
        "201810": "199.25",
        "201811": "190.89",
        "201812": "190.79",
        "201901": "199.24",
        "201902": "206.77",
        "201903": "204.65",
        "201904": "205.15",
        "201905": "216.64",
        "201906": "211.92",
        "201907": "202.26",
        "201908": "189.14",
        "201909": "188.16",
        "201910": "187.93",
        "201911": "190.29",
        "201912": "192.05",
        "202001": "193.07",
        "202002": "198.45",
        "202003": "205.86",
        "202004": "195.05",
        "202005": "194.55",
        "202006": "195.22",
        "202007": "188.07",
        "202008": "181.57",
        "202009": "177.91",
        "202010": "166.79",
        "202011": "168.76",
        "202012": "177.70",
        "202101": "177.18",
        "202102": "175.77",
        "202103": "179.52",
        "202104": "178.74",
        "202105": "168.02",
        "202106": "170.52",
        "202107": "172.16",
        "202108": "165.43",
        "202109": "162.88",
        "202110": "161.12",
        "202111": "162.05",
        "202112": "161.48",
        "202201": "158.75",
        "202202": "154.53",
        "202203": "146.70",
        "202204": "144.95",
        "202205": "141.93",
        "202206": "139.81",
        "202207": "131.33",
        "202208": "135.26",
        "202209": "140.33",
        "202210": "127.85",
        "202211": "130.25",
        "202212": "159.02",
        "202301": "164.96",
        "202302": "174.83",
        "202303": "180.46",
        "202304": "181.76",
        "202305": "179.05",
        "202306": "173.25",
        "202307": "170.07",
        "202308": "161.95",
        "202309": "155.70",
        "202310": "151.80",
        "202311": "152.30",
        "202312": "154.07"
    },
    "quarters": {
        "20011": {
            "year_quarter": 20011,
            "year": 2001,
            "quarter": 1,
            "eps": -0.14,
            "eps_growth_year": null,
            "eps_4q": -0.67,
            "eps_4q_growth_year": null,
            "roe": -1.27,
            "roe_4q": -1.27,
            "gross_profit": 116262,
            "gross_margin": 51.53,
            "gross_margin_4q_avg": 51.53,
            "net_income": -17803,
            "net_income_4q": null,
            "revenue": 225612,
            "revenue_4q": null,
            "common_shares": 1308186,
            "book_valuer_per_share": 10.65,
            "book_valuer_per_share_4q_avg": 10.65,
            "equity": 1393475,
            "current_ratio": 343.13,
            "debt_ratio": 23.96,
            "inventory_turnover_ratio": 0.78,
            "account_receivable_turnover_ratio": null,
            "reinvestment_rate": null,
            "research_to_sale_ratio": null,
            "price_fair": 0,
            "eps_avg_yearly": 0,
            "eps_latest_yearly": 0,
            "eps_growth_yearly": 0
        },
        "20012": {
            "year_quarter": 20012,
            "year": 2001,
            "quarter": 2,
            "eps": -0.06,
            "eps_growth_year": null,
            "eps_4q": -0.61,
            "eps_4q_growth_year": null,
            "roe": -0.59,
            "roe_4q": -1.8599999999999999,
            "gross_profit": 106594,
            "gross_margin": 48.99,
            "gross_margin_4q_avg": 50.26,
            "net_income": -8208,
            "net_income_4q": null,
            "revenue": 217593,
            "revenue_4q": null,
            "common_shares": 1308186,
            "book_valuer_per_share": 10.57,
            "book_valuer_per_share_4q_avg": 10.61,
            "equity": 1382934,
            "current_ratio": 319.68,
            "debt_ratio": 25.61,
            "inventory_turnover_ratio": 0.81,
            "account_receivable_turnover_ratio": null,
            "reinvestment_rate": null,
            "research_to_sale_ratio": null,
            "price_fair": 0,
            "eps_avg_yearly": 0,
            "eps_latest_yearly": 0,
            "eps_growth_yearly": 0
        },
        "20013": {
            "year_quarter": 20013,
            "year": 2001,
            "quarter": 3,
            "eps": 0.15,
            "eps_growth_year": null,
            "eps_4q": -0.15,
            "eps_4q_growth_year": null,
            "roe": 1.45,
            "roe_4q": -0.41000000000000003,
            "gross_profit": 170498,
            "gross_margin": 60.38,
            "gross_margin_4q_avg": 53.63,
            "net_income": 20172,
            "net_income_4q": null,
            "revenue": 282392,
            "revenue_4q": null,
            "common_shares": 1308186,
            "book_valuer_per_share": 10.72,
            "book_valuer_per_share_4q_avg": 10.65,
            "equity": 1401858,
            "current_ratio": 348.1,
            "debt_ratio": 26.48,
            "inventory_turnover_ratio": 0.83,
            "account_receivable_turnover_ratio": null,
            "reinvestment_rate": null,
            "research_to_sale_ratio": null,
            "price_fair": 0,
            "eps_avg_yearly": 0,
            "eps_latest_yearly": 0,
            "eps_growth_yearly": 0
        },
        "20014": {
            "year_quarter": 20014,
            "year": 2001,
            "quarter": 4,
            "eps": 0.12,
            "eps_growth_year": null,
            "eps_4q": 0.07,
            "eps_4q_growth_year": null,
            "roe": 1.08,
            "roe_4q": 0.6700000000000004,
            "gross_profit": 103272,
            "gross_margin": 37.75,
            "gross_margin_4q_avg": 49.66,
            "net_income": 15231,
            "net_income_4q": null,
            "revenue": 273561,
            "revenue_4q": null,
            "common_shares": 1308186,
            "book_valuer_per_share": 10.81,
            "book_valuer_per_share_4q_avg": 10.69,
            "equity": 1413525,
            "current_ratio": 81.31,
            "debt_ratio": 44.78,
            "inventory_turnover_ratio": 1.14,
            "account_receivable_turnover_ratio": null,
            "reinvestment_rate": null,
            "research_to_sale_ratio": null,
            "price_fair": 0,
            "eps_avg_yearly": 0,
            "eps_latest_yearly": 0,
            "eps_growth_yearly": 0
        },
        "20021": {
            "year_quarter": 20021,
            "year": 2002,
            "quarter": 1,
            "eps": 0.01,
            "eps_growth_year": null,
            "eps_4q": 0.16,
            "eps_4q_growth_year": null,
            "roe": 0.13,
            "roe_4q": 2.0700000000000003,
            "gross_profit": 109115,
            "gross_margin": 45.3,
            "gross_margin_4q_avg": 48.11,
            "net_income": 1869,
            "net_income_4q": null,
            "revenue": 240860,
            "revenue_4q": null,
            "common_shares": 1308186,
            "book_valuer_per_share": 10.8,
            "book_valuer_per_share_4q_avg": 10.73,
            "equity": 1412230,
            "current_ratio": 334.75,
            "debt_ratio": 27.28,
            "inventory_turnover_ratio": 0.82,
            "account_receivable_turnover_ratio": null,
            "reinvestment_rate": null,
            "research_to_sale_ratio": null,
            "price_fair": 0.12,
            "eps_avg_yearly": 0.04,
            "eps_latest_yearly": 0.04,
            "eps_growth_yearly": -366.67
        },
        "20022": {
            "year_quarter": 20022,
            "year": 2002,
            "quarter": 2,
            "eps": 0.1,
            "eps_growth_year": null,
            "eps_4q": 0.37,
            "eps_4q_growth_year": null,
            "roe": 0.96,
            "roe_4q": 3.62,
            "gross_profit": 142906,
            "gross_margin": 49.08,
            "gross_margin_4q_avg": 48.13,
            "net_income": 13650,
            "net_income_4q": null,
            "revenue": 291198,
            "revenue_4q": null,
            "common_shares": 1308186,
            "book_valuer_per_share": 10.88,
            "book_valuer_per_share_4q_avg": 10.8,
            "equity": 1423320,
            "current_ratio": 319.03,
            "debt_ratio": 28.23,
            "inventory_turnover_ratio": 1.02,
            "account_receivable_turnover_ratio": null,
            "reinvestment_rate": null,
            "research_to_sale_ratio": null,
            "price_fair": 7.7,
            "eps_avg_yearly": 0.22,
            "eps_latest_yearly": 0.4,
            "eps_growth_yearly": 1616.67
        },
        "20023": {
            "year_quarter": 20023,
            "year": 2002,
            "quarter": 3,
            "eps": 0.08,
            "eps_growth_year": -46.67,
            "eps_4q": 0.31,
            "eps_4q_growth_year": null,
            "roe": 0.73,
            "roe_4q": 2.9,
            "gross_profit": 145934,
            "gross_margin": 54.6,
            "gross_margin_4q_avg": 46.68,
            "net_income": 10492,
            "net_income_4q": null,
            "revenue": 267297,
            "revenue_4q": null,
            "common_shares": 1308186,
            "book_valuer_per_share": 10.98,
            "book_valuer_per_share_4q_avg": 10.87,
            "equity": 1436559,
            "current_ratio": 296.6,
            "debt_ratio": 28.69,
            "inventory_turnover_ratio": 0.86,
            "account_receivable_turnover_ratio": null,
            "reinvestment_rate": null,
            "research_to_sale_ratio": null,
            "price_fair": 8.87,
            "eps_avg_yearly": 0.25,
            "eps_latest_yearly": 0.32,
            "eps_growth_yearly": 1051.11
        },
        "20024": {
            "year_quarter": 20024,
            "year": 2002,
            "quarter": 4,
            "eps": 0.06,
            "eps_growth_year": -50,
            "eps_4q": 0.26,
            "eps_4q_growth_year": 247.59,
            "roe": 0.55,
            "roe_4q": 2.37,
            "gross_profit": 139468,
            "gross_margin": 51.07,
            "gross_margin_4q_avg": 50.01,
            "net_income": 7914,
            "net_income_4q": null,
            "revenue": 273076,
            "revenue_4q": null,
            "common_shares": 1308186,
            "book_valuer_per_share": 11.1,
            "book_valuer_per_share_4q_avg": 10.94,
            "equity": 1452567,
            "current_ratio": 89.87,
            "debt_ratio": 41.29,
            "inventory_turnover_ratio": 0.9,
            "account_receivable_turnover_ratio": null,
            "reinvestment_rate": null,
            "research_to_sale_ratio": null,
            "price_fair": 8.75,
            "eps_avg_yearly": 0.25,
            "eps_latest_yearly": 0.24,
            "eps_growth_yearly": 763.33
        },
        "20031": {
            "year_quarter": 20031,
            "year": 2003,
            "quarter": 1,
            "eps": 0.04,
            "eps_growth_year": 300,
            "eps_4q": 0.28,
            "eps_4q_growth_year": 83.11,
            "roe": 0.36,
            "roe_4q": 2.6,
            "gross_profit": 103734,
            "gross_margin": 42.24,
            "gross_margin_4q_avg": 49.25,
            "net_income": 5239,
            "net_income_4q": null,
            "revenue": 245581,
            "revenue_4q": null,
            "common_shares": 1308186,
            "book_valuer_per_share": 11.14,
            "book_valuer_per_share_4q_avg": 11.03,
            "equity": 1457807,
            "current_ratio": 294.7,
            "debt_ratio": 30.64,
            "inventory_turnover_ratio": 0.88,
            "account_receivable_turnover_ratio": null,
            "reinvestment_rate": null,
            "research_to_sale_ratio": null,
            "price_fair": 8.12,
            "eps_avg_yearly": 0.23,
            "eps_latest_yearly": 0.16,
            "eps_growth_yearly": 584
        },
        "20032": {
            "year_quarter": 20032,
            "year": 2003,
            "quarter": 2,
            "eps": 0.15,
            "eps_growth_year": 50,
            "eps_4q": 0.33,
            "eps_4q_growth_year": -11.39,
            "roe": 1.34,
            "roe_4q": 2.98,
            "gross_profit": 133018,
            "gross_margin": 46.36,
            "gross_margin_4q_avg": 48.57,
            "net_income": 19643,
            "net_income_4q": null,
            "revenue": 286913,
            "revenue_4q": null,
            "common_shares": 1308186,
            "book_valuer_per_share": 11.3,
            "book_valuer_per_share_4q_avg": 11.13,
            "equity": 1478147,
            "current_ratio": 454.32,
            "debt_ratio": 29.04,
            "inventory_turnover_ratio": 0.62,
            "account_receivable_turnover_ratio": null,
            "reinvestment_rate": null,
            "research_to_sale_ratio": null,
            "price_fair": 10.27,
            "eps_avg_yearly": 0.29,
            "eps_latest_yearly": 0.6,
            "eps_growth_yearly": 670
        },
        "20033": {
            "year_quarter": 20033,
            "year": 2003,
            "quarter": 3,
            "eps": 0.15,
            "eps_growth_year": 87.5,
            "eps_4q": 0.4,
            "eps_4q_growth_year": 28.59,
            "roe": 1.3,
            "roe_4q": 3.55,
            "gross_profit": 109782,
            "gross_margin": 47.03,
            "gross_margin_4q_avg": 46.68,
            "net_income": 19339,
            "net_income_4q": null,
            "revenue": 233426,
            "revenue_4q": null,
            "common_shares": 1308186,
            "book_valuer_per_share": 11.48,
            "book_valuer_per_share_4q_avg": 11.26,
            "equity": 1501860,
            "current_ratio": 616.83,
            "debt_ratio": 26.65,
            "inventory_turnover_ratio": 0.39,
            "account_receivable_turnover_ratio": null,
            "reinvestment_rate": null,
            "research_to_sale_ratio": null,
            "price_fair": 11.8,
            "eps_avg_yearly": 0.34,
            "eps_latest_yearly": 0.6,
            "eps_growth_yearly": 574.29
        },
        "20034": {
            "year_quarter": 20034,
            "year": 2003,
            "quarter": 4,
            "eps": -0.12,
            "eps_growth_year": -300,
            "eps_4q": 0.13,
            "eps_4q_growth_year": -49.19,
            "roe": -1.05,
            "roe_4q": 1.9500000000000002,
            "gross_profit": 129841,
            "gross_margin": 60.6,
            "gross_margin_4q_avg": 49.06,
            "net_income": -15729,
            "net_income_4q": null,
            "revenue": 214249,
            "revenue_4q": null,
            "common_shares": 1308186,
            "book_valuer_per_share": 11.34,
            "book_valuer_per_share_4q_avg": 11.32,
            "equity": 1483799,
            "current_ratio": 123.37,
            "debt_ratio": 35.77,
            "inventory_turnover_ratio": 0.31,
            "account_receivable_turnover_ratio": null,
            "reinvestment_rate": null,
            "research_to_sale_ratio": null,
            "price_fair": 11.8,
            "eps_avg_yearly": 0.34,
            "eps_latest_yearly": 0.6,
            "eps_growth_yearly": 574.29
        },
        "20041": {
            "year_quarter": 20041,
            "year": 2004,
            "quarter": 1,
            "eps": 0.06,
            "eps_growth_year": 50,
            "eps_4q": 0.23,
            "eps_4q_growth_year": -20.07,
            "roe": 0.56,
            "roe_4q": 2.1500000000000004,
            "gross_profit": 117130,
            "gross_margin": 57.45,
            "gross_margin_4q_avg": 52.86,
            "net_income": 8325,
            "net_income_4q": null,
            "revenue": 203899,
            "revenue_4q": null,
            "common_shares": 1308186,
            "book_valuer_per_share": 11.45,
            "book_valuer_per_share_4q_avg": 11.39,
            "equity": 1497870,
            "current_ratio": 780.01,
            "debt_ratio": 26.32,
            "inventory_turnover_ratio": 0.4,
            "account_receivable_turnover_ratio": null,
            "reinvestment_rate": -662.94,
            "research_to_sale_ratio": null,
            "price_fair": 11.8,
            "eps_avg_yearly": 0.34,
            "eps_latest_yearly": 0.6,
            "eps_growth_yearly": 574.29
        },
        "20042": {
            "year_quarter": 20042,
            "year": 2004,
            "quarter": 2,
            "eps": 0.11,
            "eps_growth_year": -26.67,
            "eps_4q": 0.2,
            "eps_4q_growth_year": -38.67,
            "roe": 0.94,
            "roe_4q": 1.75,
            "gross_profit": 154259,
            "gross_margin": 59.6,
            "gross_margin_4q_avg": 56.17,
            "net_income": 14156,
            "net_income_4q": null,
            "revenue": 258813,
            "revenue_4q": null,
            "common_shares": 1308186,
            "book_valuer_per_share": 11.52,
            "book_valuer_per_share_4q_avg": 11.45,
            "equity": 1507282,
            "current_ratio": 623.74,
            "debt_ratio": 25.75,
            "inventory_turnover_ratio": 0.61,
            "account_receivable_turnover_ratio": null,
            "reinvestment_rate": 193.25,
            "research_to_sale_ratio": null,
            "price_fair": 12.25,
            "eps_avg_yearly": 0.35,
            "eps_latest_yearly": 0.44,
            "eps_growth_yearly": 544.17
        },
        "20043": {
            "year_quarter": 20043,
            "year": 2004,
            "quarter": 3,
            "eps": 0.18,
            "eps_growth_year": 20,
            "eps_4q": 0.23,
            "eps_4q_growth_year": -42.66,
            "roe": 1.54,
            "roe_4q": 1.99,
            "gross_profit": 147209,
            "gross_margin": 58.69,
            "gross_margin_4q_avg": 59.09,
            "net_income": 23437,
            "net_income_4q": null,
            "revenue": 250836,
            "revenue_4q": null,
            "common_shares": 1308186,
            "book_valuer_per_share": 11.69,
            "book_valuer_per_share_4q_avg": 11.5,
            "equity": 1529399,
            "current_ratio": 679.13,
            "debt_ratio": 25.58,
            "inventory_turnover_ratio": 0.8,
            "account_receivable_turnover_ratio": null,
            "reinvestment_rate": 88.59,
            "research_to_sale_ratio": null,
            "price_fair": 13.69,
            "eps_avg_yearly": 0.39,
            "eps_latest_yearly": 0.72,
            "eps_growth_yearly": 511.99
        },
        "20044": {
            "year_quarter": 20044,
            "year": 2004,
            "quarter": 4,
            "eps": 0.27,
            "eps_growth_year": null,
            "eps_4q": 0.62,
            "eps_4q_growth_year": 374.43,
            "roe": 2.28,
            "roe_4q": 5.32,
            "gross_profit": 213354,
            "gross_margin": 72.42,
            "gross_margin_4q_avg": 62.04,
            "net_income": 35427,
            "net_income_4q": null,
            "revenue": 294623,
            "revenue_4q": null,
            "common_shares": 1308186,
            "book_valuer_per_share": 12.07,
            "book_valuer_per_share_4q_avg": 11.68,
            "equity": 1579182,
            "current_ratio": 131.49,
            "debt_ratio": 35.67,
            "inventory_turnover_ratio": 0.58,
            "account_receivable_turnover_ratio": null,
            "reinvestment_rate": -93.86,
            "research_to_sale_ratio": null,
            "price_fair": 16.1,
            "eps_avg_yearly": 0.46,
            "eps_latest_yearly": 1.08,
            "eps_growth_yearly": 480.79
        },
        "20051": {
            "year_quarter": 20051,
            "year": 2005,
            "quarter": 1,
            "eps": 0.09,
            "eps_growth_year": 50,
            "eps_4q": 0.64,
            "eps_4q_growth_year": 183.22,
            "roe": 0.75,
            "roe_4q": 5.51,
            "gross_profit": 140810,
            "gross_margin": 66.77,
            "gross_margin_4q_avg": 64.37,
            "net_income": 11850,
            "net_income_4q": null,
            "revenue": 210892,
            "revenue_4q": null,
            "common_shares": 1308186,
            "book_valuer_per_share": 12.18,
            "book_valuer_per_share_4q_avg": 11.87,
            "equity": 1593760,
            "current_ratio": 606.71,
            "debt_ratio": 25.7,
            "inventory_turnover_ratio": 0.49,
            "account_receivable_turnover_ratio": null,
            "reinvestment_rate": -24.64,
            "research_to_sale_ratio": null,
            "price_fair": 15.78,
            "eps_avg_yearly": 0.45,
            "eps_latest_yearly": 0.36,
            "eps_growth_yearly": 412.84
        },
        "20052": {
            "year_quarter": 20052,
            "year": 2005,
            "quarter": 2,
            "eps": 0.12,
            "eps_growth_year": 9.09,
            "eps_4q": 0.67,
            "eps_4q_growth_year": 228.12,
            "roe": 0.99,
            "roe_4q": 5.56,
            "gross_profit": 178041,
            "gross_margin": 64.58,
            "gross_margin_4q_avg": 65.62,
            "net_income": 15563,
            "net_income_4q": null,
            "revenue": 275679,
            "revenue_4q": null,
            "common_shares": 1308186,
            "book_valuer_per_share": 11.82,
            "book_valuer_per_share_4q_avg": 11.94,
            "equity": 1546867,
            "current_ratio": 413.47,
            "debt_ratio": 29.3,
            "inventory_turnover_ratio": 0.7,
            "account_receivable_turnover_ratio": null,
            "reinvestment_rate": -14.84,
            "research_to_sale_ratio": null,
            "price_fair": 15.87,
            "eps_avg_yearly": 0.45,
            "eps_latest_yearly": 0.48,
            "eps_growth_yearly": 389.55
        },
        "20053": {
            "year_quarter": 20053,
            "year": 2005,
            "quarter": 3,
            "eps": 0.35,
            "eps_growth_year": 94.44,
            "eps_4q": 0.83,
            "eps_4q_growth_year": 257.56,
            "roe": 2.96,
            "roe_4q": 6.98,
            "gross_profit": 171174,
            "gross_margin": 68.46,
            "gross_margin_4q_avg": 68.06,
            "net_income": 45913,
            "net_income_4q": null,
            "revenue": 250047,
            "revenue_4q": null,
            "common_shares": 1334350,
            "book_valuer_per_share": 11.64,
            "book_valuer_per_share_4q_avg": 11.93,
            "equity": 1553618,
            "current_ratio": 473.08,
            "debt_ratio": 28.81,
            "inventory_turnover_ratio": 0.54,
            "account_receivable_turnover_ratio": null,
            "reinvestment_rate": -7.48,
            "research_to_sale_ratio": null,
            "price_fair": 18.42,
            "eps_avg_yearly": 0.53,
            "eps_latest_yearly": 1.4,
            "eps_growth_yearly": 418.55
        },
        "20054": {
            "year_quarter": 20054,
            "year": 2005,
            "quarter": 4,
            "eps": 0.36,
            "eps_growth_year": 33.33,
            "eps_4q": 0.92,
            "eps_4q_growth_year": 47.74,
            "roe": 3.01,
            "roe_4q": 7.71,
            "gross_profit": 228414,
            "gross_margin": 70,
            "gross_margin_4q_avg": 67.45,
            "net_income": 47484,
            "net_income_4q": null,
            "revenue": 326323,
            "revenue_4q": null,
            "common_shares": 1334350,
            "book_valuer_per_share": 11.99,
            "book_valuer_per_share_4q_avg": 11.91,
            "equity": 1600228,
            "current_ratio": 173.11,
            "debt_ratio": 32.43,
            "inventory_turnover_ratio": 0.63,
            "account_receivable_turnover_ratio": null,
            "reinvestment_rate": -40.97,
            "research_to_sale_ratio": null,
            "price_fair": 20.7,
            "eps_avg_yearly": 0.59,
            "eps_latest_yearly": 1.44,
            "eps_growth_yearly": 389.47
        },
        "20061": {
            "year_quarter": 20061,
            "year": 2006,
            "quarter": 1,
            "eps": 0.16,
            "eps_growth_year": 77.78,
            "eps_4q": 0.99,
            "eps_4q_growth_year": 54.33,
            "roe": 1.29,
            "roe_4q": 8.25,
            "gross_profit": 151561,
            "gross_margin": 65.41,
            "gross_margin_4q_avg": 67.11,
            "net_income": 20884,
            "net_income_4q": null,
            "revenue": 231706,
            "revenue_4q": null,
            "common_shares": 1334350,
            "book_valuer_per_share": 12.2,
            "book_valuer_per_share_4q_avg": 11.91,
            "equity": 1627574,
            "current_ratio": 706.1,
            "debt_ratio": 26.05,
            "inventory_turnover_ratio": 0.52,
            "account_receivable_turnover_ratio": null,
            "reinvestment_rate": -11.93,
            "research_to_sale_ratio": null,
            "price_fair": 22.2,
            "eps_avg_yearly": 0.63,
            "eps_latest_yearly": 0.64,
            "eps_growth_yearly": 399.79
        },
        "20062": {
            "year_quarter": 20062,
            "year": 2006,
            "quarter": 2,
            "eps": 0.05,
            "eps_growth_year": -58.33,
            "eps_4q": 0.95,
            "eps_4q_growth_year": 43.02,
            "roe": 0.4,
            "roe_4q": 7.659999999999999,
            "gross_profit": 176836,
            "gross_margin": 71.66,
            "gross_margin_4q_avg": 68.88,
            "net_income": 6339,
            "net_income_4q": null,
            "revenue": 246771,
            "revenue_4q": null,
            "common_shares": 1334350,
            "book_valuer_per_share": 11.55,
            "book_valuer_per_share_4q_avg": 11.85,
            "equity": 1541365,
            "current_ratio": 448.45,
            "debt_ratio": 30.24,
            "inventory_turnover_ratio": 0.47,
            "account_receivable_turnover_ratio": null,
            "reinvestment_rate": -10.65,
            "research_to_sale_ratio": null,
            "price_fair": 21.7,
            "eps_avg_yearly": 0.62,
            "eps_latest_yearly": 0.2,
            "eps_growth_yearly": 123.01
        },
        "20063": {
            "year_quarter": 20063,
            "year": 2006,
            "quarter": 3,
            "eps": 0.36,
            "eps_growth_year": 2.86,
            "eps_4q": 0.94,
            "eps_4q_growth_year": 13.3,
            "roe": 2.97,
            "roe_4q": 7.67,
            "gross_profit": 193749,
            "gross_margin": 68.43,
            "gross_margin_4q_avg": 68.88,
            "net_income": 46423,
            "net_income_4q": null,
            "revenue": 283137,
            "revenue_4q": null,
            "common_shares": 1334350,
            "book_valuer_per_share": 11.86,
            "book_valuer_per_share_4q_avg": 11.9,
            "equity": 1582854,
            "current_ratio": 707.25,
            "debt_ratio": 28,
            "inventory_turnover_ratio": 0.62,
            "account_receivable_turnover_ratio": null,
            "reinvestment_rate": -6.83,
            "research_to_sale_ratio": null,
            "price_fair": 24.5,
            "eps_avg_yearly": 0.7,
            "eps_latest_yearly": 1.44,
            "eps_growth_yearly": 305.86
        },
        "20064": {
            "year_quarter": 20064,
            "year": 2006,
            "quarter": 4,
            "eps": 0.59,
            "eps_growth_year": 63.89,
            "eps_4q": 1.16,
            "eps_4q_growth_year": 26.21,
            "roe": 4.68,
            "roe_4q": 9.34,
            "gross_profit": 294071,
            "gross_margin": 77.43,
            "gross_margin_4q_avg": 70.73,
            "net_income": 76776,
            "net_income_4q": null,
            "revenue": 379784,
            "revenue_4q": null,
            "common_shares": 1334350,
            "book_valuer_per_share": 12.43,
            "book_valuer_per_share_4q_avg": 12.01,
            "equity": 1698763,
            "current_ratio": 186.26,
            "debt_ratio": 31.63,
            "inventory_turnover_ratio": 0.6,
            "account_receivable_turnover_ratio": null,
            "reinvestment_rate": -19.58,
            "research_to_sale_ratio": null,
            "price_fair": 29.8,
            "eps_avg_yearly": 0.85,
            "eps_latest_yearly": 2.36,
            "eps_growth_yearly": 331.26
        },
        "20071": {
            "year_quarter": 20071,
            "year": 2007,
            "quarter": 1,
            "eps": 0.35,
            "eps_growth_year": 118.75,
            "eps_4q": 1.35,
            "eps_4q_growth_year": 36.04,
            "roe": 2.66,
            "roe_4q": 10.71,
            "gross_profit": 194124,
            "gross_margin": 71.29,
            "gross_margin_4q_avg": 72.2,
            "net_income": 45187,
            "net_income_4q": null,
            "revenue": 272296,
            "revenue_4q": null,
            "common_shares": 1334350,
            "book_valuer_per_share": 12.75,
            "book_valuer_per_share_4q_avg": 12.15,
            "equity": 1701392,
            "current_ratio": 623.87,
            "debt_ratio": 23.2,
            "inventory_turnover_ratio": 0.58,
            "account_receivable_turnover_ratio": null,
            "reinvestment_rate": 4.03,
            "research_to_sale_ratio": null,
            "price_fair": 32.9,
            "eps_avg_yearly": 0.94,
            "eps_latest_yearly": 1.4,
            "eps_growth_yearly": 329.16
        },
        "20072": {
            "year_quarter": 20072,
            "year": 2007,
            "quarter": 2,
            "eps": 0.33,
            "eps_growth_year": 560,
            "eps_4q": 1.61,
            "eps_4q_growth_year": 69.51,
            "roe": 2.6,
            "roe_4q": 12.91,
            "gross_profit": 228883,
            "gross_margin": 74.64,
            "gross_margin_4q_avg": 72.95,
            "net_income": 43318,
            "net_income_4q": null,
            "revenue": 306644,
            "revenue_4q": null,
            "common_shares": 1334350,
            "book_valuer_per_share": 12.19,
            "book_valuer_per_share_4q_avg": 12.31,
            "equity": 1627075,
            "current_ratio": 351,
            "debt_ratio": 28.36,
            "inventory_turnover_ratio": 0.63,
            "account_receivable_turnover_ratio": null,
            "reinvestment_rate": 5.98,
            "research_to_sale_ratio": null,
            "price_fair": 34.7,
            "eps_avg_yearly": 0.99,
            "eps_latest_yearly": 1.32,
            "eps_growth_yearly": 248.96
        },
        "20073": {
            "year_quarter": 20073,
            "year": 2007,
            "quarter": 3,
            "eps": 0.36,
            "eps_growth_year": 0,
            "eps_4q": 1.62,
            "eps_4q_growth_year": 72.75,
            "roe": 2.85,
            "roe_4q": 12.79,
            "gross_profit": 240877,
            "gross_margin": 75.64,
            "gross_margin_4q_avg": 74.75,
            "net_income": 47123,
            "net_income_4q": null,
            "revenue": 318448,
            "revenue_4q": null,
            "common_shares": 1334350,
            "book_valuer_per_share": 12.57,
            "book_valuer_per_share_4q_avg": 12.49,
            "equity": 1676888,
            "current_ratio": 562.73,
            "debt_ratio": 24.64,
            "inventory_turnover_ratio": 0.64,
            "account_receivable_turnover_ratio": null,
            "reinvestment_rate": 5.48,
            "research_to_sale_ratio": null,
            "price_fair": 36.8,
            "eps_avg_yearly": 1.05,
            "eps_latest_yearly": 1.44,
            "eps_growth_yearly": 251.55
        },
        "20074": {
            "year_quarter": 20074,
            "year": 2007,
            "quarter": 4,
            "eps": 0.35,
            "eps_growth_year": -40.68,
            "eps_4q": 1.4,
            "eps_4q_growth_year": 21.05,
            "roe": 2.62,
            "roe_4q": 10.73,
            "gross_profit": 300289,
            "gross_margin": 79.71,
            "gross_margin_4q_avg": 75.32,
            "net_income": 45243,
            "net_income_4q": null,
            "revenue": 376737,
            "revenue_4q": null,
            "common_shares": 1334350,
            "book_valuer_per_share": 12.88,
            "book_valuer_per_share_4q_avg": 12.6,
            "equity": 1773109,
            "current_ratio": 199.2,
            "debt_ratio": 29.81,
            "inventory_turnover_ratio": 0.6,
            "account_receivable_turnover_ratio": null,
            "reinvestment_rate": 4,
            "research_to_sale_ratio": null,
            "price_fair": 37.61,
            "eps_avg_yearly": 1.07,
            "eps_latest_yearly": 1.4,
            "eps_growth_yearly": 234.04
        },
        "20081": {
            "year_quarter": 20081,
            "year": 2008,
            "quarter": 1,
            "eps": 0.06,
            "eps_growth_year": -82.86,
            "eps_4q": 0.49,
            "eps_4q_growth_year": -64.1,
            "roe": 0.99,
            "roe_4q": 9.06,
            "gross_profit": 159645,
            "gross_margin": 38.15,
            "gross_margin_4q_avg": 67.04,
            "net_income": 17653,
            "net_income_4q": null,
            "revenue": 418477,
            "revenue_4q": null,
            "common_shares": 1334350,
            "book_valuer_per_share": 13.04,
            "book_valuer_per_share_4q_avg": 12.67,
            "equity": 1806728,
            "current_ratio": 223.12,
            "debt_ratio": 27.26,
            "inventory_turnover_ratio": 1.89,
            "account_receivable_turnover_ratio": null,
            "reinvestment_rate": 50.52,
            "research_to_sale_ratio": null,
            "price_fair": 35.79,
            "eps_avg_yearly": 1.02,
            "eps_latest_yearly": 0.24,
            "eps_growth_yearly": 198.7
        },
        "20082": {
            "year_quarter": 20082,
            "year": 2008,
            "quarter": 2,
            "eps": 0.37,
            "eps_growth_year": 12.12,
            "eps_4q": 0.74,
            "eps_4q_growth_year": -54.3,
            "roe": 4.34,
            "roe_4q": 10.8,
            "gross_profit": 193251,
            "gross_margin": 39.2,
            "gross_margin_4q_avg": 58.18,
            "net_income": 74131,
            "net_income_4q": null,
            "revenue": 493007,
            "revenue_4q": null,
            "common_shares": 1334350,
            "book_valuer_per_share": 11.92,
            "book_valuer_per_share_4q_avg": 12.6,
            "equity": 1611799,
            "current_ratio": 170.58,
            "debt_ratio": 35.25,
            "inventory_turnover_ratio": 2.37,
            "account_receivable_turnover_ratio": null,
            "reinvestment_rate": 50.34,
            "research_to_sale_ratio": null,
            "price_fair": 38.06,
            "eps_avg_yearly": 1.09,
            "eps_latest_yearly": 1.48,
            "eps_growth_yearly": 307.04
        },
        "20083": {
            "year_quarter": 20083,
            "year": 2008,
            "quarter": 3,
            "eps": 0.32,
            "eps_growth_year": -11.11,
            "eps_4q": 0.79,
            "eps_4q_growth_year": -51.27,
            "roe": 3.53,
            "roe_4q": 11.48,
            "gross_profit": 205522,
            "gross_margin": 37.96,
            "gross_margin_4q_avg": 48.76,
            "net_income": 57637,
            "net_income_4q": null,
            "revenue": 541434,
            "revenue_4q": null,
            "common_shares": 1302350,
            "book_valuer_per_share": 12.45,
            "book_valuer_per_share_4q_avg": 12.57,
            "equity": 1656422,
            "current_ratio": 182.2,
            "debt_ratio": 30.85,
            "inventory_turnover_ratio": 2.58,
            "account_receivable_turnover_ratio": null,
            "reinvestment_rate": 51.99,
            "research_to_sale_ratio": null,
            "price_fair": 39.29,
            "eps_avg_yearly": 1.12,
            "eps_latest_yearly": 1.28,
            "eps_growth_yearly": 287.75
        },
        "20084": {
            "year_quarter": 20084,
            "year": 2008,
            "quarter": 4,
            "eps": 0.52,
            "eps_growth_year": 48.57,
            "eps_4q": 0.92,
            "eps_4q_growth_year": -34.53,
            "roe": 5.49,
            "roe_4q": 14.35,
            "gross_profit": 252551,
            "gross_margin": 38.29,
            "gross_margin_4q_avg": 38.4,
            "net_income": 93383,
            "net_income_4q": null,
            "revenue": 659539,
            "revenue_4q": null,
            "common_shares": 1302350,
            "book_valuer_per_share": 12.93,
            "book_valuer_per_share_4q_avg": 12.59,
            "equity": 1744205,
            "current_ratio": 175.59,
            "debt_ratio": 32.55,
            "inventory_turnover_ratio": 2.89,
            "account_receivable_turnover_ratio": 10.98,
            "reinvestment_rate": 20.46,
            "research_to_sale_ratio": null,
            "price_fair": 41.48,
            "eps_avg_yearly": 1.19,
            "eps_latest_yearly": 2.08,
            "eps_growth_yearly": 290.87
        },
        "20091": {
            "year_quarter": 20091,
            "year": 2009,
            "quarter": 1,
            "eps": 0.29,
            "eps_growth_year": 383.33,
            "eps_4q": 1.1,
            "eps_4q_growth_year": 125.9,
            "roe": 2.88,
            "roe_4q": 16.240000000000002,
            "gross_profit": 181223,
            "gross_margin": 38.94,
            "gross_margin_4q_avg": 38.6,
            "net_income": 51395,
            "net_income_4q": null,
            "revenue": 465420,
            "revenue_4q": null,
            "common_shares": 1302350,
            "book_valuer_per_share": 13.15,
            "book_valuer_per_share_4q_avg": 12.61,
            "equity": 1826911,
            "current_ratio": 179.76,
            "debt_ratio": 29.09,
            "inventory_turnover_ratio": 2.08,
            "account_receivable_turnover_ratio": 3.91,
            "reinvestment_rate": 56.14,
            "research_to_sale_ratio": null,
            "price_fair": 43.23,
            "eps_avg_yearly": 1.24,
            "eps_latest_yearly": 1.16,
            "eps_growth_yearly": 296.48
        },
        "20092": {
            "year_quarter": 20092,
            "year": 2009,
            "quarter": 2,
            "eps": 0.74,
            "eps_growth_year": 100,
            "eps_4q": 1.48,
            "eps_4q_growth_year": 101.26,
            "roe": 6.74,
            "roe_4q": 18.64,
            "gross_profit": 269140,
            "gross_margin": 43.25,
            "gross_margin_4q_avg": 39.61,
            "net_income": 120898,
            "net_income_4q": null,
            "revenue": 622304,
            "revenue_4q": null,
            "common_shares": 1302350,
            "book_valuer_per_share": 12.94,
            "book_valuer_per_share_4q_avg": 12.87,
            "equity": 1762302,
            "current_ratio": 160.32,
            "debt_ratio": 34.52,
            "inventory_turnover_ratio": 2.51,
            "account_receivable_turnover_ratio": 4.74,
            "reinvestment_rate": 50.94,
            "research_to_sale_ratio": null,
            "price_fair": 48.65,
            "eps_avg_yearly": 1.39,
            "eps_latest_yearly": 2.96,
            "eps_growth_yearly": 326.94
        },
        "20093": {
            "year_quarter": 20093,
            "year": 2009,
            "quarter": 3,
            "eps": 0.74,
            "eps_growth_year": 131.25,
            "eps_4q": 1.94,
            "eps_4q_growth_year": 144.94,
            "roe": 6.22,
            "roe_4q": 21.33,
            "gross_profit": 277710,
            "gross_margin": 36.1,
            "gross_margin_4q_avg": 39.15,
            "net_income": 113185,
            "net_income_4q": null,
            "revenue": 769296,
            "revenue_4q": null,
            "common_shares": 1302350,
            "book_valuer_per_share": 13.71,
            "book_valuer_per_share_4q_avg": 13.18,
            "equity": 1879933,
            "current_ratio": 173.62,
            "debt_ratio": 31.36,
            "inventory_turnover_ratio": 3.3,
            "account_receivable_turnover_ratio": 4.95,
            "reinvestment_rate": 50.17,
            "research_to_sale_ratio": null,
            "price_fair": 52.06,
            "eps_avg_yearly": 1.49,
            "eps_latest_yearly": 2.96,
            "eps_growth_yearly": 279.02
        },
        "20094": {
            "year_quarter": 20094,
            "year": 2009,
            "quarter": 4,
            "eps": 1.15,
            "eps_growth_year": 121.15,
            "eps_4q": 2.91,
            "eps_4q_growth_year": 217.94,
            "roe": 9.79,
            "roe_4q": 25.63,
            "gross_profit": 1616274,
            "gross_margin": 167.52,
            "gross_margin_4q_avg": 71.45,
            "net_income": 193550,
            "net_income_4q": null,
            "revenue": 964839,
            "revenue_4q": null,
            "common_shares": 1302350,
            "book_valuer_per_share": 14.88,
            "book_valuer_per_share_4q_avg": 13.67,
            "equity": 2075835,
            "current_ratio": 167.82,
            "debt_ratio": 35.23,
            "inventory_turnover_ratio": -4.51,
            "account_receivable_turnover_ratio": 13.91,
            "reinvestment_rate": 52.63,
            "research_to_sale_ratio": null,
            "price_fair": 58.98,
            "eps_avg_yearly": 1.69,
            "eps_latest_yearly": 4.6,
            "eps_growth_yearly": 292.16
        },
        "20101": {
            "year_quarter": 20101,
            "year": 2010,
            "quarter": 1,
            "eps": 0.5,
            "eps_growth_year": 72.41,
            "eps_4q": 3.13,
            "eps_4q_growth_year": 184.97,
            "roe": 4.12,
            "roe_4q": 26.869999999999997,
            "gross_profit": 250727,
            "gross_margin": 40.42,
            "gross_margin_4q_avg": 71.82,
            "net_income": 87266,
            "net_income_4q": null,
            "revenue": 620238,
            "revenue_4q": null,
            "common_shares": 1302350,
            "book_valuer_per_share": 15.39,
            "book_valuer_per_share_4q_avg": 14.23,
            "equity": 2164821,
            "current_ratio": 143.94,
            "debt_ratio": 29.06,
            "inventory_turnover_ratio": 2.54,
            "account_receivable_turnover_ratio": 4.18,
            "reinvestment_rate": 120.21,
            "research_to_sale_ratio": 3.39,
            "price_fair": 61.95,
            "eps_avg_yearly": 1.77,
            "eps_latest_yearly": 2,
            "eps_growth_yearly": 291.92
        },
        "20102": {
            "year_quarter": 20102,
            "year": 2010,
            "quarter": 2,
            "eps": 0.82,
            "eps_growth_year": 10.99,
            "eps_4q": 3.21,
            "eps_4q_growth_year": 116.56,
            "roe": 6.87,
            "roe_4q": 27,
            "gross_profit": 342555,
            "gross_margin": 41.24,
            "gross_margin_4q_avg": 71.32,
            "net_income": 141300,
            "net_income_4q": null,
            "revenue": 830594,
            "revenue_4q": null,
            "common_shares": 1302350,
            "book_valuer_per_share": 14.18,
            "book_valuer_per_share_4q_avg": 14.54,
            "equity": 1951143,
            "current_ratio": 99.44,
            "debt_ratio": 37.93,
            "inventory_turnover_ratio": 3.15,
            "account_receivable_turnover_ratio": 4.94,
            "reinvestment_rate": 116.94,
            "research_to_sale_ratio": 1.72,
            "price_fair": 68.69,
            "eps_avg_yearly": 1.96,
            "eps_latest_yearly": 3.28,
            "eps_growth_yearly": 325.11
        },
        "20103": {
            "year_quarter": 20103,
            "year": 2010,
            "quarter": 3,
            "eps": 0.79,
            "eps_growth_year": 7,
            "eps_4q": 3.27,
            "eps_4q_growth_year": 68.74,
            "roe": 6.65,
            "roe_4q": 27.43,
            "gross_profit": 302987,
            "gross_margin": 35.93,
            "gross_margin_4q_avg": 71.28,
            "net_income": 134189,
            "net_income_4q": null,
            "revenue": 843285,
            "revenue_4q": null,
            "common_shares": 1302350,
            "book_valuer_per_share": 14.95,
            "book_valuer_per_share_4q_avg": 14.85,
            "equity": 2083395,
            "current_ratio": 134.16,
            "debt_ratio": 29.15,
            "inventory_turnover_ratio": 3.37,
            "account_receivable_turnover_ratio": 4.62,
            "reinvestment_rate": 142.9,
            "research_to_sale_ratio": 1.8,
            "price_fair": 72.45,
            "eps_avg_yearly": 2.07,
            "eps_latest_yearly": 3.16,
            "eps_growth_yearly": 169.19
        },
        "20104": {
            "year_quarter": 20104,
            "year": 2010,
            "quarter": 4,
            "eps": 1.17,
            "eps_growth_year": 1.77,
            "eps_4q": 3.28,
            "eps_4q_growth_year": 12.75,
            "roe": 9.26,
            "roe_4q": 26.900000000000002,
            "gross_profit": 1864958,
            "gross_margin": 188.73,
            "gross_margin_4q_avg": 76.58,
            "net_income": 201096,
            "net_income_4q": null,
            "revenue": 988157,
            "revenue_4q": null,
            "common_shares": 1302350,
            "book_valuer_per_share": 15.94,
            "book_valuer_per_share_4q_avg": 15.12,
            "equity": 2259885,
            "current_ratio": 153.61,
            "debt_ratio": 29.41,
            "inventory_turnover_ratio": -4.84,
            "account_receivable_turnover_ratio": 6.15,
            "reinvestment_rate": 112.76,
            "research_to_sale_ratio": 1.66,
            "price_fair": 77.53,
            "eps_avg_yearly": 2.22,
            "eps_latest_yearly": 4.68,
            "eps_growth_yearly": 165.25
        },
        "20111": {
            "year_quarter": 20111,
            "year": 2011,
            "quarter": 1,
            "eps": 1.03,
            "eps_growth_year": 106,
            "eps_4q": 3.81,
            "eps_4q_growth_year": 21.98,
            "roe": 7.38,
            "roe_4q": 30.16,
            "gross_profit": 744506,
            "gross_margin": 83.43,
            "gross_margin_4q_avg": 87.33,
            "net_income": 173145,
            "net_income_4q": null,
            "revenue": 892378,
            "revenue_4q": null,
            "common_shares": 1302350,
            "book_valuer_per_share": 16.99,
            "book_valuer_per_share_4q_avg": 15.52,
            "equity": 2435362,
            "current_ratio": 179.13,
            "debt_ratio": 25.34,
            "inventory_turnover_ratio": 0.77,
            "account_receivable_turnover_ratio": 6.08,
            "reinvestment_rate": 126.7,
            "research_to_sale_ratio": 1.99,
            "price_fair": 83.48,
            "eps_avg_yearly": 2.39,
            "eps_latest_yearly": 4.12,
            "eps_growth_yearly": 172.42
        },
        "20112": {
            "year_quarter": 20112,
            "year": 2011,
            "quarter": 2,
            "eps": 1.04,
            "eps_growth_year": 26.56,
            "eps_4q": 4.03,
            "eps_4q_growth_year": 25.55,
            "roe": 8.26,
            "roe_4q": 31.549999999999997,
            "gross_profit": 841173,
            "gross_margin": 87.02,
            "gross_margin_4q_avg": 98.78,
            "net_income": 190120,
            "net_income_4q": null,
            "revenue": 966596,
            "revenue_4q": null,
            "common_shares": 1302350,
            "book_valuer_per_share": 15.47,
            "book_valuer_per_share_4q_avg": 15.84,
            "equity": 2170063,
            "current_ratio": 132.73,
            "debt_ratio": 35.38,
            "inventory_turnover_ratio": 0.69,
            "account_receivable_turnover_ratio": 6.22,
            "reinvestment_rate": 110.83,
            "research_to_sale_ratio": 1.77,
            "price_fair": 89.69,
            "eps_avg_yearly": 2.56,
            "eps_latest_yearly": 4.16,
            "eps_growth_yearly": 174.1
        },
        "20113": {
            "year_quarter": 20113,
            "year": 2011,
            "quarter": 3,
            "eps": 0.51,
            "eps_growth_year": -35.04,
            "eps_4q": 3.76,
            "eps_4q_growth_year": 14.9,
            "roe": 4.11,
            "roe_4q": 29.009999999999998,
            "gross_profit": 791639,
            "gross_margin": 86.28,
            "gross_margin_4q_avg": 111.37,
            "net_income": 91398,
            "net_income_4q": null,
            "revenue": 917531,
            "revenue_4q": null,
            "common_shares": 1302350,
            "book_valuer_per_share": 16.11,
            "book_valuer_per_share_4q_avg": 16.13,
            "equity": 2277847,
            "current_ratio": 162.11,
            "debt_ratio": 27.57,
            "inventory_turnover_ratio": 0.67,
            "account_receivable_turnover_ratio": 5.58,
            "reinvestment_rate": 114.19,
            "research_to_sale_ratio": 3.18,
            "price_fair": 91,
            "eps_avg_yearly": 2.6,
            "eps_latest_yearly": 2.04,
            "eps_growth_yearly": 159.08
        },
        "20114": {
            "year_quarter": 20114,
            "year": 2011,
            "quarter": 4,
            "eps": 1.05,
            "eps_growth_year": -10.54,
            "eps_4q": 3.63,
            "eps_4q_growth_year": 10.61,
            "roe": 8.59,
            "roe_4q": 28.34,
            "gross_profit": 879755,
            "gross_margin": 88.46,
            "gross_margin_4q_avg": 86.3,
            "net_income": 204024,
            "net_income_4q": null,
            "revenue": 994516,
            "revenue_4q": null,
            "common_shares": 1302350,
            "book_valuer_per_share": 17.08,
            "book_valuer_per_share_4q_avg": 16.41,
            "equity": 2471343,
            "current_ratio": 178.49,
            "debt_ratio": 28.49,
            "inventory_turnover_ratio": 0.61,
            "account_receivable_turnover_ratio": 6.29,
            "reinvestment_rate": 49.8,
            "research_to_sale_ratio": 2.13,
            "price_fair": 97.13,
            "eps_avg_yearly": 2.78,
            "eps_latest_yearly": 4.2,
            "eps_growth_yearly": 186.25
        },
        "20121": {
            "year_quarter": 20121,
            "year": 2012,
            "quarter": 1,
            "eps": 1.17,
            "eps_growth_year": 13.59,
            "eps_4q": 3.77,
            "eps_4q_growth_year": -1.28,
            "roe": 7.6,
            "roe_4q": 28.559999999999995,
            "gross_profit": 858979,
            "gross_margin": 81.41,
            "gross_margin_4q_avg": 85.79,
            "net_income": 195038,
            "net_income_4q": null,
            "revenue": 1055098,
            "revenue_4q": null,
            "common_shares": 1302350,
            "book_valuer_per_share": 18.18,
            "book_valuer_per_share_4q_avg": 16.71,
            "equity": 2658919,
            "current_ratio": 209.05,
            "debt_ratio": 26.09,
            "inventory_turnover_ratio": 1.02,
            "account_receivable_turnover_ratio": 6.97,
            "reinvestment_rate": 92.29,
            "research_to_sale_ratio": 1.17,
            "price_fair": 106.84,
            "eps_avg_yearly": 3.05,
            "eps_latest_yearly": 4.68,
            "eps_growth_yearly": 209.82
        },
        "20122": {
            "year_quarter": 20122,
            "year": 2012,
            "quarter": 2,
            "eps": 1.05,
            "eps_growth_year": 0.63,
            "eps_4q": 3.77,
            "eps_4q_growth_year": -6.46,
            "roe": 7.94,
            "roe_4q": 28.24,
            "gross_profit": 1010753,
            "gross_margin": 93.2,
            "gross_margin_4q_avg": 87.34,
            "net_income": 196918,
            "net_income_4q": null,
            "revenue": 1084466,
            "revenue_4q": null,
            "common_shares": 1302350,
            "book_valuer_per_share": 16.26,
            "book_valuer_per_share_4q_avg": 16.91,
            "equity": 2302308,
            "current_ratio": 139.53,
            "debt_ratio": 38.29,
            "inventory_turnover_ratio": 0.38,
            "account_receivable_turnover_ratio": 6.93,
            "reinvestment_rate": 79.23,
            "research_to_sale_ratio": 3.07,
            "price_fair": 112.79,
            "eps_avg_yearly": 3.22,
            "eps_latest_yearly": 4.2,
            "eps_growth_yearly": 78.09
        },
        "20123": {
            "year_quarter": 20123,
            "year": 2012,
            "quarter": 3,
            "eps": 1.24,
            "eps_growth_year": 141.01,
            "eps_4q": 4.5,
            "eps_4q_growth_year": 19.76,
            "roe": 9.23,
            "roe_4q": 33.36,
            "gross_profit": 1010271,
            "gross_margin": 86.92,
            "gross_margin_4q_avg": 87.5,
            "net_income": 222423,
            "net_income_4q": null,
            "revenue": 1162312,
            "revenue_4q": null,
            "common_shares": 1302350,
            "book_valuer_per_share": 17.45,
            "book_valuer_per_share_4q_avg": 17.24,
            "equity": 2518485,
            "current_ratio": 177.56,
            "debt_ratio": 29.53,
            "inventory_turnover_ratio": 0.75,
            "account_receivable_turnover_ratio": 7.6,
            "reinvestment_rate": 78.28,
            "research_to_sale_ratio": 1.39,
            "price_fair": 120.84,
            "eps_avg_yearly": 3.45,
            "eps_latest_yearly": 4.96,
            "eps_growth_yearly": 85.99
        },
        "20124": {
            "year_quarter": 20124,
            "year": 2012,
            "quarter": 4,
            "eps": 1.3,
            "eps_growth_year": 24.28,
            "eps_4q": 4.75,
            "eps_4q_growth_year": 30.83,
            "roe": 8.82,
            "roe_4q": 33.59,
            "gross_profit": 1148183,
            "gross_margin": 87.66,
            "gross_margin_4q_avg": 87.3,
            "net_income": 232044,
            "net_income_4q": null,
            "revenue": 1309843,
            "revenue_4q": null,
            "common_shares": 1302350,
            "book_valuer_per_share": 18.69,
            "book_valuer_per_share_4q_avg": 17.65,
            "equity": 2741949,
            "current_ratio": 190.24,
            "debt_ratio": 29.12,
            "inventory_turnover_ratio": 0.76,
            "account_receivable_turnover_ratio": 8.86,
            "reinvestment_rate": 81.15,
            "research_to_sale_ratio": 1.22,
            "price_fair": 127.66,
            "eps_avg_yearly": 3.65,
            "eps_latest_yearly": 5.2,
            "eps_growth_yearly": 71.58
        },
        "20131": {
            "year_quarter": 20131,
            "year": 2013,
            "quarter": 1,
            "eps": 1.33,
            "eps_growth_year": 13.68,
            "eps_4q": 4.92,
            "eps_4q_growth_year": 30.55,
            "roe": 8.2,
            "roe_4q": 34.19,
            "gross_profit": 1074035,
            "gross_margin": 87.47,
            "gross_margin_4q_avg": 88.81,
            "net_income": 233452,
            "net_income_4q": null,
            "revenue": 1227953,
            "revenue_4q": null,
            "common_shares": 1302350,
            "book_valuer_per_share": 19.84,
            "book_valuer_per_share_4q_avg": 18.06,
            "equity": 2952069,
            "current_ratio": 199.01,
            "debt_ratio": 27.98,
            "inventory_turnover_ratio": 0.7,
            "account_receivable_turnover_ratio": 9.33,
            "reinvestment_rate": 30.86,
            "research_to_sale_ratio": 1.18,
            "price_fair": 136.76,
            "eps_avg_yearly": 3.91,
            "eps_latest_yearly": 5.32,
            "eps_growth_yearly": 83.21
        },
        "20132": {
            "year_quarter": 20132,
            "year": 2013,
            "quarter": 2,
            "eps": 1.54,
            "eps_growth_year": 47.23,
            "eps_4q": 5.41,
            "eps_4q_growth_year": 43.5,
            "roe": 9.94,
            "roe_4q": 36.19,
            "gross_profit": 1337775,
            "gross_margin": 88.07,
            "gross_margin_4q_avg": 87.53,
            "net_income": 272951,
            "net_income_4q": null,
            "revenue": 1518923,
            "revenue_4q": null,
            "common_shares": 1302350,
            "book_valuer_per_share": 17.68,
            "book_valuer_per_share_4q_avg": 18.42,
            "equity": 2537810,
            "current_ratio": 131.15,
            "debt_ratio": 40.84,
            "inventory_turnover_ratio": 0.8,
            "account_receivable_turnover_ratio": 11.85,
            "reinvestment_rate": 35.1,
            "research_to_sale_ratio": 1.13,
            "price_fair": 143.76,
            "eps_avg_yearly": 4.11,
            "eps_latest_yearly": 6.16,
            "eps_growth_yearly": 48.36
        },
        "20133": {
            "year_quarter": 20133,
            "year": 2013,
            "quarter": 3,
            "eps": 1.58,
            "eps_growth_year": 27.44,
            "eps_4q": 5.75,
            "eps_4q_growth_year": 27.95,
            "roe": 11.31,
            "roe_4q": 38.269999999999996,
            "gross_profit": 1239228,
            "gross_margin": 89.21,
            "gross_margin_4q_avg": 88.1,
            "net_income": 304249,
            "net_income_4q": null,
            "revenue": 1389154,
            "revenue_4q": null,
            "common_shares": 1302350,
            "book_valuer_per_share": 19.26,
            "book_valuer_per_share_4q_avg": 18.87,
            "equity": 2842737,
            "current_ratio": 148.08,
            "debt_ratio": 28.73,
            "inventory_turnover_ratio": 0.65,
            "account_receivable_turnover_ratio": 11.88,
            "reinvestment_rate": 33.82,
            "research_to_sale_ratio": 1.91,
            "price_fair": 151.11,
            "eps_avg_yearly": 4.32,
            "eps_latest_yearly": 6.32,
            "eps_growth_yearly": 49.01
        },
        "20134": {
            "year_quarter": 20134,
            "year": 2013,
            "quarter": 4,
            "eps": 1.96,
            "eps_growth_year": 50.9,
            "eps_4q": 6.42,
            "eps_4q_growth_year": 35.04,
            "roe": 12.23,
            "roe_4q": 41.67999999999999,
            "gross_profit": 1343982,
            "gross_margin": 88.63,
            "gross_margin_4q_avg": 88.35,
            "net_income": 370777,
            "net_income_4q": null,
            "revenue": 1516383,
            "revenue_4q": null,
            "common_shares": 1302350,
            "book_valuer_per_share": 21.28,
            "book_valuer_per_share_4q_avg": 19.52,
            "equity": 3220811,
            "current_ratio": 150.19,
            "debt_ratio": 30.42,
            "inventory_turnover_ratio": 0.73,
            "account_receivable_turnover_ratio": 16.16,
            "reinvestment_rate": 19.97,
            "research_to_sale_ratio": 2.23,
            "price_fair": 158.2,
            "eps_avg_yearly": 4.52,
            "eps_latest_yearly": 7.84,
            "eps_growth_yearly": 41.17
        },
        "20141": {
            "year_quarter": 20141,
            "year": 2014,
            "quarter": 1,
            "eps": 1.49,
            "eps_growth_year": 12.03,
            "eps_4q": 6.58,
            "eps_4q_growth_year": 33.87,
            "roe": 8.58,
            "roe_4q": 42.06,
            "gross_profit": 1233827,
            "gross_margin": 88.8,
            "gross_margin_4q_avg": 88.68,
            "net_income": 288704,
            "net_income_4q": null,
            "revenue": 1389503,
            "revenue_4q": null,
            "common_shares": 1302350,
            "book_valuer_per_share": 22.78,
            "book_valuer_per_share_4q_avg": 20.25,
            "equity": 3509850,
            "current_ratio": 169.03,
            "debt_ratio": 27.83,
            "inventory_turnover_ratio": 0.65,
            "account_receivable_turnover_ratio": 15.48,
            "reinvestment_rate": 1.38,
            "research_to_sale_ratio": 2.44,
            "price_fair": 166.86,
            "eps_avg_yearly": 4.77,
            "eps_latest_yearly": 5.96,
            "eps_growth_yearly": 49.31
        },
        "20142": {
            "year_quarter": 20142,
            "year": 2014,
            "quarter": 2,
            "eps": 1.62,
            "eps_growth_year": 5.19,
            "eps_4q": 6.66,
            "eps_4q_growth_year": 22.96,
            "roe": 9.62,
            "roe_4q": 41.74,
            "gross_profit": 1428737,
            "gross_margin": 87.47,
            "gross_margin_4q_avg": 88.53,
            "net_income": 309451,
            "net_income_4q": null,
            "revenue": 1633384,
            "revenue_4q": null,
            "common_shares": 1302350,
            "book_valuer_per_share": 19.41,
            "book_valuer_per_share_4q_avg": 20.68,
            "equity": 2922769,
            "current_ratio": 101.21,
            "debt_ratio": 42.39,
            "inventory_turnover_ratio": 0.88,
            "account_receivable_turnover_ratio": 17.79,
            "reinvestment_rate": 0.71,
            "research_to_sale_ratio": 0.7,
            "price_fair": 173.86,
            "eps_avg_yearly": 4.97,
            "eps_latest_yearly": 6.48,
            "eps_growth_yearly": 35.49
        },
        "20143": {
            "year_quarter": 20143,
            "year": 2014,
            "quarter": 3,
            "eps": 1.89,
            "eps_growth_year": 19.62,
            "eps_4q": 6.96,
            "eps_4q_growth_year": 20.99,
            "roe": 11.65,
            "roe_4q": 42.08,
            "gross_profit": 1333484,
            "gross_margin": 88.3,
            "gross_margin_4q_avg": 88.3,
            "net_income": 361539,
            "net_income_4q": null,
            "revenue": 1510096,
            "revenue_4q": null,
            "common_shares": 1302350,
            "book_valuer_per_share": 21.28,
            "book_valuer_per_share_4q_avg": 21.19,
            "equity": 3281719,
            "current_ratio": 130.08,
            "debt_ratio": 28.64,
            "inventory_turnover_ratio": 0.75,
            "account_receivable_turnover_ratio": 16.81,
            "reinvestment_rate": -11.56,
            "research_to_sale_ratio": 1.25,
            "price_fair": 183.49,
            "eps_avg_yearly": 5.24,
            "eps_latest_yearly": 7.56,
            "eps_growth_yearly": 40.57
        },
        "20144": {
            "year_quarter": 20144,
            "year": 2014,
            "quarter": 4,
            "eps": 2.24,
            "eps_growth_year": 13.94,
            "eps_4q": 7.24,
            "eps_4q_growth_year": 12.77,
            "roe": 12.2,
            "roe_4q": 42.05,
            "gross_profit": 1572841,
            "gross_margin": 89.47,
            "gross_margin_4q_avg": 88.51,
            "net_income": 426819,
            "net_income_4q": null,
            "revenue": 1757919,
            "revenue_4q": null,
            "common_shares": 1302350,
            "book_valuer_per_share": 23.58,
            "book_valuer_per_share_4q_avg": 21.76,
            "equity": 3716708,
            "current_ratio": 134.36,
            "debt_ratio": 30.77,
            "inventory_turnover_ratio": 0.72,
            "account_receivable_turnover_ratio": 18.73,
            "reinvestment_rate": -4.39,
            "research_to_sale_ratio": 1.15,
            "price_fair": 192.85,
            "eps_avg_yearly": 5.51,
            "eps_latest_yearly": 8.96,
            "eps_growth_yearly": 33.18
        },
        "20151": {
            "year_quarter": 20151,
            "year": 2015,
            "quarter": 1,
            "eps": 1.83,
            "eps_growth_year": 22.82,
            "eps_4q": 7.57,
            "eps_4q_growth_year": 14.99,
            "roe": 8.92,
            "roe_4q": 42.38999999999999,
            "gross_profit": 1458359,
            "gross_margin": 88.35,
            "gross_margin_4q_avg": 88.4,
            "net_income": 347034,
            "net_income_4q": null,
            "revenue": 1650752,
            "revenue_4q": null,
            "common_shares": 1302350,
            "book_valuer_per_share": 25.39,
            "book_valuer_per_share_4q_avg": 22.42,
            "equity": 4061046,
            "current_ratio": 64.11,
            "debt_ratio": 47.14,
            "inventory_turnover_ratio": 0.69,
            "account_receivable_turnover_ratio": 16.53,
            "reinvestment_rate": 92.33,
            "research_to_sale_ratio": 1.94,
            "price_fair": 199.85,
            "eps_avg_yearly": 5.71,
            "eps_latest_yearly": 7.32,
            "eps_growth_yearly": 31.59
        },
        "20152": {
            "year_quarter": 20152,
            "year": 2015,
            "quarter": 2,
            "eps": 1.87,
            "eps_growth_year": 15.43,
            "eps_4q": 7.83,
            "eps_4q_growth_year": 17.58,
            "roe": 9.67,
            "roe_4q": 42.44,
            "gross_profit": 1634304,
            "gross_margin": 87.95,
            "gross_margin_4q_avg": 88.52,
            "net_income": 356896,
            "net_income_4q": null,
            "revenue": 1858141,
            "revenue_4q": null,
            "common_shares": 1302350,
            "book_valuer_per_share": 21.93,
            "book_valuer_per_share_4q_avg": 23.05,
            "equity": 3324081,
            "current_ratio": 81.06,
            "debt_ratio": 56.26,
            "inventory_turnover_ratio": 0.73,
            "account_receivable_turnover_ratio": 18.66,
            "reinvestment_rate": 103.29,
            "research_to_sale_ratio": 1.16,
            "price_fair": 207.11,
            "eps_avg_yearly": 5.92,
            "eps_latest_yearly": 7.48,
            "eps_growth_yearly": 31.9
        },
        "20153": {
            "year_quarter": 20153,
            "year": 2015,
            "quarter": 3,
            "eps": 2.01,
            "eps_growth_year": 6.35,
            "eps_4q": 7.95,
            "eps_4q_growth_year": 14.15,
            "roe": 11.07,
            "roe_4q": 41.86,
            "gross_profit": 1513114,
            "gross_margin": 87.54,
            "gross_margin_4q_avg": 88.33,
            "net_income": 392768,
            "net_income_4q": null,
            "revenue": 1728440,
            "revenue_4q": null,
            "common_shares": 1302350,
            "book_valuer_per_share": 24.38,
            "book_valuer_per_share_4q_avg": 23.82,
            "equity": 3773727,
            "current_ratio": 144.94,
            "debt_ratio": 52.14,
            "inventory_turnover_ratio": 0.62,
            "account_receivable_turnover_ratio": 16.2,
            "reinvestment_rate": 99.37,
            "research_to_sale_ratio": 1.32,
            "price_fair": 220.24,
            "eps_avg_yearly": 6.29,
            "eps_latest_yearly": 8.04,
            "eps_growth_yearly": 46.51
        },
        "20154": {
            "year_quarter": 20154,
            "year": 2015,
            "quarter": 4,
            "eps": 2.36,
            "eps_growth_year": 5.61,
            "eps_4q": 8.07,
            "eps_4q_growth_year": 11.53,
            "roe": 11.26,
            "roe_4q": 40.92,
            "gross_profit": 1779364,
            "gross_margin": 88.5,
            "gross_margin_4q_avg": 88.09,
            "net_income": 450186,
            "net_income_4q": null,
            "revenue": 2010522,
            "revenue_4q": null,
            "common_shares": 1303001,
            "book_valuer_per_share": 26.69,
            "book_valuer_per_share_4q_avg": 24.6,
            "equity": 4219556,
            "current_ratio": 148.22,
            "debt_ratio": 51.01,
            "inventory_turnover_ratio": 0.64,
            "account_receivable_turnover_ratio": 18.95,
            "reinvestment_rate": 115.59,
            "research_to_sale_ratio": 1.1,
            "price_fair": 227.67,
            "eps_avg_yearly": 6.62,
            "eps_latest_yearly": 9.44,
            "eps_growth_yearly": 24.39
        },
        "20161": {
            "year_quarter": 20161,
            "year": 2016,
            "quarter": 1,
            "eps": 2.17,
            "eps_growth_year": 18.58,
            "eps_4q": 8.42,
            "eps_4q_growth_year": 11.22,
            "roe": 9.31,
            "roe_4q": 41.31,
            "gross_profit": 1773590,
            "gross_margin": 88.28,
            "gross_margin_4q_avg": 88.07,
            "net_income": 412386,
            "net_income_4q": null,
            "revenue": 2008974,
            "revenue_4q": null,
            "common_shares": 1303324,
            "book_valuer_per_share": 28.89,
            "book_valuer_per_share_4q_avg": 25.47,
            "equity": 4635843,
            "current_ratio": 145.14,
            "debt_ratio": 48.45,
            "inventory_turnover_ratio": 0.63,
            "account_receivable_turnover_ratio": 18.32,
            "reinvestment_rate": 93.04,
            "research_to_sale_ratio": 1.49,
            "price_fair": 202.81,
            "eps_avg_yearly": 6.87,
            "eps_latest_yearly": 8.68,
            "eps_growth_yearly": 19.52
        },
        "20162": {
            "year_quarter": 20162,
            "year": 2016,
            "quarter": 2,
            "eps": 2.27,
            "eps_growth_year": 21.39,
            "eps_4q": 8.81,
            "eps_4q_growth_year": 12.5,
            "roe": 9.96,
            "roe_4q": 41.6,
            "gross_profit": 2088265,
            "gross_margin": 88.84,
            "gross_margin_4q_avg": 88.29,
            "net_income": 429008,
            "net_income_4q": null,
            "revenue": 2350667,
            "revenue_4q": null,
            "common_shares": 1303946,
            "book_valuer_per_share": 25.57,
            "book_valuer_per_share_4q_avg": 26.38,
            "equity": 3981245,
            "current_ratio": 102.12,
            "debt_ratio": 56.98,
            "inventory_turnover_ratio": 0.61,
            "account_receivable_turnover_ratio": 19.13,
            "reinvestment_rate": 94.64,
            "research_to_sale_ratio": 1.2,
            "price_fair": 238.48,
            "eps_avg_yearly": 7.18,
            "eps_latest_yearly": 9.08,
            "eps_growth_yearly": 23.24
        },
        "20163": {
            "year_quarter": 20163,
            "year": 2016,
            "quarter": 3,
            "eps": 2.51,
            "eps_growth_year": 24.88,
            "eps_4q": 9.1,
            "eps_4q_growth_year": 14.51,
            "roe": 10.91,
            "roe_4q": 41.44,
            "gross_profit": 1935572,
            "gross_margin": 84.27,
            "gross_margin_4q_avg": 87.47,
            "net_income": 491524,
            "net_income_4q": null,
            "revenue": 2296914,
            "revenue_4q": null,
            "common_shares": 1339502,
            "book_valuer_per_share": 31.54,
            "book_valuer_per_share_4q_avg": 28.17,
            "equity": 5031249,
            "current_ratio": 100.76,
            "debt_ratio": 42.78,
            "inventory_turnover_ratio": 0.75,
            "account_receivable_turnover_ratio": 17.89,
            "reinvestment_rate": 95.1,
            "research_to_sale_ratio": 1.14,
            "price_fair": 234.94,
            "eps_avg_yearly": 7.49,
            "eps_latest_yearly": 10.04,
            "eps_growth_yearly": 21.36
        },
        "20164": {
            "year_quarter": 20164,
            "year": 2016,
            "quarter": 4,
            "eps": 2.85,
            "eps_growth_year": 20.66,
            "eps_4q": 9.59,
            "eps_4q_growth_year": 18.83,
            "roe": 10.25,
            "roe_4q": 40.43,
            "gross_profit": 2121605,
            "gross_margin": 83.91,
            "gross_margin_4q_avg": 86.33,
            "net_income": 554002,
            "net_income_4q": null,
            "revenue": 2528466,
            "revenue_4q": null,
            "common_shares": 1352142,
            "book_valuer_per_share": 35.56,
            "book_valuer_per_share_4q_avg": 30.39,
            "equity": 5782949,
            "current_ratio": 120.11,
            "debt_ratio": 39.44,
            "inventory_turnover_ratio": 0.87,
            "account_receivable_turnover_ratio": 14.95,
            "reinvestment_rate": 87.86,
            "research_to_sale_ratio": 1.17,
            "price_fair": 264.24,
            "eps_avg_yearly": 7.88,
            "eps_latest_yearly": 11.4,
            "eps_growth_yearly": 23.53
        },
        "20171": {
            "year_quarter": 20171,
            "year": 2017,
            "quarter": 1,
            "eps": 1.92,
            "eps_growth_year": -11.52,
            "eps_4q": 9.45,
            "eps_4q_growth_year": 12.22,
            "roe": 6.45,
            "roe_4q": 37.57,
            "gross_profit": 1739356,
            "gross_margin": 86.8,
            "gross_margin_4q_avg": 85.96,
            "net_income": 381510,
            "net_income_4q": null,
            "revenue": 2003929,
            "revenue_4q": null,
            "common_shares": 1352142,
            "book_valuer_per_share": 36.76,
            "book_valuer_per_share_4q_avg": 32.36,
            "equity": 6049470,
            "current_ratio": 130.16,
            "debt_ratio": 36.58,
            "inventory_turnover_ratio": 0.6,
            "account_receivable_turnover_ratio": 10.87,
            "reinvestment_rate": 108.06,
            "research_to_sale_ratio": 1.81,
            "price_fair": 199.07,
            "eps_avg_yearly": 8.03,
            "eps_latest_yearly": 7.68,
            "eps_growth_yearly": 14.8
        },
        "20172": {
            "year_quarter": 20172,
            "year": 2017,
            "quarter": 2,
            "eps": 2.38,
            "eps_growth_year": 4.85,
            "eps_4q": 9.64,
            "eps_4q_growth_year": 9.44,
            "roe": 7.81,
            "roe_4q": 35.42,
            "gross_profit": 1980511,
            "gross_margin": 84.16,
            "gross_margin_4q_avg": 84.79,
            "net_income": 439833,
            "net_income_4q": null,
            "revenue": 2353407,
            "revenue_4q": null,
            "common_shares": 1352142,
            "book_valuer_per_share": 32.81,
            "book_valuer_per_share_4q_avg": 34.17,
            "equity": 5211515,
            "current_ratio": 89.16,
            "debt_ratio": 46.37,
            "inventory_turnover_ratio": 0.79,
            "account_receivable_turnover_ratio": 11.69,
            "reinvestment_rate": 103.88,
            "research_to_sale_ratio": 1.63,
            "price_fair": 221.1,
            "eps_avg_yearly": 8.24,
            "eps_latest_yearly": 9.52,
            "eps_growth_yearly": 16.84
        },
        "20173": {
            "year_quarter": 20173,
            "year": 2017,
            "quarter": 3,
            "eps": 2.45,
            "eps_growth_year": -2.39,
            "eps_4q": 9.61,
            "eps_4q_growth_year": 5.63,
            "roe": 8.8,
            "roe_4q": 33.31,
            "gross_profit": 1845899,
            "gross_margin": 82.24,
            "gross_margin_4q_avg": 84.28,
            "net_income": 480177,
            "net_income_4q": null,
            "revenue": 2244411,
            "revenue_4q": null,
            "common_shares": 1352142,
            "book_valuer_per_share": 35.29,
            "book_valuer_per_share_4q_avg": 35.11,
            "equity": 5696209,
            "current_ratio": 90.26,
            "debt_ratio": 37.21,
            "inventory_turnover_ratio": 0.78,
            "account_receivable_turnover_ratio": 8.55,
            "reinvestment_rate": 101.33,
            "research_to_sale_ratio": 1.88,
            "price_fair": 227.67,
            "eps_avg_yearly": 8.46,
            "eps_latest_yearly": 9.8,
            "eps_growth_yearly": 16.93
        },
        "20174": {
            "year_quarter": 20174,
            "year": 2017,
            "quarter": 4,
            "eps": 3.28,
            "eps_growth_year": 15.18,
            "eps_4q": 10.04,
            "eps_4q_growth_year": 4.64,
            "roe": 10.53,
            "roe_4q": 33.589999999999996,
            "gross_profit": 2298918,
            "gross_margin": 82.51,
            "gross_margin_4q_avg": 83.93,
            "net_income": 633212,
            "net_income_4q": null,
            "revenue": 2786381,
            "revenue_4q": null,
            "common_shares": 1352211,
            "book_valuer_per_share": 38.57,
            "book_valuer_per_share_4q_avg": 35.86,
            "equity": 6327972,
            "current_ratio": 100.38,
            "debt_ratio": 36.03,
            "inventory_turnover_ratio": 0.96,
            "account_receivable_turnover_ratio": 12.46,
            "reinvestment_rate": 98.11,
            "research_to_sale_ratio": 1.53,
            "price_fair": 258.13,
            "eps_avg_yearly": 8.79,
            "eps_latest_yearly": 13.12,
            "eps_growth_yearly": 19.38
        },
        "20181": {
            "year_quarter": 20181,
            "year": 2018,
            "quarter": 1,
            "eps": 1.93,
            "eps_growth_year": 0.52,
            "eps_4q": 10.02,
            "eps_4q_growth_year": 6.07,
            "roe": 5.74,
            "roe_4q": 32.88,
            "gross_profit": 1540264,
            "gross_margin": 79.71,
            "gross_margin_4q_avg": 82.16,
            "net_income": 375788,
            "net_income_4q": null,
            "revenue": 1932426,
            "revenue_4q": null,
            "common_shares": 1355866,
            "book_valuer_per_share": 40.82,
            "book_valuer_per_share_4q_avg": 36.87,
            "equity": 6762051,
            "current_ratio": 108.73,
            "debt_ratio": 32.62,
            "inventory_turnover_ratio": 0.84,
            "account_receivable_turnover_ratio": 14.49,
            "reinvestment_rate": 97.67,
            "research_to_sale_ratio": 2.13,
            "price_fair": 223.16,
            "eps_avg_yearly": 8.9,
            "eps_latest_yearly": 7.72,
            "eps_growth_yearly": 15.09
        },
        "20182": {
            "year_quarter": 20182,
            "year": 2018,
            "quarter": 2,
            "eps": 2.14,
            "eps_growth_year": -10.08,
            "eps_4q": 9.77,
            "eps_4q_growth_year": 1.39,
            "roe": 6.79,
            "roe_4q": 31.860000000000003,
            "gross_profit": 1904104,
            "gross_margin": 80.62,
            "gross_margin_4q_avg": 81.27,
            "net_income": 425999,
            "net_income_4q": null,
            "revenue": 2361951,
            "revenue_4q": null,
            "common_shares": 1357983,
            "book_valuer_per_share": 36.4,
            "book_valuer_per_share_4q_avg": 37.77,
            "equity": 5785033,
            "current_ratio": 72.73,
            "debt_ratio": 42.76,
            "inventory_turnover_ratio": 0.95,
            "account_receivable_turnover_ratio": 12.85,
            "reinvestment_rate": 93.81,
            "research_to_sale_ratio": 2.04,
            "price_fair": 231.29,
            "eps_avg_yearly": 9.03,
            "eps_latest_yearly": 8.56,
            "eps_growth_yearly": 15.63
        },
        "20183": {
            "year_quarter": 20183,
            "year": 2018,
            "quarter": 3,
            "eps": 2.5,
            "eps_growth_year": 2.04,
            "eps_4q": 9.8,
            "eps_4q_growth_year": 1.95,
            "roe": 8.09,
            "roe_4q": 31.15,
            "gross_profit": 1759784,
            "gross_margin": 79.21,
            "gross_margin_4q_avg": 80.51,
            "net_income": 489743,
            "net_income_4q": null,
            "revenue": 2221728,
            "revenue_4q": null,
            "common_shares": 1362864,
            "book_valuer_per_share": 39.12,
            "book_valuer_per_share_4q_avg": 38.73,
            "equity": 6322407,
            "current_ratio": 76.76,
            "debt_ratio": 35.28,
            "inventory_turnover_ratio": 0.83,
            "account_receivable_turnover_ratio": 10.89,
            "reinvestment_rate": 88.73,
            "research_to_sale_ratio": 2.18,
            "price_fair": 235.56,
            "eps_avg_yearly": 9.18,
            "eps_latest_yearly": 10,
            "eps_growth_yearly": 15.67
        },
        "20184": {
            "year_quarter": 20184,
            "year": 2018,
            "quarter": 4,
            "eps": 3,
            "eps_growth_year": -8.74,
            "eps_4q": 9.54,
            "eps_4q_growth_year": -4.93,
            "roe": 9.03,
            "roe_4q": 29.65,
            "gross_profit": 2125112,
            "gross_margin": 79.68,
            "gross_margin_4q_avg": 79.81,
            "net_income": 598542,
            "net_income_4q": null,
            "revenue": 2667216,
            "revenue_4q": null,
            "common_shares": 1362864,
            "book_valuer_per_share": 42.2,
            "book_valuer_per_share_4q_avg": 39.64,
            "equity": 6933270,
            "current_ratio": 88.47,
            "debt_ratio": 34.89,
            "inventory_turnover_ratio": 0.94,
            "account_receivable_turnover_ratio": 16.77,
            "reinvestment_rate": 76.87,
            "research_to_sale_ratio": 1.76,
            "price_fair": 243.9,
            "eps_avg_yearly": 9.37,
            "eps_latest_yearly": 12,
            "eps_growth_yearly": 16.04
        },
        "20191": {
            "year_quarter": 20191,
            "year": 2019,
            "quarter": 1,
            "eps": 1.93,
            "eps_growth_year": 0,
            "eps_4q": 9.56,
            "eps_4q_growth_year": -4.61,
            "roe": 5.45,
            "roe_4q": 29.36,
            "gross_profit": 1638074,
            "gross_margin": 81.35,
            "gross_margin_4q_avg": 80.22,
            "net_income": 389001,
            "net_income_4q": null,
            "revenue": 2013684,
            "revenue_4q": null,
            "common_shares": 1362864,
            "book_valuer_per_share": 44.29,
            "book_valuer_per_share_4q_avg": 40.5,
            "equity": 7343417,
            "current_ratio": 90.35,
            "debt_ratio": 33.42,
            "inventory_turnover_ratio": 0.67,
            "account_receivable_turnover_ratio": 12.67,
            "reinvestment_rate": 23.61,
            "research_to_sale_ratio": 1.69,
            "price_fair": 203.78,
            "eps_avg_yearly": 9.39,
            "eps_latest_yearly": 7.72,
            "eps_growth_yearly": 11.7
        },
        "20192": {
            "year_quarter": 20192,
            "year": 2019,
            "quarter": 2,
            "eps": 2.31,
            "eps_growth_year": 7.94,
            "eps_4q": 9.74,
            "eps_4q_growth_year": -0.3,
            "roe": 6.67,
            "roe_4q": 29.24,
            "gross_profit": 1943500,
            "gross_margin": 80.96,
            "gross_margin_4q_avg": 80.3,
            "net_income": 457368,
            "net_income_4q": null,
            "revenue": 2400441,
            "revenue_4q": null,
            "common_shares": 1362864,
            "book_valuer_per_share": 40,
            "book_valuer_per_share_4q_avg": 41.4,
            "equity": 6368009,
            "current_ratio": 62.95,
            "debt_ratio": 39.53,
            "inventory_turnover_ratio": 0.83,
            "account_receivable_turnover_ratio": 11.43,
            "reinvestment_rate": 21.42,
            "research_to_sale_ratio": 1.92,
            "price_fair": 247.75,
            "eps_avg_yearly": 9.5,
            "eps_latest_yearly": 9.24,
            "eps_growth_yearly": 16.07
        },
        "20193": {
            "year_quarter": 20193,
            "year": 2019,
            "quarter": 3,
            "eps": 2.24,
            "eps_growth_year": -10.4,
            "eps_4q": 9.47,
            "eps_4q_growth_year": -3.42,
            "roe": 7.11,
            "roe_4q": 28.259999999999998,
            "gross_profit": 1757320,
            "gross_margin": 83.22,
            "gross_margin_4q_avg": 81.3,
            "net_income": 469836,
            "net_income_4q": null,
            "revenue": 2111652,
            "revenue_4q": null,
            "common_shares": 1362864,
            "book_valuer_per_share": 42.3,
            "book_valuer_per_share_4q_avg": 42.2,
            "equity": 6857352,
            "current_ratio": 91.73,
            "debt_ratio": 34.88,
            "inventory_turnover_ratio": 0.63,
            "account_receivable_turnover_ratio": 7.65,
            "reinvestment_rate": 18.34,
            "research_to_sale_ratio": 2.55,
            "price_fair": 224.11,
            "eps_avg_yearly": 9.56,
            "eps_latest_yearly": 8.96,
            "eps_growth_yearly": 13.44
        },
        "20194": {
            "year_quarter": 20194,
            "year": 2019,
            "quarter": 4,
            "eps": 3.15,
            "eps_growth_year": 5.02,
            "eps_4q": 9.62,
            "eps_4q_growth_year": 0.86,
            "roe": 8.69,
            "roe_4q": 27.919999999999998,
            "gross_profit": 2226994,
            "gross_margin": 82.08,
            "gross_margin_4q_avg": 81.9,
            "net_income": 622361,
            "net_income_4q": null,
            "revenue": 2713293,
            "revenue_4q": null,
            "common_shares": 1362864,
            "book_valuer_per_share": 45.38,
            "book_valuer_per_share_4q_avg": 42.99,
            "equity": 7470852,
            "current_ratio": 109.11,
            "debt_ratio": 34.23,
            "inventory_turnover_ratio": 0.86,
            "account_receivable_turnover_ratio": 11.28,
            "reinvestment_rate": 15.84,
            "research_to_sale_ratio": 2.06,
            "price_fair": 285.37,
            "eps_avg_yearly": 9.76,
            "eps_latest_yearly": 12.6,
            "eps_growth_yearly": 19.25
        },
        "20201": {
            "year_quarter": 20201,
            "year": 2020,
            "quarter": 1,
            "eps": 1.93,
            "eps_growth_year": 0,
            "eps_4q": 9.62,
            "eps_4q_growth_year": 0.68,
            "roe": 5.16,
            "roe_4q": 27.630000000000003,
            "gross_profit": 1675344,
            "gross_margin": 83.4,
            "gross_margin_4q_avg": 82.42,
            "net_income": 395533,
            "net_income_4q": null,
            "revenue": 2008922,
            "revenue_4q": null,
            "common_shares": 1362864,
            "book_valuer_per_share": 47.23,
            "book_valuer_per_share_4q_avg": 43.73,
            "equity": 7854814,
            "current_ratio": 116.32,
            "debt_ratio": 32.54,
            "inventory_turnover_ratio": 0.58,
            "account_receivable_turnover_ratio": 9.5,
            "reinvestment_rate": 13.94,
            "research_to_sale_ratio": 2.52,
            "price_fair": 209.23,
            "eps_avg_yearly": 9.7,
            "eps_latest_yearly": 7.72,
            "eps_growth_yearly": 11.58
        },
        "20202": {
            "year_quarter": 20202,
            "year": 2020,
            "quarter": 2,
            "eps": 2.09,
            "eps_growth_year": -9.52,
            "eps_4q": 9.41,
            "eps_4q_growth_year": -3.42,
            "roe": 5.64,
            "roe_4q": 26.6,
            "gross_profit": 1820516,
            "gross_margin": 80.97,
            "gross_margin_4q_avg": 82.42,
            "net_income": 413488,
            "net_income_4q": null,
            "revenue": 2248254,
            "revenue_4q": null,
            "common_shares": 1362864,
            "book_valuer_per_share": 42.74,
            "book_valuer_per_share_4q_avg": 44.41,
            "equity": 6805833,
            "current_ratio": 71.3,
            "debt_ratio": 41.99,
            "inventory_turnover_ratio": 0.68,
            "account_receivable_turnover_ratio": 9.51,
            "reinvestment_rate": 30.42,
            "research_to_sale_ratio": 2.78,
            "price_fair": 217.15,
            "eps_avg_yearly": 9.65,
            "eps_latest_yearly": 8.36,
            "eps_growth_yearly": 12.5
        },
        "20203": {
            "year_quarter": 20203,
            "year": 2020,
            "quarter": 3,
            "eps": 2.23,
            "eps_growth_year": -0.45,
            "eps_4q": 9.39,
            "eps_4q_growth_year": -0.85,
            "roe": 6.55,
            "roe_4q": 26.04,
            "gross_profit": 1777527,
            "gross_margin": 81.99,
            "gross_margin_4q_avg": 82.11,
            "net_income": 462714,
            "net_income_4q": null,
            "revenue": 2168011,
            "revenue_4q": null,
            "common_shares": 1362864,
            "book_valuer_per_share": 45.35,
            "book_valuer_per_share_4q_avg": 45.18,
            "equity": 7332445,
            "current_ratio": 92.64,
            "debt_ratio": 38.85,
            "inventory_turnover_ratio": 0.56,
            "account_receivable_turnover_ratio": 8.74,
            "reinvestment_rate": 24.6,
            "research_to_sale_ratio": 3.1,
            "price_fair": 206.29,
            "eps_avg_yearly": 9.58,
            "eps_latest_yearly": 8.92,
            "eps_growth_yearly": 11.53
        },
        "20204": {
            "year_quarter": 20204,
            "year": 2020,
            "quarter": 4,
            "eps": 3.09,
            "eps_growth_year": -1.87,
            "eps_4q": 9.33,
            "eps_4q_growth_year": -3.01,
            "roe": 8.14,
            "roe_4q": 25.490000000000002,
            "gross_profit": 2263351,
            "gross_margin": 82.51,
            "gross_margin_4q_avg": 82.22,
            "net_income": 623360,
            "net_income_4q": null,
            "revenue": 2743008,
            "revenue_4q": null,
            "common_shares": 1362864,
            "book_valuer_per_share": 48.61,
            "book_valuer_per_share_4q_avg": 45.98,
            "equity": 7978454,
            "current_ratio": 113.45,
            "debt_ratio": 39.11,
            "inventory_turnover_ratio": 0.68,
            "account_receivable_turnover_ratio": 12.3,
            "reinvestment_rate": 23,
            "research_to_sale_ratio": 2.64,
            "price_fair": 267.9,
            "eps_avg_yearly": 9.64,
            "eps_latest_yearly": 12.36,
            "eps_growth_yearly": 17.78
        },
        "20211": {
            "year_quarter": 20211,
            "year": 2021,
            "quarter": 1,
            "eps": 1.6,
            "eps_growth_year": -17.1,
            "eps_4q": 8.38,
            "eps_4q_growth_year": -12.88,
            "roe": 3.83,
            "roe_4q": 24.16,
            "gross_profit": 1581635,
            "gross_margin": 80.2,
            "gross_margin_4q_avg": 81.42,
            "net_income": 350289,
            "net_income_4q": null,
            "revenue": 1972200,
            "revenue_4q": null,
            "common_shares": 1481374,
            "book_valuer_per_share": 59.84,
            "book_valuer_per_share_4q_avg": 49.14,
            "equity": 10336347,
            "current_ratio": 164.38,
            "debt_ratio": 23.02,
            "inventory_turnover_ratio": 0.55,
            "account_receivable_turnover_ratio": 9.72,
            "reinvestment_rate": 20.99,
            "research_to_sale_ratio": 3.35,
            "price_fair": 228.41,
            "eps_avg_yearly": 9.56,
            "eps_latest_yearly": 6.4,
            "eps_growth_yearly": 13.89
        },
        "20212": {
            "year_quarter": 20212,
            "year": 2021,
            "quarter": 2,
            "eps": 2.2,
            "eps_growth_year": 5.26,
            "eps_4q": 8.66,
            "eps_4q_growth_year": -7.94,
            "roe": 4.58,
            "roe_4q": 23.1,
            "gross_profit": 1968539,
            "gross_margin": 78.62,
            "gross_margin_4q_avg": 80.83,
            "net_income": 470930,
            "net_income_4q": null,
            "revenue": 2503867,
            "revenue_4q": null,
            "common_shares": 1481374,
            "book_valuer_per_share": 62,
            "book_valuer_per_share_4q_avg": 53.95,
            "equity": 10240811,
            "current_ratio": 157.14,
            "debt_ratio": 24.45,
            "inventory_turnover_ratio": 0.72,
            "account_receivable_turnover_ratio": 10.04,
            "reinvestment_rate": 18.36,
            "research_to_sale_ratio": 2.91,
            "price_fair": 259.55,
            "eps_avg_yearly": 9.52,
            "eps_latest_yearly": 8.8,
            "eps_growth_yearly": 17.27
        },
        "20213": {
            "year_quarter": 20213,
            "year": 2021,
            "quarter": 3,
            "eps": 2.04,
            "eps_growth_year": -8.52,
            "eps_4q": 8.65,
            "eps_4q_growth_year": -7.85,
            "roe": 4.8,
            "roe_4q": 21.35,
            "gross_profit": 1933637,
            "gross_margin": 80.45,
            "gross_margin_4q_avg": 80.45,
            "net_income": 480485,
            "net_income_4q": null,
            "revenue": 2403567,
            "revenue_4q": null,
            "common_shares": 1481374,
            "book_valuer_per_share": 57.64,
            "book_valuer_per_share_4q_avg": 57.02,
            "equity": 9773089,
            "current_ratio": 142.05,
            "debt_ratio": 24.42,
            "inventory_turnover_ratio": 0.61,
            "account_receivable_turnover_ratio": 8.01,
            "reinvestment_rate": 17.81,
            "research_to_sale_ratio": 3.05,
            "price_fair": 232.72,
            "eps_avg_yearly": 9.42,
            "eps_latest_yearly": 8.16,
            "eps_growth_yearly": 14.72
        },
        "20214": {
            "year_quarter": 20214,
            "year": 2021,
            "quarter": 4,
            "eps": 2.97,
            "eps_growth_year": -3.82,
            "eps_4q": 8.78,
            "eps_4q_growth_year": -5.95,
            "roe": 6.4,
            "roe_4q": 19.61,
            "gross_profit": 2372116,
            "gross_margin": 81.28,
            "gross_margin_4q_avg": 80.14,
            "net_income": 646285,
            "net_income_4q": null,
            "revenue": 2918612,
            "revenue_4q": null,
            "common_shares": 1481374,
            "book_valuer_per_share": 60.68,
            "book_valuer_per_share_4q_avg": 60.04,
            "equity": 10429415,
            "current_ratio": 151.33,
            "debt_ratio": 25.83,
            "inventory_turnover_ratio": 0.73,
            "account_receivable_turnover_ratio": 9.64,
            "reinvestment_rate": 16.32,
            "research_to_sale_ratio": 2.73,
            "price_fair": 258.14,
            "eps_avg_yearly": 9.34,
            "eps_latest_yearly": 11.88,
            "eps_growth_yearly": 17.65
        },
        "20221": {
            "year_quarter": 20221,
            "year": 2022,
            "quarter": 1,
            "eps": 1.59,
            "eps_growth_year": -0.62,
            "eps_4q": 8.8,
            "eps_4q_growth_year": 4.97,
            "roe": 3.4,
            "roe_4q": 19.18,
            "gross_profit": 1634684,
            "gross_margin": 79.64,
            "gross_margin_4q_avg": 80,
            "net_income": 361530,
            "net_income_4q": null,
            "revenue": 2052580,
            "revenue_4q": null,
            "common_shares": 1481374,
            "book_valuer_per_share": 62.54,
            "book_valuer_per_share_4q_avg": 60.72,
            "equity": 10831691,
            "current_ratio": 168.05,
            "debt_ratio": 22.7,
            "inventory_turnover_ratio": 0.59,
            "account_receivable_turnover_ratio": 6.71,
            "reinvestment_rate": 15.52,
            "research_to_sale_ratio": 3.02,
            "price_fair": 243.51,
            "eps_avg_yearly": 9.25,
            "eps_latest_yearly": 6.36,
            "eps_growth_yearly": 16.32
        },
        "20222": {
            "year_quarter": 20222,
            "year": 2022,
            "quarter": 2,
            "eps": 2.6,
            "eps_growth_year": 18.18,
            "eps_4q": 9.2,
            "eps_4q_growth_year": 6.23,
            "roe": 5.49,
            "roe_4q": 20.09,
            "gross_profit": 2284930,
            "gross_margin": 83.93,
            "gross_margin_4q_avg": 81.33,
            "net_income": 569277,
            "net_income_4q": null,
            "revenue": 2722473,
            "revenue_4q": null,
            "common_shares": 1481374,
            "book_valuer_per_share": 58.94,
            "book_valuer_per_share_4q_avg": 59.95,
            "equity": 9899207,
            "current_ratio": 124.58,
            "debt_ratio": 31.94,
            "inventory_turnover_ratio": 0.63,
            "account_receivable_turnover_ratio": 8.71,
            "reinvestment_rate": 15.58,
            "research_to_sale_ratio": 2.66,
            "price_fair": 327.86,
            "eps_avg_yearly": 9.37,
            "eps_latest_yearly": 10.4,
            "eps_growth_yearly": 29.48
        },
        "20223": {
            "year_quarter": 20223,
            "year": 2022,
            "quarter": 3,
            "eps": 2.46,
            "eps_growth_year": 20.59,
            "eps_4q": 9.62,
            "eps_4q_growth_year": 11.26,
            "roe": 5.33,
            "roe_4q": 20.62,
            "gross_profit": 1991030,
            "gross_margin": 79.9,
            "gross_margin_4q_avg": 81.19,
            "net_income": 542806,
            "net_income_4q": null,
            "revenue": 2491870,
            "revenue_4q": null,
            "common_shares": 1481374,
            "book_valuer_per_share": 61.47,
            "book_valuer_per_share_4q_avg": 60.91,
            "equity": 10452301,
            "current_ratio": 150.02,
            "debt_ratio": 23.68,
            "inventory_turnover_ratio": 0.71,
            "account_receivable_turnover_ratio": 7.63,
            "reinvestment_rate": 18.97,
            "research_to_sale_ratio": 3.1,
            "price_fair": 317.47,
            "eps_avg_yearly": 9.36,
            "eps_latest_yearly": 9.84,
            "eps_growth_yearly": 23.93
        },
        "20224": {
            "year_quarter": 20224,
            "year": 2022,
            "quarter": 4,
            "eps": 3.18,
            "eps_growth_year": 7.16,
            "eps_4q": 9.84,
            "eps_4q_growth_year": 12.05,
            "roe": 6.45,
            "roe_4q": 20.67,
            "gross_profit": 2571401,
            "gross_margin": 82.3,
            "gross_margin_4q_avg": 81.44,
            "net_income": 696074,
            "net_income_4q": null,
            "revenue": 3124308,
            "revenue_4q": null,
            "common_shares": 1481374,
            "book_valuer_per_share": 64.6,
            "book_valuer_per_share_4q_avg": 61.89,
            "equity": 11141073,
            "current_ratio": 156.27,
            "debt_ratio": 25.99,
            "inventory_turnover_ratio": 0.78,
            "account_receivable_turnover_ratio": 10.26,
            "reinvestment_rate": 27.69,
            "research_to_sale_ratio": 2.5,
            "price_fair": 329.09,
            "eps_avg_yearly": 9.4,
            "eps_latest_yearly": 12.72,
            "eps_growth_yearly": 26.24
        },
        "20231": {
            "year_quarter": 20231,
            "year": 2023,
            "quarter": 1,
            "eps": 1.89,
            "eps_growth_year": 18.87,
            "eps_4q": 10.13,
            "eps_4q_growth_year": 15.15,
            "roe": 3.62,
            "roe_4q": 20.89,
            "gross_profit": 1780832,
            "gross_margin": 80.23,
            "gross_margin_4q_avg": 81.59,
            "net_income": 410754,
            "net_income_4q": null,
            "revenue": 2219703,
            "revenue_4q": null,
            "common_shares": 1481374,
            "book_valuer_per_share": 66.53,
            "book_valuer_per_share_4q_avg": 62.89,
            "equity": 11557183,
            "current_ratio": 175.86,
            "debt_ratio": 23.38,
            "inventory_turnover_ratio": 0.62,
            "account_receivable_turnover_ratio": 7.3,
            "reinvestment_rate": 22.09,
            "research_to_sale_ratio": 2.38,
            "price_fair": 328.74,
            "eps_avg_yearly": 9.39,
            "eps_latest_yearly": 7.56,
            "eps_growth_yearly": 25.02
        },
        "20232": {
            "year_quarter": 20232,
            "year": 2023,
            "quarter": 2,
            "eps": 2.28,
            "eps_growth_year": -12.31,
            "eps_4q": 9.82,
            "eps_4q_growth_year": 6.7,
            "roe": 4.42,
            "roe_4q": 19.82,
            "gross_profit": 2190970,
            "gross_margin": 82.22,
            "gross_margin_4q_avg": 81.16,
            "net_income": 483937,
            "net_income_4q": null,
            "revenue": 2664651,
            "revenue_4q": null,
            "common_shares": 1481374,
            "book_valuer_per_share": 61.64,
            "book_valuer_per_share_4q_avg": 63.56,
            "equity": 10338456,
            "current_ratio": 127.11,
            "debt_ratio": 32.73,
            "inventory_turnover_ratio": 0.64,
            "account_receivable_turnover_ratio": 8.21,
            "reinvestment_rate": 17.1,
            "research_to_sale_ratio": 2.94,
            "price_fair": 328.48,
            "eps_avg_yearly": 9.39,
            "eps_latest_yearly": 9.12,
            "eps_growth_yearly": 25.26
        },
        "20233": {
            "year_quarter": 20233,
            "year": 2023,
            "quarter": 3,
            "eps": 2.48,
            "eps_growth_year": 0.81,
            "eps_4q": 9.83,
            "eps_4q_growth_year": 2.13,
            "roe": 5.14,
            "roe_4q": 19.63,
            "gross_profit": 2011029,
            "gross_margin": 78.84,
            "gross_margin_4q_avg": 80.9,
            "net_income": 547381,
            "net_income_4q": null,
            "revenue": 2550692,
            "revenue_4q": null,
            "common_shares": 1481374,
            "book_valuer_per_share": 64.36,
            "book_valuer_per_share_4q_avg": 64.28,
            "equity": 10954727,
            "current_ratio": 165.44,
            "debt_ratio": 22.2,
            "inventory_turnover_ratio": 0.72,
            "account_receivable_turnover_ratio": 7.93,
            "reinvestment_rate": 16.73,
            "research_to_sale_ratio": 2.77,
            "price_fair": 330.58,
            "eps_avg_yearly": 9.45,
            "eps_latest_yearly": 9.92,
            "eps_growth_yearly": 28.21
        },
        "20234": {
            "year_quarter": 20234,
            "year": 2023,
            "quarter": 4,
            "eps": 3.16,
            "eps_growth_year": -0.68,
            "eps_4q": 9.81,
            "eps_4q_growth_year": -0.3,
            "roe": 6.19,
            "roe_4q": 19.37,
            "gross_profit": 2553183,
            "gross_margin": 79.78,
            "gross_margin_4q_avg": 80.27,
            "net_income": 699439,
            "net_income_4q": null,
            "revenue": 3200418,
            "revenue_4q": null,
            "common_shares": 1481374,
            "book_valuer_per_share": 67.36,
            "book_valuer_per_share_4q_avg": 64.97,
            "equity": 11629935,
            "current_ratio": 165.56,
            "debt_ratio": 25.03,
            "inventory_turnover_ratio": 0.9,
            "account_receivable_turnover_ratio": 10.28,
            "reinvestment_rate": 20.78,
            "research_to_sale_ratio": 2.74,
            "price_fair": 329.77,
            "eps_avg_yearly": 9.45,
            "eps_latest_yearly": 12.64,
            "eps_growth_yearly": 24.91
        }
    },
    "months": {
        "2001-06": {
            "month": "2001-06",
            "price": "5.64",
            "revenue": 55579
        },
        "2001-07": {
            "month": "2001-07",
            "price": "4.66",
            "revenue": 77805
        },
        "2001-08": {
            "month": "2001-08",
            "price": "5.00",
            "revenue": 69832
        },
        "2001-09": {
            "month": "2001-09",
            "price": "4.64",
            "revenue": 88812
        },
        "2001-10": {
            "month": "2001-10",
            "price": "4.26",
            "revenue": 102146
        },
        "2001-11": {
            "month": "2001-11",
            "price": "4.68",
            "revenue": 75770
        },
        "2001-12": {
            "month": "2001-12",
            "price": "5.40",
            "revenue": 101146
        },
        "2002-01": {
            "month": "2002-01",
            "price": "6.42",
            "revenue": 69866
        },
        "2002-02": {
            "month": "2002-02",
            "price": "7.04",
            "revenue": 86356
        },
        "2002-03": {
            "month": "2002-03",
            "price": "7.46",
            "revenue": 84638
        },
        "2002-04": {
            "month": "2002-04",
            "price": "9.60",
            "revenue": 95830
        },
        "2002-05": {
            "month": "2002-05",
            "price": "8.49",
            "revenue": 111524
        },
        "2002-06": {
            "month": "2002-06",
            "price": "8.48",
            "revenue": 83844
        },
        "2002-07": {
            "month": "2002-07",
            "price": "8.27",
            "revenue": 80732
        },
        "2002-08": {
            "month": "2002-08",
            "price": "7.48",
            "revenue": 98972
        },
        "2002-09": {
            "month": "2002-09",
            "price": "6.70",
            "revenue": 88104
        },
        "2002-10": {
            "month": "2002-10",
            "price": "6.46",
            "revenue": 90167
        },
        "2002-11": {
            "month": "2002-11",
            "price": "7.25",
            "revenue": 85683
        },
        "2002-12": {
            "month": "2002-12",
            "price": "7.48",
            "revenue": 117267
        },
        "2003-01": {
            "month": "2003-01",
            "price": "8.20",
            "revenue": 77415
        },
        "2003-02": {
            "month": "2003-02",
            "price": "8.01",
            "revenue": 78573
        },
        "2003-03": {
            "month": "2003-03",
            "price": "7.60",
            "revenue": 69785
        },
        "2003-04": {
            "month": "2003-04",
            "price": "7.66",
            "revenue": 108673
        },
        "2003-05": {
            "month": "2003-05",
            "price": "8.01",
            "revenue": 94747
        },
        "2003-06": {
            "month": "2003-06",
            "price": "8.03",
            "revenue": 103300
        },
        "2003-07": {
            "month": "2003-07",
            "price": "7.94",
            "revenue": 89775
        },
        "2003-08": {
            "month": "2003-08",
            "price": "8.05",
            "revenue": 69570
        },
        "2003-09": {
            "month": "2003-09",
            "price": "9.24",
            "revenue": 74151
        },
        "2003-10": {
            "month": "2003-10",
            "price": "9.43",
            "revenue": 73998
        },
        "2003-11": {
            "month": "2003-11",
            "price": "9.38",
            "revenue": 65304
        },
        "2003-12": {
            "month": "2003-12",
            "price": "9.14",
            "revenue": 75046
        },
        "2004-01": {
            "month": "2004-01",
            "price": "9.45",
            "revenue": 48643
        },
        "2004-02": {
            "month": "2004-02",
            "price": "10.82",
            "revenue": 65714
        },
        "2004-03": {
            "month": "2004-03",
            "price": "10.19",
            "revenue": 89750
        },
        "2004-04": {
            "month": "2004-04",
            "price": "9.61",
            "revenue": 81497
        },
        "2004-05": {
            "month": "2004-05",
            "price": "8.82",
            "revenue": 81456
        },
        "2004-06": {
            "month": "2004-06",
            "price": "8.55",
            "revenue": 95688
        },
        "2004-07": {
            "month": "2004-07",
            "price": "8.07",
            "revenue": 83912
        },
        "2004-08": {
            "month": "2004-08",
            "price": "7.54",
            "revenue": 68677
        },
        "2004-09": {
            "month": "2004-09",
            "price": "7.81",
            "revenue": 98246
        },
        "2004-10": {
            "month": "2004-10",
            "price": "7.97",
            "revenue": 99433
        },
        "2004-11": {
            "month": "2004-11",
            "price": "7.96",
            "revenue": 87029
        },
        "2004-12": {
            "month": "2004-12",
            "price": "8.45",
            "revenue": 108095
        },
        "2005-01": {
            "month": "2005-01",
            "price": "9.06",
            "revenue": 66559
        },
        "2005-02": {
            "month": "2005-02",
            "price": "8.83",
            "revenue": 60711
        },
        "2005-03": {
            "month": "2005-03",
            "price": "8.60",
            "revenue": 83747
        },
        "2005-04": {
            "month": "2005-04",
            "price": "8.44",
            "revenue": 83516
        },
        "2005-05": {
            "month": "2005-05",
            "price": "8.42",
            "revenue": 99162
        },
        "2005-06": {
            "month": "2005-06",
            "price": "8.77",
            "revenue": 93001
        },
        "2005-07": {
            "month": "2005-07",
            "price": "8.58",
            "revenue": 86843
        },
        "2005-08": {
            "month": "2005-08",
            "price": "8.71",
            "revenue": 73900
        },
        "2005-09": {
            "month": "2005-09",
            "price": "8.22",
            "revenue": 89294
        },
        "2005-10": {
            "month": "2005-10",
            "price": "8.25",
            "revenue": 109189
        },
        "2005-11": {
            "month": "2005-11",
            "price": "8.74",
            "revenue": 97956
        },
        "2005-12": {
            "month": "2005-12",
            "price": "8.71",
            "revenue": 119176
        },
        "2006-01": {
            "month": "2006-01",
            "price": "8.73",
            "revenue": 76493
        },
        "2006-02": {
            "month": "2006-02",
            "price": "8.86",
            "revenue": 71923
        },
        "2006-03": {
            "month": "2006-03",
            "price": "8.77",
            "revenue": 83290
        },
        "2006-04": {
            "month": "2006-04",
            "price": "9.15",
            "revenue": 68126
        },
        "2006-05": {
            "month": "2006-05",
            "price": "10.60",
            "revenue": 91094
        },
        "2006-06": {
            "month": "2006-06",
            "price": "9.80",
            "revenue": 87551
        },
        "2006-07": {
            "month": "2006-07",
            "price": "9.76",
            "revenue": 95123
        },
        "2006-08": {
            "month": "2006-08",
            "price": "9.13",
            "revenue": 100039
        },
        "2006-09": {
            "month": "2006-09",
            "price": "9.03",
            "revenue": 87975
        },
        "2006-10": {
            "month": "2006-10",
            "price": "9.39",
            "revenue": 121187
        },
        "2006-11": {
            "month": "2006-11",
            "price": "9.46",
            "revenue": 121271
        },
        "2006-12": {
            "month": "2006-12",
            "price": "10.50",
            "revenue": 137326
        },
        "2007-01": {
            "month": "2007-01",
            "price": "11.61",
            "revenue": 86471
        },
        "2007-02": {
            "month": "2007-02",
            "price": "11.16",
            "revenue": 82273
        },
        "2007-03": {
            "month": "2007-03",
            "price": "10.54",
            "revenue": 103552
        },
        "2007-04": {
            "month": "2007-04",
            "price": "12.28",
            "revenue": 96953
        },
        "2007-05": {
            "month": "2007-05",
            "price": "15.00",
            "revenue": 109041
        },
        "2007-06": {
            "month": "2007-06",
            "price": "16.44",
            "revenue": 100650
        },
        "2007-07": {
            "month": "2007-07",
            "price": "27.16",
            "revenue": 144644
        },
        "2007-08": {
            "month": "2007-08",
            "price": "28.30",
            "revenue": 80761
        },
        "2007-09": {
            "month": "2007-09",
            "price": "29.18",
            "revenue": 93044
        },
        "2007-10": {
            "month": "2007-10",
            "price": "26.69",
            "revenue": 99093
        },
        "2007-11": {
            "month": "2007-11",
            "price": "20.21",
            "revenue": 136990
        },
        "2007-12": {
            "month": "2007-12",
            "price": "19.07",
            "revenue": 140653
        },
        "2008-01": {
            "month": "2008-01",
            "price": "18.05",
            "revenue": 98024
        },
        "2008-02": {
            "month": "2008-02",
            "price": "19.84",
            "revenue": 79046
        },
        "2008-03": {
            "month": "2008-03",
            "price": "20.90",
            "revenue": 112708
        },
        "2008-04": {
            "month": "2008-04",
            "price": "23.79",
            "revenue": 115098
        },
        "2008-05": {
            "month": "2008-05",
            "price": "24.49",
            "revenue": 131423
        },
        "2008-06": {
            "month": "2008-06",
            "price": "20.90",
            "revenue": 124006
        },
        "2008-07": {
            "month": "2008-07",
            "price": "17.72",
            "revenue": 179801
        },
        "2008-08": {
            "month": "2008-08",
            "price": "18.08",
            "revenue": 100097
        },
        "2008-09": {
            "month": "2008-09",
            "price": "15.46",
            "revenue": 108693
        },
        "2008-10": {
            "month": "2008-10",
            "price": "13.92",
            "revenue": 115167
        },
        "2008-11": {
            "month": "2008-11",
            "price": "14.06",
            "revenue": 163643
        },
        "2008-12": {
            "month": "2008-12",
            "price": "14.32",
            "revenue": 185275
        },
        "2009-01": {
            "month": "2009-01",
            "price": "14.90",
            "revenue": 94724
        },
        "2009-02": {
            "month": "2009-02",
            "price": "15.10",
            "revenue": 109469
        },
        "2009-03": {
            "month": "2009-03",
            "price": "17.80",
            "revenue": 121717
        },
        "2009-04": {
            "month": "2009-04",
            "price": "22.08",
            "revenue": 132634
        },
        "2009-05": {
            "month": "2009-05",
            "price": "22.25",
            "revenue": 150953
        },
        "2009-06": {
            "month": "2009-06",
            "price": "21.01",
            "revenue": 148976
        },
        "2009-07": {
            "month": "2009-07",
            "price": "22.68",
            "revenue": 220504
        },
        "2009-08": {
            "month": "2009-08",
            "price": "23.49",
            "revenue": 119782
        },
        "2009-09": {
            "month": "2009-09",
            "price": "27.78",
            "revenue": 149938
        },
        "2009-10": {
            "month": "2009-10",
            "price": "35.91",
            "revenue": 168981
        },
        "2009-11": {
            "month": "2009-11",
            "price": "34.50",
            "revenue": 219996
        },
        "2009-12": {
            "month": "2009-12",
            "price": "49.27",
            "revenue": 242430
        },
        "2010-01": {
            "month": "2010-01",
            "price": "45.35",
            "revenue": 133655
        },
        "2010-02": {
            "month": "2010-02",
            "price": "38.64",
            "revenue": 123840
        },
        "2010-03": {
            "month": "2010-03",
            "price": "44.90",
            "revenue": 169372
        },
        "2010-04": {
            "month": "2010-04",
            "price": "45.96",
            "revenue": 196812
        },
        "2010-05": {
            "month": "2010-05",
            "price": "42.13",
            "revenue": 176942
        },
        "2010-06": {
            "month": "2010-06",
            "price": "42.32",
            "revenue": 186037
        },
        "2010-07": {
            "month": "2010-07",
            "price": "47.24",
            "revenue": 184866
        },
        "2010-08": {
            "month": "2010-08",
            "price": "46.84",
            "revenue": 181044
        },
        "2010-09": {
            "month": "2010-09",
            "price": "48.80",
            "revenue": 195049
        },
        "2010-10": {
            "month": "2010-10",
            "price": "49.98",
            "revenue": 189075
        },
        "2010-11": {
            "month": "2010-11",
            "price": "48.09",
            "revenue": 192057
        },
        "2010-12": {
            "month": "2010-12",
            "price": "47.36",
            "revenue": 213505
        },
        "2011-01": {
            "month": "2011-01",
            "price": "45.03",
            "revenue": 209482
        },
        "2011-02": {
            "month": "2011-02",
            "price": "44.05",
            "revenue": 144196
        },
        "2011-03": {
            "month": "2011-03",
            "price": "42.47",
            "revenue": 219068
        },
        "2011-04": {
            "month": "2011-04",
            "price": "44.28",
            "revenue": 216328
        },
        "2011-05": {
            "month": "2011-05",
            "price": "48.17",
            "revenue": 217694
        },
        "2011-06": {
            "month": "2011-06",
            "price": "47.08",
            "revenue": 188607
        },
        "2011-07": {
            "month": "2011-07",
            "price": "50.06",
            "revenue": 186545
        },
        "2011-08": {
            "month": "2011-08",
            "price": "49.62",
            "revenue": 194068
        },
        "2011-09": {
            "month": "2011-09",
            "price": "47.89",
            "revenue": 201330
        },
        "2011-10": {
            "month": "2011-10",
            "price": "44.98",
            "revenue": 193782
        },
        "2011-11": {
            "month": "2011-11",
            "price": "42.53",
            "revenue": 205136
        },
        "2011-12": {
            "month": "2011-12",
            "price": "37.40",
            "revenue": 225161
        },
        "2012-01": {
            "month": "2012-01",
            "price": "38.00",
            "revenue": 199621
        },
        "2012-02": {
            "month": "2012-02",
            "price": "45.16",
            "revenue": 194533
        },
        "2012-03": {
            "month": "2012-03",
            "price": "47.34",
            "revenue": 241029
        },
        "2012-04": {
            "month": "2012-04",
            "price": "46.21",
            "revenue": 233774
        },
        "2012-05": {
            "month": "2012-05",
            "price": "49.40",
            "revenue": 248511
        },
        "2012-06": {
            "month": "2012-06",
            "price": "52.68",
            "revenue": 243251
        },
        "2012-07": {
            "month": "2012-07",
            "price": "58.32",
            "revenue": 235727
        },
        "2012-08": {
            "month": "2012-08",
            "price": "62.50",
            "revenue": 233023
        },
        "2012-09": {
            "month": "2012-09",
            "price": "62.60",
            "revenue": 250281
        },
        "2012-10": {
            "month": "2012-10",
            "price": "67.59",
            "revenue": 279244
        },
        "2012-11": {
            "month": "2012-11",
            "price": "73.10",
            "revenue": 260489
        },
        "2012-12": {
            "month": "2012-12",
            "price": "78.86",
            "revenue": 265194
        },
        "2013-01": {
            "month": "2013-01",
            "price": "76.25",
            "revenue": 430107
        },
        "2013-02": {
            "month": "2013-02",
            "price": "77.65",
            "revenue": 347828
        },
        "2013-03": {
            "month": "2013-03",
            "price": "88.20",
            "revenue": 450936
        },
        "2013-04": {
            "month": "2013-04",
            "price": "99.24",
            "revenue": 526411
        },
        "2013-05": {
            "month": "2013-05",
            "price": "109.16",
            "revenue": 520639
        },
        "2013-06": {
            "month": "2013-06",
            "price": "110.11",
            "revenue": 472459
        },
        "2013-07": {
            "month": "2013-07",
            "price": "118.96",
            "revenue": 496720
        },
        "2013-08": {
            "month": "2013-08",
            "price": "139.48",
            "revenue": 430469
        },
        "2013-09": {
            "month": "2013-09",
            "price": "135.40",
            "revenue": 462765
        },
        "2013-10": {
            "month": "2013-10",
            "price": "139.34",
            "revenue": 506050
        },
        "2013-11": {
            "month": "2013-11",
            "price": "138.88",
            "revenue": 486783
        },
        "2013-12": {
            "month": "2013-12",
            "price": "148.23",
            "revenue": 523365
        },
        "2014-01": {
            "month": "2014-01",
            "price": "138.14",
            "revenue": 486842
        },
        "2014-02": {
            "month": "2014-02",
            "price": "133.32",
            "revenue": 366444
        },
        "2014-03": {
            "month": "2014-03",
            "price": "130.90",
            "revenue": 534763
        },
        "2014-04": {
            "month": "2014-04",
            "price": "135.88",
            "revenue": 535985
        },
        "2014-05": {
            "month": "2014-05",
            "price": "134.17",
            "revenue": 541633
        },
        "2014-06": {
            "month": "2014-06",
            "price": "131.10",
            "revenue": 557161
        },
        "2014-07": {
            "month": "2014-07",
            "price": "143.25",
            "revenue": 490460
        },
        "2014-08": {
            "month": "2014-08",
            "price": "133.86",
            "revenue": 484219
        },
        "2014-09": {
            "month": "2014-09",
            "price": "129.05",
            "revenue": 544818
        },
        "2014-10": {
            "month": "2014-10",
            "price": "126.82",
            "revenue": 591622
        },
        "2014-11": {
            "month": "2014-11",
            "price": "128.65",
            "revenue": 529799
        },
        "2014-12": {
            "month": "2014-12",
            "price": "128.08",
            "revenue": 634572
        },
        "2015-01": {
            "month": "2015-01",
            "price": "130.80",
            "revenue": 539725
        },
        "2015-02": {
            "month": "2015-02",
            "price": "130.00",
            "revenue": 463368
        },
        "2015-03": {
            "month": "2015-03",
            "price": "131.00",
            "revenue": 649235
        },
        "2015-04": {
            "month": "2015-04",
            "price": "161.15",
            "revenue": 617438
        },
        "2015-05": {
            "month": "2015-05",
            "price": "173.62",
            "revenue": 595152
        },
        "2015-06": {
            "month": "2015-06",
            "price": "190.69",
            "revenue": 644132
        },
        "2015-07": {
            "month": "2015-07",
            "price": "215.64",
            "revenue": 568419
        },
        "2015-08": {
            "month": "2015-08",
            "price": "171.52",
            "revenue": 548184
        },
        "2015-09": {
            "month": "2015-09",
            "price": "170.65",
            "revenue": 611407
        },
        "2015-10": {
            "month": "2015-10",
            "price": "180.48",
            "revenue": 662856
        },
        "2015-11": {
            "month": "2015-11",
            "price": "187.48",
            "revenue": 635860
        },
        "2015-12": {
            "month": "2015-12",
            "price": "188.28",
            "revenue": 712701
        },
        "2016-01": {
            "month": "2016-01",
            "price": "174.90",
            "revenue": 634100
        },
        "2016-02": {
            "month": "2016-02",
            "price": "187.15",
            "revenue": 523469
        },
        "2016-03": {
            "month": "2016-03",
            "price": "191.15",
            "revenue": 851163
        },
        "2016-04": {
            "month": "2016-04",
            "price": "197.71",
            "revenue": 741680
        },
        "2016-05": {
            "month": "2016-05",
            "price": "200.40",
            "revenue": 799512
        },
        "2016-06": {
            "month": "2016-06",
            "price": "205.74",
            "revenue": 810555
        },
        "2016-07": {
            "month": "2016-07",
            "price": "213.42",
            "revenue": 688875
        },
        "2016-08": {
            "month": "2016-08",
            "price": "218.54",
            "revenue": 769230
        },
        "2016-09": {
            "month": "2016-09",
            "price": "248.37",
            "revenue": 833383
        },
        "2016-10": {
            "month": "2016-10",
            "price": "268.28",
            "revenue": 835544
        },
        "2016-11": {
            "month": "2016-11",
            "price": "245.68",
            "revenue": 850429
        },
        "2016-12": {
            "month": "2016-12",
            "price": "230.95",
            "revenue": 849371
        },
        "2017-01": {
            "month": "2017-01",
            "price": "175.22",
            "revenue": 696413
        },
        "2017-02": {
            "month": "2017-02",
            "price": "185.08",
            "revenue": 479988
        },
        "2017-03": {
            "month": "2017-03",
            "price": "194.78",
            "revenue": 827179
        },
        "2017-04": {
            "month": "2017-04",
            "price": "188.97",
            "revenue": 674352
        },
        "2017-05": {
            "month": "2017-05",
            "price": "188.65",
            "revenue": 820944
        },
        "2017-06": {
            "month": "2017-06",
            "price": "195.04",
            "revenue": 857795
        },
        "2017-07": {
            "month": "2017-07",
            "price": "194.55",
            "revenue": 657373
        },
        "2017-08": {
            "month": "2017-08",
            "price": "185.07",
            "revenue": 768980
        },
        "2017-09": {
            "month": "2017-09",
            "price": "182.09",
            "revenue": 818750
        },
        "2017-10": {
            "month": "2017-10",
            "price": "176.26",
            "revenue": 885093
        },
        "2017-11": {
            "month": "2017-11",
            "price": "184.02",
            "revenue": 1041980
        },
        "2017-12": {
            "month": "2017-12",
            "price": "205.10",
            "revenue": 859336
        },
        "2018-01": {
            "month": "2018-01",
            "price": "215.75",
            "revenue": 668271
        },
        "2018-02": {
            "month": "2018-02",
            "price": "205.81",
            "revenue": 506727
        },
        "2018-03": {
            "month": "2018-03",
            "price": "239.65",
            "revenue": 761287
        },
        "2018-04": {
            "month": "2018-04",
            "price": "257.83",
            "revenue": 779918
        },
        "2018-05": {
            "month": "2018-05",
            "price": "238.57",
            "revenue": 765314
        },
        "2018-06": {
            "month": "2018-06",
            "price": "231.58",
            "revenue": 812857
        },
        "2018-07": {
            "month": "2018-07",
            "price": "240.14",
            "revenue": 699612
        },
        "2018-08": {
            "month": "2018-08",
            "price": "229.17",
            "revenue": 763715
        },
        "2018-09": {
            "month": "2018-09",
            "price": "208.39",
            "revenue": 758422
        },
        "2018-10": {
            "month": "2018-10",
            "price": "199.25",
            "revenue": 802320
        },
        "2018-11": {
            "month": "2018-11",
            "price": "190.89",
            "revenue": 938130
        },
        "2018-12": {
            "month": "2018-12",
            "price": "190.79",
            "revenue": 967022
        },
        "2019-01": {
            "month": "2019-01",
            "price": "199.24",
            "revenue": 756431
        },
        "2019-02": {
            "month": "2019-02",
            "price": "206.77",
            "revenue": 472101
        },
        "2019-03": {
            "month": "2019-03",
            "price": "204.65",
            "revenue": 785123
        },
        "2019-04": {
            "month": "2019-04",
            "price": "205.15",
            "revenue": 762623
        },
        "2019-05": {
            "month": "2019-05",
            "price": "216.64",
            "revenue": 824744
        },
        "2019-06": {
            "month": "2019-06",
            "price": "211.92",
            "revenue": 809548
        },
        "2019-07": {
            "month": "2019-07",
            "price": "202.26",
            "revenue": 756599
        },
        "2019-08": {
            "month": "2019-08",
            "price": "189.14",
            "revenue": 673792
        },
        "2019-09": {
            "month": "2019-09",
            "price": "188.16",
            "revenue": 684814
        },
        "2019-10": {
            "month": "2019-10",
            "price": "187.93",
            "revenue": 798134
        },
        "2019-11": {
            "month": "2019-11",
            "price": "190.29",
            "revenue": 924577
        },
        "2019-12": {
            "month": "2019-12",
            "price": "192.05",
            "revenue": 990584
        },
        "2020-01": {
            "month": "2020-01",
            "price": "193.07",
            "revenue": 574728
        },
        "2020-02": {
            "month": "2020-02",
            "price": "198.45",
            "revenue": 681703
        },
        "2020-03": {
            "month": "2020-03",
            "price": "205.86",
            "revenue": 752491
        },
        "2020-04": {
            "month": "2020-04",
            "price": "195.05",
            "revenue": 672841
        },
        "2020-05": {
            "month": "2020-05",
            "price": "194.55",
            "revenue": 776728
        },
        "2020-06": {
            "month": "2020-06",
            "price": "195.22",
            "revenue": 798685
        },
        "2020-07": {
            "month": "2020-07",
            "price": "188.07",
            "revenue": 740937
        },
        "2020-08": {
            "month": "2020-08",
            "price": "181.57",
            "revenue": 678882
        },
        "2020-09": {
            "month": "2020-09",
            "price": "177.91",
            "revenue": 748192
        },
        "2020-10": {
            "month": "2020-10",
            "price": "166.79",
            "revenue": 733274
        },
        "2020-11": {
            "month": "2020-11",
            "price": "168.76",
            "revenue": 963181
        },
        "2020-12": {
            "month": "2020-12",
            "price": "177.70",
            "revenue": 1046553
        },
        "2021-01": {
            "month": "2021-01",
            "price": "177.18",
            "revenue": 594187
        },
        "2021-02": {
            "month": "2021-02",
            "price": "175.77",
            "revenue": 557621
        },
        "2021-03": {
            "month": "2021-03",
            "price": "179.52",
            "revenue": 820392
        },
        "2021-04": {
            "month": "2021-04",
            "price": "178.74",
            "revenue": 762506
        },
        "2021-05": {
            "month": "2021-05",
            "price": "168.02",
            "revenue": 920329
        },
        "2021-06": {
            "month": "2021-06",
            "price": "170.52",
            "revenue": 821032
        },
        "2021-07": {
            "month": "2021-07",
            "price": "172.16",
            "revenue": 861043
        },
        "2021-08": {
            "month": "2021-08",
            "price": "165.43",
            "revenue": 749006
        },
        "2021-09": {
            "month": "2021-09",
            "price": "162.88",
            "revenue": 793518
        },
        "2021-10": {
            "month": "2021-10",
            "price": "161.12",
            "revenue": 805466
        },
        "2021-11": {
            "month": "2021-11",
            "price": "162.05",
            "revenue": 1058373
        },
        "2021-12": {
            "month": "2021-12",
            "price": "161.48",
            "revenue": 1054773
        },
        "2022-01": {
            "month": "2022-01",
            "price": "158.75",
            "revenue": 701078
        },
        "2022-02": {
            "month": "2022-02",
            "price": "154.53",
            "revenue": 483677
        },
        "2022-03": {
            "month": "2022-03",
            "price": "146.70",
            "revenue": 867825
        },
        "2022-04": {
            "month": "2022-04",
            "price": "144.95",
            "revenue": 829518
        },
        "2022-05": {
            "month": "2022-05",
            "price": "141.93",
            "revenue": 1009379
        },
        "2022-06": {
            "month": "2022-06",
            "price": "139.81",
            "revenue": 883576
        },
        "2022-07": {
            "month": "2022-07",
            "price": "131.33",
            "revenue": 792012
        },
        "2022-08": {
            "month": "2022-08",
            "price": "135.26",
            "revenue": 838287
        },
        "2022-09": {
            "month": "2022-09",
            "price": "140.33",
            "revenue": 861571
        },
        "2022-10": {
            "month": "2022-10",
            "price": "127.85",
            "revenue": 851454
        },
        "2022-11": {
            "month": "2022-11",
            "price": "130.25",
            "revenue": 1162739
        },
        "2022-12": {
            "month": "2022-12",
            "price": "159.02",
            "revenue": 1110115
        },
        "2023-01": {
            "month": "2023-01",
            "price": "164.96",
            "revenue": 666333
        },
        "2023-02": {
            "month": "2023-02",
            "price": "174.83",
            "revenue": 610065
        },
        "2023-03": {
            "month": "2023-03",
            "price": "180.46",
            "revenue": 943305
        },
        "2023-04": {
            "month": "2023-04",
            "price": "181.76",
            "revenue": 790685
        },
        "2023-05": {
            "month": "2023-05",
            "price": "179.05",
            "revenue": 929197
        },
        "2023-06": {
            "month": "2023-06",
            "price": "173.25",
            "revenue": 944769
        },
        "2023-07": {
            "month": "2023-07",
            "price": "170.07",
            "revenue": 793835
        },
        "2023-08": {
            "month": "2023-08",
            "price": "161.95",
            "revenue": 991411
        },
        "2023-09": {
            "month": "2023-09",
            "price": "155.70",
            "revenue": 765446
        },
        "2023-10": {
            "month": "2023-10",
            "price": "151.80",
            "revenue": 821431
        },
        "2023-11": {
            "month": "2023-11",
            "price": "152.30",
            "revenue": 1181230
        },
        "2023-12": {
            "month": "2023-12",
            "price": "154.07",
            "revenue": 1197757
        }
    }
}
