{
    "summary": {
        "stock_name": "東鹼",
        "stock_id": "1708",
        "category": "化工",
        "main_business": "硫酸鉀,鹽酸之製造及買賣業務。<br>純鹼,小蘇打之買賣業務。<br>混合磷酸鈣,氯化鈣,鹽之買賣業務。",
        "website_url": "http://www.sesoda.com.tw",
        "ceo": "黃志成",
        "pe_ratio": -106,
        "report_year_from": 2001,
        "report_year_to": 2023,
        "age": 23,
        "eps_negative_percentage": 4,
        "eps_growth_avg": {
            "last_all": 17.47,
            "last_2y": 25.12,
            "last_4y": 1.8,
            "last_8y": -5.83,
            "last_12y": -0.58,
            "last_16y": 4.88,
            "last_20y": 17.11,
            "at_2006_last_3y": 69.12,
            "at_2007_last_3y": 46.04,
            "at_2008_last_3y": 69.07,
            "at_2009_last_3y": 30.01,
            "at_2010_last_3y": 22.59,
            "at_2011_last_3y": 25.22,
            "at_2012_last_3y": 6.15,
            "at_2013_last_3y": 18.29,
            "at_2014_last_3y": 11.24,
            "at_2015_last_3y": -1.51,
            "at_2016_last_3y": 5.04,
            "at_2017_last_3y": 2.38,
            "at_2018_last_3y": -15.36,
            "at_2019_last_3y": -13.44,
            "at_2020_last_3y": -28.37,
            "at_2021_last_3y": 1.19,
            "at_2022_last_3y": 27.25,
            "at_2023_last_3y": 8.54,
            "at_2024_last_3y": 8.54,
            "at_2006_last_all": 60.29,
            "at_2007_last_all": 51.53,
            "at_2008_last_all": 53.96,
            "at_2009_last_all": 40.19,
            "at_2010_last_all": 43.54,
            "at_2011_last_all": 41,
            "at_2012_last_all": 36.58,
            "at_2013_last_all": 32.89,
            "at_2014_last_all": 33.6,
            "at_2015_last_all": 28.86,
            "at_2016_last_all": 28.17,
            "at_2017_last_all": 25.26,
            "at_2018_last_all": 22.08,
            "at_2019_last_all": 19.46,
            "at_2020_last_all": 16.26,
            "at_2021_last_all": 20.45,
            "at_2022_last_all": 23.06,
            "at_2023_last_all": 17.47,
            "at_2024_last_all": 17.47
        },
        "latest_eps": -0.31,
        "latest_price": 32.75,
        "latest_roe": -1.14,
        "latest_gross_margin": 22.07,
        "latest_equity": 6487521,
        "latest_revenue": 1392488,
        "latest_gross_profit": 307314,
        "latest_net_income": 105710,
        "latest_debt_ratio": 52.47,
        "latest_current_ratio": 81.32,
        "latest_account_receivable_turnover_ratio": 1.96,
        "latest_inventory_turnover_ratio": 1.61,
        "latest_reinvestment_rate": -36.51,
        "latest_research_to_sale_ratio": null
    },
    "eps_dividends": {
        "1990": {
            "cash": 0,
            "stock": 1.5,
            "eps": 0
        },
        "1991": {
            "cash": 0.5,
            "stock": 1,
            "eps": 0
        },
        "1992": {
            "cash": 0,
            "stock": 1,
            "eps": 0
        },
        "1993": {
            "cash": 0,
            "stock": 0.12,
            "eps": 0
        },
        "1994": {
            "cash": 0.5,
            "stock": 0.5,
            "eps": 0
        },
        "1995": {
            "cash": 0,
            "stock": 0.5,
            "eps": 0
        },
        "1996": {
            "cash": 0,
            "stock": 0.5,
            "eps": 0
        },
        "1998": {
            "cash": 0,
            "stock": 1,
            "eps": 0
        },
        "1999": {
            "cash": 0,
            "stock": 0.6,
            "eps": 0
        },
        "2000": {
            "cash": 0.2,
            "stock": 0.2,
            "eps": 0
        },
        "2001": {
            "cash": 0.88,
            "stock": 0.88,
            "eps": 0.12
        },
        "2002": {
            "cash": 0,
            "stock": 0,
            "eps": 0.15
        },
        "2003": {
            "cash": 0.15,
            "stock": 0,
            "eps": 0.51
        },
        "2004": {
            "cash": 0.4,
            "stock": 0,
            "eps": 0.39
        },
        "2005": {
            "cash": 0.25,
            "stock": 0,
            "eps": 0.82
        },
        "2006": {
            "cash": 0.7,
            "stock": 0,
            "eps": 1.95
        },
        "2007": {
            "cash": 1,
            "stock": 0,
            "eps": 2.1
        },
        "2008": {
            "cash": 1.5,
            "stock": 0,
            "eps": 3.54
        },
        "2009": {
            "cash": 1.5,
            "stock": 0,
            "eps": 1.55
        },
        "2010": {
            "cash": 1.5,
            "stock": 0,
            "eps": 2.64
        },
        "2011": {
            "cash": 3,
            "stock": 0,
            "eps": 3.12
        },
        "2012": {
            "cash": 0,
            "stock": 0,
            "eps": 2.88
        },
        "2013": {
            "cash": 0.5,
            "stock": 0.5,
            "eps": 2.66
        },
        "2014": {
            "cash": 0.5,
            "stock": 0.5,
            "eps": 3.78
        },
        "2015": {
            "cash": 1.5,
            "stock": 0.5,
            "eps": 2.54
        },
        "2016": {
            "cash": 0.5,
            "stock": 0.5,
            "eps": 3.01
        },
        "2017": {
            "cash": 0.5,
            "stock": 0.5,
            "eps": 2.46
        },
        "2018": {
            "cash": 1,
            "stock": 0,
            "eps": 1.75
        },
        "2019": {
            "cash": 0.5,
            "stock": 0.5,
            "eps": 1.31
        },
        "2020": {
            "cash": 0.8,
            "stock": 0.8,
            "eps": 0.77
        },
        "2021": {
            "cash": 0.9,
            "stock": 0.9,
            "eps": 2.76
        },
        "2022": {
            "cash": 2,
            "stock": 0,
            "eps": 4.84
        },
        "2023": {
            "cash": 6,
            "stock": 0,
            "eps": -0.5
        }
    },
    "dividends": {
        "1990-04-07": {
            "cash": 0,
            "stock": 1.5
        },
        "1991-04-17": {
            "cash": 0.5,
            "stock": 1
        },
        "1992-04-11": {
            "cash": 0,
            "stock": 1
        },
        "1993-04-16": {
            "cash": 0,
            "stock": 0.12
        },
        "1994-04-21": {
            "cash": 0.5,
            "stock": 0.5
        },
        "1995-05-09": {
            "cash": 0,
            "stock": 0.5
        },
        "1996-04-23": {
            "cash": 0,
            "stock": 0.5
        },
        "1998-04-23": {
            "cash": 0,
            "stock": 1
        },
        "1999-04-20": {
            "cash": 0,
            "stock": 0.6
        },
        "2000-06-09": {
            "cash": 0.2,
            "stock": 0.2
        },
        "2001-04-24": {
            "cash": 0.88,
            "stock": 0.88
        },
        "2003-03-04": {
            "cash": 0.15,
            "stock": 0
        },
        "2004-03-03": {
            "cash": 0.4,
            "stock": 0
        },
        "2005-03-29": {
            "cash": 0.25,
            "stock": 0
        },
        "2006-03-24": {
            "cash": 0.7,
            "stock": 0
        },
        "2007-03-26": {
            "cash": 1,
            "stock": 0
        },
        "2008-03-24": {
            "cash": 1.5,
            "stock": 0
        },
        "2009-03-30": {
            "cash": 1.5,
            "stock": 0
        },
        "2010-03-22": {
            "cash": 1.5,
            "stock": 0
        },
        "2011-01-01": {
            "cash": 1.5,
            "stock": 0
        },
        "2011-03-25": {
            "cash": 1.5,
            "stock": 0
        },
        "2013-03-25": {
            "cash": 0.5,
            "stock": 0.5
        },
        "2014-09-15": {
            "cash": 0.5,
            "stock": 0.5
        },
        "2015-09-08": {
            "cash": 1.5,
            "stock": 0.5
        },
        "2016-09-07": {
            "cash": 0.5,
            "stock": 0.5
        },
        "2017-08-23": {
            "cash": 0.5,
            "stock": 0.5
        },
        "2018-08-17": {
            "cash": 1,
            "stock": 0
        },
        "2019-09-04": {
            "cash": 0.5,
            "stock": 0.5
        },
        "2020-08-19": {
            "cash": 0.8,
            "stock": 0.8
        },
        "2021-10-15": {
            "cash": 0.9,
            "stock": 0.9
        },
        "2022-08-19": {
            "cash": 2,
            "stock": 0
        },
        "2023-03-27": {
            "cash": 3,
            "stock": 0
        },
        "2023-08-03": {
            "cash": 3,
            "stock": 0
        }
    },
    "prices": {
        "200101": "9.06",
        "200102": "9.49",
        "200103": "9.68",
        "200104": "9.58",
        "200105": "9.40",
        "200106": "8.02",
        "200107": "5.65",
        "200108": "5.80",
        "200109": "5.41",
        "200110": "4.80",
        "200111": "4.83",
        "200112": "5.28",
        "200201": "5.91",
        "200202": "6.00",
        "200203": "7.26",
        "200204": "7.95",
        "200205": "6.45",
        "200206": "6.62",
        "200207": "7.10",
        "200208": "6.18",
        "200209": "5.64",
        "200210": "5.07",
        "200211": "5.40",
        "200212": "5.86",
        "200301": "6.60",
        "200302": "6.06",
        "200303": "5.65",
        "200304": "5.87",
        "200305": "5.31",
        "200306": "5.72",
        "200307": "5.90",
        "200308": "5.66",
        "200309": "5.84",
        "200310": "6.41",
        "200311": "6.86",
        "200312": "6.87",
        "200401": "7.72",
        "200402": "9.36",
        "200403": "9.25",
        "200404": "9.01",
        "200405": "7.92",
        "200406": "7.35",
        "200407": "7.20",
        "200408": "7.25",
        "200409": "7.70",
        "200410": "7.80",
        "200411": "7.60",
        "200412": "7.75",
        "200501": "7.98",
        "200502": "7.82",
        "200503": "7.59",
        "200504": "6.99",
        "200505": "7.13",
        "200506": "8.26",
        "200507": "7.96",
        "200508": "8.71",
        "200509": "9.10",
        "200510": "9.11",
        "200511": "9.03",
        "200512": "9.23",
        "200601": "9.65",
        "200602": "10.50",
        "200603": "10.27",
        "200604": "10.48",
        "200605": "12.00",
        "200606": "11.65",
        "200607": "11.91",
        "200608": "13.44",
        "200609": "12.53",
        "200610": "13.83",
        "200611": "14.48",
        "200612": "15.60",
        "200701": "16.62",
        "200702": "16.38",
        "200703": "16.45",
        "200704": "17.52",
        "200705": "17.98",
        "200706": "17.44",
        "200707": "20.13",
        "200708": "21.86",
        "200709": "21.68",
        "200710": "25.61",
        "200711": "22.90",
        "200712": "22.02",
        "200801": "21.75",
        "200802": "22.53",
        "200803": "25.06",
        "200804": "35.78",
        "200805": "60.97",
        "200806": "64.14",
        "200807": "57.02",
        "200808": "52.26",
        "200809": "42.30",
        "200810": "23.78",
        "200811": "24.07",
        "200812": "25.14",
        "200901": "27.29",
        "200902": "29.19",
        "200903": "31.13",
        "200904": "30.55",
        "200905": "29.93",
        "200906": "33.21",
        "200907": "31.30",
        "200908": "30.00",
        "200909": "29.45",
        "200910": "30.74",
        "200911": "30.56",
        "200912": "32.42",
        "201001": "33.43",
        "201002": "30.16",
        "201003": "32.68",
        "201004": "33.78",
        "201005": "30.22",
        "201006": "29.35",
        "201007": "30.59",
        "201008": "37.00",
        "201009": "36.85",
        "201010": "38.01",
        "201011": "34.89",
        "201012": "35.67",
        "201101": "37.45",
        "201102": "38.32",
        "201103": "34.09",
        "201104": "35.88",
        "201105": "37.17",
        "201106": "38.01",
        "201107": "36.97",
        "201108": "32.06",
        "201109": "31.14",
        "201110": "31.38",
        "201111": "33.23",
        "201112": "32.63",
        "201201": "31.88",
        "201202": "34.39",
        "201203": "35.58",
        "201204": "33.32",
        "201205": "33.26",
        "201206": "31.90",
        "201207": "34.24",
        "201208": "35.32",
        "201209": "33.19",
        "201210": "32.26",
        "201211": "32.02",
        "201212": "33.14",
        "201301": "32.90",
        "201302": "33.12",
        "201303": "32.77",
        "201304": "31.68",
        "201305": "32.25",
        "201306": "32.21",
        "201307": "33.07",
        "201308": "31.20",
        "201309": "31.52",
        "201310": "31.64",
        "201311": "31.15",
        "201312": "31.33",
        "201401": "31.84",
        "201402": "31.72",
        "201403": "32.41",
        "201404": "31.98",
        "201405": "34.99",
        "201406": "36.62",
        "201407": "38.08",
        "201408": "40.90",
        "201409": "41.11",
        "201410": "35.28",
        "201411": "36.58",
        "201412": "38.56",
        "201501": "39.39",
        "201502": "38.35",
        "201503": "39.66",
        "201504": "42.75",
        "201505": "41.37",
        "201506": "39.31",
        "201507": "38.00",
        "201508": "33.80",
        "201509": "32.74",
        "201510": "33.26",
        "201511": "33.94",
        "201512": "32.09",
        "201601": "30.23",
        "201602": "30.47",
        "201603": "30.57",
        "201604": "29.14",
        "201605": "26.45",
        "201606": "27.15",
        "201607": "26.88",
        "201608": "25.79",
        "201609": "25.85",
        "201610": "25.76",
        "201611": "25.55",
        "201612": "27.05",
        "201701": "27.92",
        "201702": "29.01",
        "201703": "29.30",
        "201704": "29.44",
        "201705": "28.26",
        "201706": "28.30",
        "201707": "28.80",
        "201708": "29.35",
        "201709": "30.06",
        "201710": "29.13",
        "201711": "29.10",
        "201712": "29.06",
        "201801": "30.87",
        "201802": "30.17",
        "201803": "30.22",
        "201804": "30.09",
        "201805": "29.32",
        "201806": "28.91",
        "201807": "27.74",
        "201808": "27.33",
        "201809": "27.00",
        "201810": "24.42",
        "201811": "24.43",
        "201812": "25.54",
        "201901": "25.96",
        "201902": "25.97",
        "201903": "25.83",
        "201904": "26.08",
        "201905": "25.75",
        "201906": "26.21",
        "201907": "27.00",
        "201908": "25.48",
        "201909": "25.70",
        "201910": "25.50",
        "201911": "24.55",
        "201912": "24.91",
        "202001": "25.31",
        "202002": "24.46",
        "202003": "22.18",
        "202004": "22.69",
        "202005": "24.17",
        "202006": "25.16",
        "202007": "23.87",
        "202008": "22.38",
        "202009": "23.25",
        "202010": "22.58",
        "202011": "22.51",
        "202012": "23.35",
        "202101": "22.64",
        "202102": "22.25",
        "202103": "23.17",
        "202104": "27.17",
        "202105": "27.20",
        "202106": "31.82",
        "202107": "35.65",
        "202108": "34.83",
        "202109": "29.73",
        "202110": "31.78",
        "202111": "32.26",
        "202112": "34.55",
        "202201": "34.19",
        "202202": "36.41",
        "202203": "47.68",
        "202204": "63.42",
        "202205": "57.59",
        "202206": "50.65",
        "202207": "45.94",
        "202208": "48.56",
        "202209": "47.60",
        "202210": "40.44",
        "202211": "42.80",
        "202212": "42.27",
        "202301": "40.78",
        "202302": "41.79",
        "202303": "42.84",
        "202304": "42.05",
        "202305": "37.62",
        "202306": "38.46",
        "202307": "35.64",
        "202308": "32.88",
        "202309": "31.98",
        "202310": "31.22",
        "202311": "31.08",
        "202312": "33.08"
    },
    "quarters": {
        "20011": {
            "year_quarter": 20011,
            "year": 2001,
            "quarter": 1,
            "eps": 0.19,
            "eps_growth_year": 111.11,
            "eps_4q": 1.11,
            "eps_4q_growth_year": 412.53,
            "roe": 1.33,
            "roe_4q": 1.33,
            "gross_profit": 48564,
            "gross_margin": 12.56,
            "gross_margin_4q_avg": 12.56,
            "net_income": 35595,
            "net_income_4q": null,
            "revenue": 386570,
            "revenue_4q": null,
            "common_shares": 1934310,
            "book_valuer_per_share": 13.74,
            "book_valuer_per_share_4q_avg": 13.74,
            "equity": 2658133,
            "current_ratio": 113.6,
            "debt_ratio": 29.14,
            "inventory_turnover_ratio": 1.27,
            "account_receivable_turnover_ratio": null,
            "reinvestment_rate": null,
            "research_to_sale_ratio": null,
            "price_fair": 0,
            "eps_avg_yearly": 0,
            "eps_latest_yearly": 0,
            "eps_growth_yearly": 0
        },
        "20012": {
            "year_quarter": 20012,
            "year": 2001,
            "quarter": 2,
            "eps": 0.3,
            "eps_growth_year": -51.61,
            "eps_4q": 0.74,
            "eps_4q_growth_year": 16.99,
            "roe": 2.3,
            "roe_4q": 3.63,
            "gross_profit": 54002,
            "gross_margin": 13.26,
            "gross_margin_4q_avg": 12.91,
            "net_income": 61875,
            "net_income_4q": null,
            "revenue": 407254,
            "revenue_4q": null,
            "common_shares": 2104529,
            "book_valuer_per_share": 12.9,
            "book_valuer_per_share_4q_avg": 13.32,
            "equity": 2715574,
            "current_ratio": 110.82,
            "debt_ratio": 28.54,
            "inventory_turnover_ratio": 1.48,
            "account_receivable_turnover_ratio": null,
            "reinvestment_rate": null,
            "research_to_sale_ratio": null,
            "price_fair": 0,
            "eps_avg_yearly": 0,
            "eps_latest_yearly": 0,
            "eps_growth_yearly": 0
        },
        "20013": {
            "year_quarter": 20013,
            "year": 2001,
            "quarter": 3,
            "eps": -0.22,
            "eps_growth_year": -166.67,
            "eps_4q": 0.21,
            "eps_4q_growth_year": -79.77,
            "roe": -1.68,
            "roe_4q": 1.95,
            "gross_profit": 44820,
            "gross_margin": 11.47,
            "gross_margin_4q_avg": 12.43,
            "net_income": -45329,
            "net_income_4q": null,
            "revenue": 390754,
            "revenue_4q": null,
            "common_shares": 2104529,
            "book_valuer_per_share": 12.67,
            "book_valuer_per_share_4q_avg": 13.1,
            "equity": 2665859,
            "current_ratio": 113.55,
            "debt_ratio": 30.54,
            "inventory_turnover_ratio": 1.33,
            "account_receivable_turnover_ratio": null,
            "reinvestment_rate": null,
            "research_to_sale_ratio": null,
            "price_fair": 0,
            "eps_avg_yearly": 0,
            "eps_latest_yearly": 0,
            "eps_growth_yearly": 0
        },
        "20014": {
            "year_quarter": 20014,
            "year": 2001,
            "quarter": 4,
            "eps": -0.15,
            "eps_growth_year": null,
            "eps_4q": 0.79,
            "eps_4q_growth_year": -23.34,
            "roe": -1.15,
            "roe_4q": 0.7999999999999998,
            "gross_profit": 41437,
            "gross_margin": 11.42,
            "gross_margin_4q_avg": 12.18,
            "net_income": -30805,
            "net_income_4q": null,
            "revenue": 362779,
            "revenue_4q": null,
            "common_shares": 2104529,
            "book_valuer_per_share": 12.4,
            "book_valuer_per_share_4q_avg": 12.93,
            "equity": 2691945,
            "current_ratio": 124.18,
            "debt_ratio": 34.07,
            "inventory_turnover_ratio": 1.14,
            "account_receivable_turnover_ratio": null,
            "reinvestment_rate": null,
            "research_to_sale_ratio": null,
            "price_fair": 0,
            "eps_avg_yearly": 0,
            "eps_latest_yearly": 0,
            "eps_growth_yearly": 0
        },
        "20021": {
            "year_quarter": 20021,
            "year": 2002,
            "quarter": 1,
            "eps": 0.06,
            "eps_growth_year": -68.42,
            "eps_4q": -0.01,
            "eps_4q_growth_year": -101.04,
            "roe": 0.45,
            "roe_4q": -0.08000000000000007,
            "gross_profit": 44513,
            "gross_margin": 11.97,
            "gross_margin_4q_avg": 12.03,
            "net_income": 11950,
            "net_income_4q": null,
            "revenue": 371858,
            "revenue_4q": null,
            "common_shares": 2104529,
            "book_valuer_per_share": 12.46,
            "book_valuer_per_share_4q_avg": 12.61,
            "equity": 2622591,
            "current_ratio": 109.98,
            "debt_ratio": 29.32,
            "inventory_turnover_ratio": 1.45,
            "account_receivable_turnover_ratio": null,
            "reinvestment_rate": null,
            "research_to_sale_ratio": null,
            "price_fair": 0,
            "eps_avg_yearly": 0,
            "eps_latest_yearly": 0,
            "eps_growth_yearly": 0
        },
        "20022": {
            "year_quarter": 20022,
            "year": 2002,
            "quarter": 2,
            "eps": -0.47,
            "eps_growth_year": -256.67,
            "eps_4q": -0.77,
            "eps_4q_growth_year": -205.09,
            "roe": -3.85,
            "roe_4q": -6.2299999999999995,
            "gross_profit": 55160,
            "gross_margin": 16.16,
            "gross_margin_4q_avg": 12.76,
            "net_income": -98423,
            "net_income_4q": null,
            "revenue": 341316,
            "revenue_4q": null,
            "common_shares": 2104529,
            "book_valuer_per_share": 11.81,
            "book_valuer_per_share_4q_avg": 12.34,
            "equity": 2484998,
            "current_ratio": 98.25,
            "debt_ratio": 33.96,
            "inventory_turnover_ratio": 1.5,
            "account_receivable_turnover_ratio": null,
            "reinvestment_rate": null,
            "research_to_sale_ratio": null,
            "price_fair": 0,
            "eps_avg_yearly": 0,
            "eps_latest_yearly": 0,
            "eps_growth_yearly": 0
        },
        "20023": {
            "year_quarter": 20023,
            "year": 2002,
            "quarter": 3,
            "eps": 0.08,
            "eps_growth_year": null,
            "eps_4q": -0.47,
            "eps_4q_growth_year": -328.51,
            "roe": 0.68,
            "roe_4q": -3.8699999999999997,
            "gross_profit": 58939,
            "gross_margin": 19.27,
            "gross_margin_4q_avg": 14.71,
            "net_income": 17082,
            "net_income_4q": null,
            "revenue": 305820,
            "revenue_4q": null,
            "common_shares": 2104529,
            "book_valuer_per_share": 11.95,
            "book_valuer_per_share_4q_avg": 12.16,
            "equity": 2514343,
            "current_ratio": 91.85,
            "debt_ratio": 31.93,
            "inventory_turnover_ratio": 1.19,
            "account_receivable_turnover_ratio": null,
            "reinvestment_rate": null,
            "research_to_sale_ratio": null,
            "price_fair": 0,
            "eps_avg_yearly": 0,
            "eps_latest_yearly": 0,
            "eps_growth_yearly": 0
        },
        "20024": {
            "year_quarter": 20024,
            "year": 2002,
            "quarter": 4,
            "eps": 0.48,
            "eps_growth_year": null,
            "eps_4q": 0.15,
            "eps_4q_growth_year": -81.45,
            "roe": 3.82,
            "roe_4q": 1.0999999999999999,
            "gross_profit": 69333,
            "gross_margin": 21.44,
            "gross_margin_4q_avg": 17.21,
            "net_income": 99731,
            "net_income_4q": null,
            "revenue": 323419,
            "revenue_4q": null,
            "common_shares": 2104529,
            "book_valuer_per_share": 12.52,
            "book_valuer_per_share_4q_avg": 12.19,
            "equity": 2707587,
            "current_ratio": 124.23,
            "debt_ratio": 32.61,
            "inventory_turnover_ratio": 1.15,
            "account_receivable_turnover_ratio": null,
            "reinvestment_rate": 191.92,
            "research_to_sale_ratio": null,
            "price_fair": 67.2,
            "eps_avg_yearly": 1.92,
            "eps_latest_yearly": 1.92,
            "eps_growth_yearly": 2000
        },
        "20031": {
            "year_quarter": 20031,
            "year": 2003,
            "quarter": 1,
            "eps": 0.05,
            "eps_growth_year": -16.67,
            "eps_4q": 0.14,
            "eps_4q_growth_year": null,
            "roe": 0.39,
            "roe_4q": 1.0399999999999996,
            "gross_profit": 48651,
            "gross_margin": 14.84,
            "gross_margin_4q_avg": 17.93,
            "net_income": 10541,
            "net_income_4q": null,
            "revenue": 327796,
            "revenue_4q": null,
            "common_shares": 2104529,
            "book_valuer_per_share": 12.56,
            "book_valuer_per_share_4q_avg": 12.21,
            "equity": 2642950,
            "current_ratio": 129.49,
            "debt_ratio": 22.3,
            "inventory_turnover_ratio": 1.35,
            "account_receivable_turnover_ratio": null,
            "reinvestment_rate": -116.04,
            "research_to_sale_ratio": null,
            "price_fair": 37.1,
            "eps_avg_yearly": 1.06,
            "eps_latest_yearly": 0.2,
            "eps_growth_yearly": 820.83
        },
        "20032": {
            "year_quarter": 20032,
            "year": 2003,
            "quarter": 2,
            "eps": 0.02,
            "eps_growth_year": null,
            "eps_4q": 0.74,
            "eps_4q_growth_year": null,
            "roe": 0.14,
            "roe_4q": 5.029999999999999,
            "gross_profit": 54279,
            "gross_margin": 18.9,
            "gross_margin_4q_avg": 18.61,
            "net_income": 3556,
            "net_income_4q": null,
            "revenue": 287214,
            "revenue_4q": null,
            "common_shares": 2104529,
            "book_valuer_per_share": 12.41,
            "book_valuer_per_share_4q_avg": 12.36,
            "equity": 2611152,
            "current_ratio": 121.32,
            "debt_ratio": 23.87,
            "inventory_turnover_ratio": 1.34,
            "account_receivable_turnover_ratio": null,
            "reinvestment_rate": -130.77,
            "research_to_sale_ratio": null,
            "price_fair": 25.67,
            "eps_avg_yearly": 0.73,
            "eps_latest_yearly": 0.08,
            "eps_growth_yearly": 467.22
        },
        "20033": {
            "year_quarter": 20033,
            "year": 2003,
            "quarter": 3,
            "eps": 0.39,
            "eps_growth_year": 387.5,
            "eps_4q": 0.93,
            "eps_4q_growth_year": null,
            "roe": 3.09,
            "roe_4q": 7.4399999999999995,
            "gross_profit": 51521,
            "gross_margin": 17.11,
            "gross_margin_4q_avg": 18.07,
            "net_income": 81875,
            "net_income_4q": null,
            "revenue": 301058,
            "revenue_4q": null,
            "common_shares": 2104529,
            "book_valuer_per_share": 12.8,
            "book_valuer_per_share_4q_avg": 12.57,
            "equity": 2692975,
            "current_ratio": 155.29,
            "debt_ratio": 21.45,
            "inventory_turnover_ratio": 1.37,
            "account_receivable_turnover_ratio": null,
            "reinvestment_rate": -83.05,
            "research_to_sale_ratio": null,
            "price_fair": 32.9,
            "eps_avg_yearly": 0.94,
            "eps_latest_yearly": 1.56,
            "eps_growth_yearly": 2200.42
        },
        "20034": {
            "year_quarter": 20034,
            "year": 2003,
            "quarter": 4,
            "eps": 0.05,
            "eps_growth_year": -89.58,
            "eps_4q": 0.49,
            "eps_4q_growth_year": 235.81,
            "roe": 0.4,
            "roe_4q": 4.02,
            "gross_profit": 55407,
            "gross_margin": 18.68,
            "gross_margin_4q_avg": 17.38,
            "net_income": 10897,
            "net_income_4q": null,
            "revenue": 296600,
            "revenue_4q": null,
            "common_shares": 2104529,
            "book_valuer_per_share": 12.83,
            "book_valuer_per_share_4q_avg": 12.65,
            "equity": 2764884,
            "current_ratio": 143.27,
            "debt_ratio": 31.23,
            "inventory_turnover_ratio": 1.16,
            "account_receivable_turnover_ratio": null,
            "reinvestment_rate": 166.87,
            "research_to_sale_ratio": null,
            "price_fair": 27.72,
            "eps_avg_yearly": 0.79,
            "eps_latest_yearly": 0.2,
            "eps_growth_yearly": 1690.59
        },
        "20041": {
            "year_quarter": 20041,
            "year": 2004,
            "quarter": 1,
            "eps": 0.21,
            "eps_growth_year": 320,
            "eps_4q": 0.68,
            "eps_4q_growth_year": 392.23,
            "roe": 1.58,
            "roe_4q": 5.21,
            "gross_profit": 59985,
            "gross_margin": 19.14,
            "gross_margin_4q_avg": 18.46,
            "net_income": 43457,
            "net_income_4q": null,
            "revenue": 313452,
            "revenue_4q": null,
            "common_shares": 2104529,
            "book_valuer_per_share": 12.97,
            "book_valuer_per_share_4q_avg": 12.75,
            "equity": 2730483,
            "current_ratio": 157.71,
            "debt_ratio": 22.15,
            "inventory_turnover_ratio": 1.31,
            "account_receivable_turnover_ratio": null,
            "reinvestment_rate": -56.8,
            "research_to_sale_ratio": null,
            "price_fair": 28,
            "eps_avg_yearly": 0.8,
            "eps_latest_yearly": 0.84,
            "eps_growth_yearly": 1622.16
        },
        "20042": {
            "year_quarter": 20042,
            "year": 2004,
            "quarter": 2,
            "eps": 0.07,
            "eps_growth_year": 250,
            "eps_4q": 0.7,
            "eps_4q_growth_year": -4.87,
            "roe": 0.56,
            "roe_4q": 5.63,
            "gross_profit": 76169,
            "gross_margin": 22.61,
            "gross_margin_4q_avg": 19.39,
            "net_income": 15126,
            "net_income_4q": null,
            "revenue": 336870,
            "revenue_4q": null,
            "common_shares": 2104529,
            "book_valuer_per_share": 12.66,
            "book_valuer_per_share_4q_avg": 12.82,
            "equity": 2664077,
            "current_ratio": 154.36,
            "debt_ratio": 19.23,
            "inventory_turnover_ratio": 1.75,
            "account_receivable_turnover_ratio": null,
            "reinvestment_rate": -67.83,
            "research_to_sale_ratio": null,
            "price_fair": 25.4,
            "eps_avg_yearly": 0.73,
            "eps_latest_yearly": 0.28,
            "eps_growth_yearly": 1352.33
        },
        "20043": {
            "year_quarter": 20043,
            "year": 2004,
            "quarter": 3,
            "eps": 0.11,
            "eps_growth_year": -71.79,
            "eps_4q": 0.43,
            "eps_4q_growth_year": -53.6,
            "roe": 0.89,
            "roe_4q": 3.43,
            "gross_profit": 74194,
            "gross_margin": 23.74,
            "gross_margin_4q_avg": 21.04,
            "net_income": 23694,
            "net_income_4q": null,
            "revenue": 312469,
            "revenue_4q": null,
            "common_shares": 2104529,
            "book_valuer_per_share": 12.76,
            "book_valuer_per_share_4q_avg": 12.81,
            "equity": 2685305,
            "current_ratio": 144.9,
            "debt_ratio": 21.01,
            "inventory_turnover_ratio": 1.4,
            "account_receivable_turnover_ratio": null,
            "reinvestment_rate": -69.44,
            "research_to_sale_ratio": null,
            "price_fair": 24.15,
            "eps_avg_yearly": 0.69,
            "eps_latest_yearly": 0.44,
            "eps_growth_yearly": 1211.86
        },
        "20044": {
            "year_quarter": 20044,
            "year": 2004,
            "quarter": 4,
            "eps": 0,
            "eps_growth_year": -100,
            "eps_4q": 0.44,
            "eps_4q_growth_year": -9.34,
            "roe": 0.01,
            "roe_4q": 3.04,
            "gross_profit": 75139,
            "gross_margin": 21.94,
            "gross_margin_4q_avg": 21.86,
            "net_income": 381,
            "net_income_4q": null,
            "revenue": 342529,
            "revenue_4q": null,
            "common_shares": 2104529,
            "book_valuer_per_share": 12.53,
            "book_valuer_per_share_4q_avg": 12.73,
            "equity": 2694501,
            "current_ratio": 165.29,
            "debt_ratio": 30.38,
            "inventory_turnover_ratio": 1.22,
            "account_receivable_turnover_ratio": null,
            "reinvestment_rate": 143.2,
            "research_to_sale_ratio": null,
            "price_fair": 24.15,
            "eps_avg_yearly": 0.69,
            "eps_latest_yearly": 0.44,
            "eps_growth_yearly": 1211.86
        },
        "20051": {
            "year_quarter": 20051,
            "year": 2005,
            "quarter": 1,
            "eps": 0.24,
            "eps_growth_year": 14.29,
            "eps_4q": 0.43,
            "eps_4q_growth_year": -36.62,
            "roe": 1.83,
            "roe_4q": 3.29,
            "gross_profit": 104962,
            "gross_margin": 28.64,
            "gross_margin_4q_avg": 24.23,
            "net_income": 50008,
            "net_income_4q": null,
            "revenue": 366492,
            "revenue_4q": null,
            "common_shares": 2104529,
            "book_valuer_per_share": 13.17,
            "book_valuer_per_share_4q_avg": 12.78,
            "equity": 2771626,
            "current_ratio": 180.34,
            "debt_ratio": 16.96,
            "inventory_turnover_ratio": 1.14,
            "account_receivable_turnover_ratio": null,
            "reinvestment_rate": -70.78,
            "research_to_sale_ratio": null,
            "price_fair": 24.15,
            "eps_avg_yearly": 0.69,
            "eps_latest_yearly": 0.44,
            "eps_growth_yearly": 1211.86
        },
        "20052": {
            "year_quarter": 20052,
            "year": 2005,
            "quarter": 2,
            "eps": 0.35,
            "eps_growth_year": 400,
            "eps_4q": 0.71,
            "eps_4q_growth_year": 1.57,
            "roe": 2.58,
            "roe_4q": 5.31,
            "gross_profit": 109601,
            "gross_margin": 27.65,
            "gross_margin_4q_avg": 25.49,
            "net_income": 71741,
            "net_income_4q": null,
            "revenue": 396379,
            "revenue_4q": null,
            "common_shares": 2104529,
            "book_valuer_per_share": 13.24,
            "book_valuer_per_share_4q_avg": 12.93,
            "equity": 2787041,
            "current_ratio": 164.4,
            "debt_ratio": 19.97,
            "inventory_turnover_ratio": 1.24,
            "account_receivable_turnover_ratio": null,
            "reinvestment_rate": -25.14,
            "research_to_sale_ratio": null,
            "price_fair": 26.91,
            "eps_avg_yearly": 0.77,
            "eps_latest_yearly": 1.4,
            "eps_growth_yearly": 1097.58
        },
        "20053": {
            "year_quarter": 20053,
            "year": 2005,
            "quarter": 3,
            "eps": 0.06,
            "eps_growth_year": -45.45,
            "eps_4q": 0.69,
            "eps_4q_growth_year": 59.54,
            "roe": 0.42,
            "roe_4q": 4.84,
            "gross_profit": 79914,
            "gross_margin": 18.93,
            "gross_margin_4q_avg": 24.29,
            "net_income": 11629,
            "net_income_4q": null,
            "revenue": 422061,
            "revenue_4q": null,
            "common_shares": 2104529,
            "book_valuer_per_share": 13.38,
            "book_valuer_per_share_4q_avg": 13.08,
            "equity": 2815099,
            "current_ratio": 171.39,
            "debt_ratio": 19.44,
            "inventory_turnover_ratio": 1.43,
            "account_receivable_turnover_ratio": null,
            "reinvestment_rate": -15.55,
            "research_to_sale_ratio": null,
            "price_fair": 25.06,
            "eps_avg_yearly": 0.72,
            "eps_latest_yearly": 0.24,
            "eps_growth_yearly": 954.68
        },
        "20054": {
            "year_quarter": 20054,
            "year": 2005,
            "quarter": 4,
            "eps": 0.17,
            "eps_growth_year": null,
            "eps_4q": 0.83,
            "eps_4q_growth_year": 86.04,
            "roe": 1.21,
            "roe_4q": 6.04,
            "gross_profit": 91867,
            "gross_margin": 21.74,
            "gross_margin_4q_avg": 24.24,
            "net_income": 34510,
            "net_income_4q": null,
            "revenue": 422532,
            "revenue_4q": null,
            "common_shares": 2104529,
            "book_valuer_per_share": 13.47,
            "book_valuer_per_share_4q_avg": 13.32,
            "equity": 2896734,
            "current_ratio": 196.45,
            "debt_ratio": 25.26,
            "inventory_turnover_ratio": 1.26,
            "account_receivable_turnover_ratio": null,
            "reinvestment_rate": 40.23,
            "research_to_sale_ratio": null,
            "price_fair": 24.95,
            "eps_avg_yearly": 0.71,
            "eps_latest_yearly": 0.68,
            "eps_growth_yearly": 934.55
        },
        "20061": {
            "year_quarter": 20061,
            "year": 2006,
            "quarter": 1,
            "eps": 0.3,
            "eps_growth_year": 25,
            "eps_4q": 0.88,
            "eps_4q_growth_year": 105.84,
            "roe": 2,
            "roe_4q": 6.21,
            "gross_profit": 118933,
            "gross_margin": 24.19,
            "gross_margin_4q_avg": 23.13,
            "net_income": 60838,
            "net_income_4q": null,
            "revenue": 491695,
            "revenue_4q": null,
            "common_shares": 2104529,
            "book_valuer_per_share": 15.19,
            "book_valuer_per_share_4q_avg": 13.82,
            "equity": 3197406,
            "current_ratio": 151.14,
            "debt_ratio": 18.45,
            "inventory_turnover_ratio": 1.16,
            "account_receivable_turnover_ratio": null,
            "reinvestment_rate": -16.32,
            "research_to_sale_ratio": null,
            "price_fair": 26.37,
            "eps_avg_yearly": 0.75,
            "eps_latest_yearly": 1.2,
            "eps_growth_yearly": 882.16
        },
        "20062": {
            "year_quarter": 20062,
            "year": 2006,
            "quarter": 2,
            "eps": 0.31,
            "eps_growth_year": -11.43,
            "eps_4q": 0.82,
            "eps_4q_growth_year": 15.96,
            "roe": 2.04,
            "roe_4q": 5.67,
            "gross_profit": 115275,
            "gross_margin": 18.31,
            "gross_margin_4q_avg": 20.79,
            "net_income": 64394,
            "net_income_4q": null,
            "revenue": 629731,
            "revenue_4q": null,
            "common_shares": 2104529,
            "book_valuer_per_share": 14.76,
            "book_valuer_per_share_4q_avg": 14.2,
            "equity": 3107019,
            "current_ratio": 125.35,
            "debt_ratio": 21.6,
            "inventory_turnover_ratio": 1.66,
            "account_receivable_turnover_ratio": null,
            "reinvestment_rate": 2.7,
            "research_to_sale_ratio": null,
            "price_fair": 27.68,
            "eps_avg_yearly": 0.79,
            "eps_latest_yearly": 1.24,
            "eps_growth_yearly": 815.33
        },
        "20063": {
            "year_quarter": 20063,
            "year": 2006,
            "quarter": 3,
            "eps": 1.22,
            "eps_growth_year": 1933.33,
            "eps_4q": 2,
            "eps_4q_growth_year": 190.06,
            "roe": 7.72,
            "roe_4q": 12.969999999999999,
            "gross_profit": 56251,
            "gross_margin": 12.39,
            "gross_margin_4q_avg": 19.16,
            "net_income": 249269,
            "net_income_4q": null,
            "revenue": 454007,
            "revenue_4q": null,
            "common_shares": 2104529,
            "book_valuer_per_share": 15.94,
            "book_valuer_per_share_4q_avg": 14.84,
            "equity": 3354887,
            "current_ratio": 130.26,
            "debt_ratio": 20.52,
            "inventory_turnover_ratio": 1.43,
            "account_receivable_turnover_ratio": null,
            "reinvestment_rate": 1.55,
            "research_to_sale_ratio": null,
            "price_fair": 37.9,
            "eps_avg_yearly": 1.08,
            "eps_latest_yearly": 4.88,
            "eps_growth_yearly": 840.96
        },
        "20064": {
            "year_quarter": 20064,
            "year": 2006,
            "quarter": 4,
            "eps": 0.12,
            "eps_growth_year": -29.41,
            "eps_4q": 1.9,
            "eps_4q_growth_year": 129.42,
            "roe": 0.74,
            "roe_4q": 12.5,
            "gross_profit": 58544,
            "gross_margin": 13.53,
            "gross_margin_4q_avg": 17.11,
            "net_income": 25285,
            "net_income_4q": null,
            "revenue": 432608,
            "revenue_4q": null,
            "common_shares": 2104529,
            "book_valuer_per_share": 16.17,
            "book_valuer_per_share_4q_avg": 15.52,
            "equity": 3478930,
            "current_ratio": 238.78,
            "debt_ratio": 26.15,
            "inventory_turnover_ratio": 1.32,
            "account_receivable_turnover_ratio": null,
            "reinvestment_rate": -1.03,
            "research_to_sale_ratio": null,
            "price_fair": 34.3,
            "eps_avg_yearly": 0.98,
            "eps_latest_yearly": 0.48,
            "eps_growth_yearly": 672.35
        },
        "20071": {
            "year_quarter": 20071,
            "year": 2007,
            "quarter": 1,
            "eps": 1.4,
            "eps_growth_year": 366.67,
            "eps_4q": 3.04,
            "eps_4q_growth_year": 244.97,
            "roe": 8.08,
            "roe_4q": 18.58,
            "gross_profit": 55173,
            "gross_margin": 12.91,
            "gross_margin_4q_avg": 14.29,
            "net_income": 289317,
            "net_income_4q": null,
            "revenue": 427359,
            "revenue_4q": null,
            "common_shares": 2104529,
            "book_valuer_per_share": 17.48,
            "book_valuer_per_share_4q_avg": 16.09,
            "equity": 3678053,
            "current_ratio": 262.06,
            "debt_ratio": 17.18,
            "inventory_turnover_ratio": 1.33,
            "account_receivable_turnover_ratio": null,
            "reinvestment_rate": 4.19,
            "research_to_sale_ratio": null,
            "price_fair": 47.8,
            "eps_avg_yearly": 1.37,
            "eps_latest_yearly": 5.6,
            "eps_growth_yearly": 1002.7
        },
        "20072": {
            "year_quarter": 20072,
            "year": 2007,
            "quarter": 2,
            "eps": 0.15,
            "eps_growth_year": -51.61,
            "eps_4q": 2.96,
            "eps_4q_growth_year": 258.59,
            "roe": 0.84,
            "roe_4q": 17.38,
            "gross_profit": 85461,
            "gross_margin": 15.33,
            "gross_margin_4q_avg": 13.54,
            "net_income": 30117,
            "net_income_4q": null,
            "revenue": 557369,
            "revenue_4q": null,
            "common_shares": 2104529,
            "book_valuer_per_share": 16.58,
            "book_valuer_per_share_4q_avg": 16.54,
            "equity": 3488702,
            "current_ratio": 172.39,
            "debt_ratio": 22.69,
            "inventory_turnover_ratio": 1.42,
            "account_receivable_turnover_ratio": null,
            "reinvestment_rate": 4.36,
            "research_to_sale_ratio": null,
            "price_fair": 49.1,
            "eps_avg_yearly": 1.4,
            "eps_latest_yearly": 0.6,
            "eps_growth_yearly": 994.34
        },
        "20073": {
            "year_quarter": 20073,
            "year": 2007,
            "quarter": 3,
            "eps": 0.27,
            "eps_growth_year": -77.87,
            "eps_4q": 2.07,
            "eps_4q_growth_year": 3.19,
            "roe": 1.59,
            "roe_4q": 11.25,
            "gross_profit": 106198,
            "gross_margin": 20.48,
            "gross_margin_4q_avg": 15.56,
            "net_income": 51833,
            "net_income_4q": null,
            "revenue": 518503,
            "revenue_4q": null,
            "common_shares": 1578397,
            "book_valuer_per_share": 19.1,
            "book_valuer_per_share_4q_avg": 17.33,
            "equity": 3014320,
            "current_ratio": 97.33,
            "debt_ratio": 31.36,
            "inventory_turnover_ratio": 0.98,
            "account_receivable_turnover_ratio": null,
            "reinvestment_rate": 7.93,
            "research_to_sale_ratio": null,
            "price_fair": 47.9,
            "eps_avg_yearly": 1.37,
            "eps_latest_yearly": 1.08,
            "eps_growth_yearly": 488.62
        },
        "20074": {
            "year_quarter": 20074,
            "year": 2007,
            "quarter": 4,
            "eps": 0.28,
            "eps_growth_year": 133.33,
            "eps_4q": 2.35,
            "eps_4q_growth_year": 24.05,
            "roe": 1.65,
            "roe_4q": 12.16,
            "gross_profit": 165631,
            "gross_margin": 21.84,
            "gross_margin_4q_avg": 17.64,
            "net_income": 50132,
            "net_income_4q": null,
            "revenue": 758417,
            "revenue_4q": null,
            "common_shares": 1578397,
            "book_valuer_per_share": 18.74,
            "book_valuer_per_share_4q_avg": 17.98,
            "equity": 3052039,
            "current_ratio": 148.77,
            "debt_ratio": 31.46,
            "inventory_turnover_ratio": 1.45,
            "account_receivable_turnover_ratio": null,
            "reinvestment_rate": 4.83,
            "research_to_sale_ratio": null,
            "price_fair": 50.2,
            "eps_avg_yearly": 1.43,
            "eps_latest_yearly": 1.12,
            "eps_growth_yearly": 514.59
        },
        "20081": {
            "year_quarter": 20081,
            "year": 2008,
            "quarter": 1,
            "eps": 0.93,
            "eps_growth_year": -33.57,
            "eps_4q": 1.77,
            "eps_4q_growth_year": -41.8,
            "roe": 4.68,
            "roe_4q": 8.76,
            "gross_profit": 319831,
            "gross_margin": 38.17,
            "gross_margin_4q_avg": 23.96,
            "net_income": 146421,
            "net_income_4q": null,
            "revenue": 837974,
            "revenue_4q": null,
            "common_shares": 1578397,
            "book_valuer_per_share": 19.72,
            "book_valuer_per_share_4q_avg": 18.54,
            "equity": 3205513,
            "current_ratio": 155.61,
            "debt_ratio": 32.02,
            "inventory_turnover_ratio": 1.46,
            "account_receivable_turnover_ratio": null,
            "reinvestment_rate": 70.07,
            "research_to_sale_ratio": null,
            "price_fair": 57.4,
            "eps_avg_yearly": 1.64,
            "eps_latest_yearly": 3.72,
            "eps_growth_yearly": 489.49
        },
        "20082": {
            "year_quarter": 20082,
            "year": 2008,
            "quarter": 2,
            "eps": 1.18,
            "eps_growth_year": 686.67,
            "eps_4q": 2.74,
            "eps_4q_growth_year": -7.26,
            "roe": 5.96,
            "roe_4q": 13.88,
            "gross_profit": 347439,
            "gross_margin": 36.37,
            "gross_margin_4q_avg": 29.22,
            "net_income": 187051,
            "net_income_4q": null,
            "revenue": 955220,
            "revenue_4q": null,
            "common_shares": 1578397,
            "book_valuer_per_share": 18.88,
            "book_valuer_per_share_4q_avg": 19.11,
            "equity": 3072625,
            "current_ratio": 152.24,
            "debt_ratio": 32.84,
            "inventory_turnover_ratio": 1.32,
            "account_receivable_turnover_ratio": null,
            "reinvestment_rate": 57.84,
            "research_to_sale_ratio": null,
            "price_fair": 68.5,
            "eps_avg_yearly": 1.96,
            "eps_latest_yearly": 4.72,
            "eps_growth_yearly": 516.21
        },
        "20083": {
            "year_quarter": 20083,
            "year": 2008,
            "quarter": 3,
            "eps": 1.36,
            "eps_growth_year": 403.7,
            "eps_4q": 3.76,
            "eps_4q_growth_year": 81.95,
            "roe": 6.88,
            "roe_4q": 19.169999999999998,
            "gross_profit": 396929,
            "gross_margin": 41.55,
            "gross_margin_4q_avg": 34.48,
            "net_income": 216301,
            "net_income_4q": null,
            "revenue": 955274,
            "revenue_4q": null,
            "common_shares": 1578397,
            "book_valuer_per_share": 19.73,
            "book_valuer_per_share_4q_avg": 19.27,
            "equity": 3218940,
            "current_ratio": 169.27,
            "debt_ratio": 33.59,
            "inventory_turnover_ratio": 0.83,
            "account_receivable_turnover_ratio": null,
            "reinvestment_rate": 50.35,
            "research_to_sale_ratio": null,
            "price_fair": 81,
            "eps_avg_yearly": 2.31,
            "eps_latest_yearly": 5.44,
            "eps_growth_yearly": 504.25
        },
        "20084": {
            "year_quarter": 20084,
            "year": 2008,
            "quarter": 4,
            "eps": 0.07,
            "eps_growth_year": -75,
            "eps_4q": 6.16,
            "eps_4q_growth_year": 161.58,
            "roe": 0.2,
            "roe_4q": 17.72,
            "gross_profit": 81200,
            "gross_margin": 10.53,
            "gross_margin_4q_avg": 31.66,
            "net_income": 6344,
            "net_income_4q": null,
            "revenue": 771405,
            "revenue_4q": null,
            "common_shares": 1578397,
            "book_valuer_per_share": 19.43,
            "book_valuer_per_share_4q_avg": 19.44,
            "equity": 3166805,
            "current_ratio": 196.12,
            "debt_ratio": 32.41,
            "inventory_turnover_ratio": 0.88,
            "account_receivable_turnover_ratio": 5.07,
            "reinvestment_rate": 3.64,
            "research_to_sale_ratio": null,
            "price_fair": 76.25,
            "eps_avg_yearly": 2.18,
            "eps_latest_yearly": 0.28,
            "eps_growth_yearly": 445.34
        },
        "20091": {
            "year_quarter": 20091,
            "year": 2009,
            "quarter": 1,
            "eps": 0.28,
            "eps_growth_year": -69.89,
            "eps_4q": 2.95,
            "eps_4q_growth_year": 66.53,
            "roe": 1.35,
            "roe_4q": 14.39,
            "gross_profit": 135088,
            "gross_margin": 19.68,
            "gross_margin_4q_avg": 27.03,
            "net_income": 43303,
            "net_income_4q": null,
            "revenue": 686563,
            "revenue_4q": null,
            "common_shares": 1578397,
            "book_valuer_per_share": 20.1,
            "book_valuer_per_share_4q_avg": 19.54,
            "equity": 3271706,
            "current_ratio": 232.34,
            "debt_ratio": 29.9,
            "inventory_turnover_ratio": 0.71,
            "account_receivable_turnover_ratio": 2.25,
            "reinvestment_rate": 52.76,
            "research_to_sale_ratio": null,
            "price_fair": 73.94,
            "eps_avg_yearly": 2.11,
            "eps_latest_yearly": 1.12,
            "eps_growth_yearly": 492.5
        },
        "20092": {
            "year_quarter": 20092,
            "year": 2009,
            "quarter": 2,
            "eps": 0.45,
            "eps_growth_year": -61.86,
            "eps_4q": 2.2,
            "eps_4q_growth_year": -19.94,
            "roe": 2.13,
            "roe_4q": 10.56,
            "gross_profit": 106998,
            "gross_margin": 14.41,
            "gross_margin_4q_avg": 21.54,
            "net_income": 69690,
            "net_income_4q": null,
            "revenue": 742437,
            "revenue_4q": null,
            "common_shares": 1578397,
            "book_valuer_per_share": 20.14,
            "book_valuer_per_share_4q_avg": 19.85,
            "equity": 3277400,
            "current_ratio": 179.06,
            "debt_ratio": 31.06,
            "inventory_turnover_ratio": 1.06,
            "account_receivable_turnover_ratio": 2.72,
            "reinvestment_rate": 49.46,
            "research_to_sale_ratio": null,
            "price_fair": 74.81,
            "eps_avg_yearly": 2.14,
            "eps_latest_yearly": 1.8,
            "eps_growth_yearly": 496.22
        },
        "20093": {
            "year_quarter": 20093,
            "year": 2009,
            "quarter": 3,
            "eps": 0.4,
            "eps_growth_year": -70.59,
            "eps_4q": 1.17,
            "eps_4q_growth_year": -68.96,
            "roe": 1.94,
            "roe_4q": 5.62,
            "gross_profit": 109994,
            "gross_margin": 19.39,
            "gross_margin_4q_avg": 16,
            "net_income": 64871,
            "net_income_4q": null,
            "revenue": 567142,
            "revenue_4q": null,
            "common_shares": 1578397,
            "book_valuer_per_share": 20.88,
            "book_valuer_per_share_4q_avg": 20.14,
            "equity": 3395764,
            "current_ratio": 189.37,
            "debt_ratio": 30.71,
            "inventory_turnover_ratio": 1.25,
            "account_receivable_turnover_ratio": 1.99,
            "reinvestment_rate": 46.17,
            "research_to_sale_ratio": null,
            "price_fair": 77.79,
            "eps_avg_yearly": 2.22,
            "eps_latest_yearly": 1.6,
            "eps_growth_yearly": 514.16
        },
        "20094": {
            "year_quarter": 20094,
            "year": 2009,
            "quarter": 4,
            "eps": 0.42,
            "eps_growth_year": 500,
            "eps_4q": 1.55,
            "eps_4q_growth_year": -74.75,
            "roe": 2.02,
            "roe_4q": 7.4399999999999995,
            "gross_profit": 161168,
            "gross_margin": 23.54,
            "gross_margin_4q_avg": 19.26,
            "net_income": 69667,
            "net_income_4q": null,
            "revenue": 684735,
            "revenue_4q": null,
            "common_shares": 1578397,
            "book_valuer_per_share": 21.45,
            "book_valuer_per_share_4q_avg": 20.64,
            "equity": 3488222,
            "current_ratio": 196.12,
            "debt_ratio": 29.24,
            "inventory_turnover_ratio": 1.42,
            "account_receivable_turnover_ratio": 4.1,
            "reinvestment_rate": 138.57,
            "research_to_sale_ratio": null,
            "price_fair": 79.98,
            "eps_avg_yearly": 2.29,
            "eps_latest_yearly": 1.68,
            "eps_growth_yearly": 469.58
        },
        "20101": {
            "year_quarter": 20101,
            "year": 2010,
            "quarter": 1,
            "eps": 0.63,
            "eps_growth_year": 125,
            "eps_4q": 1.9,
            "eps_4q_growth_year": -35.44,
            "roe": 2.96,
            "roe_4q": 9.05,
            "gross_profit": 215906,
            "gross_margin": 27.48,
            "gross_margin_4q_avg": 21.21,
            "net_income": 103097,
            "net_income_4q": null,
            "revenue": 785788,
            "revenue_4q": null,
            "common_shares": 1578397,
            "book_valuer_per_share": 21.32,
            "book_valuer_per_share_4q_avg": 20.95,
            "equity": 3471821,
            "current_ratio": 204.99,
            "debt_ratio": 36.53,
            "inventory_turnover_ratio": 1.31,
            "account_receivable_turnover_ratio": 2.04,
            "reinvestment_rate": 193.85,
            "research_to_sale_ratio": 0.24,
            "price_fair": 82.86,
            "eps_avg_yearly": 2.37,
            "eps_latest_yearly": 2.52,
            "eps_growth_yearly": 462.96
        },
        "20102": {
            "year_quarter": 20102,
            "year": 2010,
            "quarter": 2,
            "eps": 0.95,
            "eps_growth_year": 111.88,
            "eps_4q": 2.41,
            "eps_4q_growth_year": 9.54,
            "roe": 4.48,
            "roe_4q": 11.4,
            "gross_profit": 231985,
            "gross_margin": 27,
            "gross_margin_4q_avg": 24.35,
            "net_income": 152232,
            "net_income_4q": null,
            "revenue": 859091,
            "revenue_4q": null,
            "common_shares": 1578397,
            "book_valuer_per_share": 20.41,
            "book_valuer_per_share_4q_avg": 21.02,
            "equity": 3329281,
            "current_ratio": 134.09,
            "debt_ratio": 45.52,
            "inventory_turnover_ratio": 1.53,
            "account_receivable_turnover_ratio": 1.73,
            "reinvestment_rate": 230.53,
            "research_to_sale_ratio": 0.22,
            "price_fair": 88.46,
            "eps_avg_yearly": 2.53,
            "eps_latest_yearly": 3.8,
            "eps_growth_yearly": 474.82
        },
        "20103": {
            "year_quarter": 20103,
            "year": 2010,
            "quarter": 3,
            "eps": 0.57,
            "eps_growth_year": 41.84,
            "eps_4q": 2.57,
            "eps_4q_growth_year": 120.29,
            "roe": 2.77,
            "roe_4q": 12.23,
            "gross_profit": 226171,
            "gross_margin": 28.46,
            "gross_margin_4q_avg": 26.62,
            "net_income": 93386,
            "net_income_4q": null,
            "revenue": 794564,
            "revenue_4q": null,
            "common_shares": 1578397,
            "book_valuer_per_share": 20.9,
            "book_valuer_per_share_4q_avg": 21.02,
            "equity": 3410552,
            "current_ratio": 144.55,
            "debt_ratio": 44.06,
            "inventory_turnover_ratio": 1.67,
            "account_receivable_turnover_ratio": 1.53,
            "reinvestment_rate": 247.45,
            "research_to_sale_ratio": 0.23,
            "price_fair": 82.78,
            "eps_avg_yearly": 2.37,
            "eps_latest_yearly": 2.28,
            "eps_growth_yearly": 391.44
        },
        "20104": {
            "year_quarter": 20104,
            "year": 2010,
            "quarter": 4,
            "eps": 0.49,
            "eps_growth_year": 17.78,
            "eps_4q": 2.64,
            "eps_4q_growth_year": 70.01,
            "roe": 2.34,
            "roe_4q": 12.55,
            "gross_profit": 267204,
            "gross_margin": 30.34,
            "gross_margin_4q_avg": 28.32,
            "net_income": 80511,
            "net_income_4q": null,
            "revenue": 880832,
            "revenue_4q": null,
            "common_shares": 1578397,
            "book_valuer_per_share": 21.27,
            "book_valuer_per_share_4q_avg": 20.98,
            "equity": 3472168,
            "current_ratio": 187.55,
            "debt_ratio": 49.49,
            "inventory_turnover_ratio": 1.47,
            "account_receivable_turnover_ratio": 1.76,
            "reinvestment_rate": 220.09,
            "research_to_sale_ratio": 0.23,
            "price_fair": 86.01,
            "eps_avg_yearly": 2.46,
            "eps_latest_yearly": 1.96,
            "eps_growth_yearly": 410.47
        },
        "20111": {
            "year_quarter": 20111,
            "year": 2011,
            "quarter": 1,
            "eps": 0.73,
            "eps_growth_year": 15.87,
            "eps_4q": 2.75,
            "eps_4q_growth_year": 44.46,
            "roe": 3.36,
            "roe_4q": 12.95,
            "gross_profit": 226344,
            "gross_margin": 29.11,
            "gross_margin_4q_avg": 28.73,
            "net_income": 118505,
            "net_income_4q": null,
            "revenue": 777443,
            "revenue_4q": null,
            "common_shares": 1578397,
            "book_valuer_per_share": 21.98,
            "book_valuer_per_share_4q_avg": 21.14,
            "equity": 3586331,
            "current_ratio": 193.09,
            "debt_ratio": 48.44,
            "inventory_turnover_ratio": 1.03,
            "account_receivable_turnover_ratio": 1.68,
            "reinvestment_rate": 304.77,
            "research_to_sale_ratio": 0.25,
            "price_fair": 80.15,
            "eps_avg_yearly": 2.29,
            "eps_latest_yearly": 2.92,
            "eps_growth_yearly": 156.05
        },
        "20112": {
            "year_quarter": 20112,
            "year": 2011,
            "quarter": 2,
            "eps": 0.83,
            "eps_growth_year": -12.79,
            "eps_4q": 2.63,
            "eps_4q_growth_year": 9.13,
            "roe": 3.81,
            "roe_4q": 12.28,
            "gross_profit": 252562,
            "gross_margin": 29.59,
            "gross_margin_4q_avg": 29.38,
            "net_income": 132930,
            "net_income_4q": null,
            "revenue": 853583,
            "revenue_4q": null,
            "common_shares": 1578397,
            "book_valuer_per_share": 20.74,
            "book_valuer_per_share_4q_avg": 21.22,
            "equity": 3391215,
            "current_ratio": 155.12,
            "debt_ratio": 51.36,
            "inventory_turnover_ratio": 1.08,
            "account_receivable_turnover_ratio": 1.87,
            "reinvestment_rate": 284.35,
            "research_to_sale_ratio": 0.23,
            "price_fair": 86.1,
            "eps_avg_yearly": 2.46,
            "eps_latest_yearly": 3.32,
            "eps_growth_yearly": 181.79
        },
        "20113": {
            "year_quarter": 20113,
            "year": 2011,
            "quarter": 3,
            "eps": 0.72,
            "eps_growth_year": 27.05,
            "eps_4q": 2.78,
            "eps_4q_growth_year": 8.15,
            "roe": 3.41,
            "roe_4q": 12.92,
            "gross_profit": 291792,
            "gross_margin": 31.79,
            "gross_margin_4q_avg": 30.21,
            "net_income": 117821,
            "net_income_4q": null,
            "revenue": 917733,
            "revenue_4q": null,
            "common_shares": 1578397,
            "book_valuer_per_share": 21.46,
            "book_valuer_per_share_4q_avg": 21.36,
            "equity": 3509123,
            "current_ratio": 155.22,
            "debt_ratio": 50.15,
            "inventory_turnover_ratio": 1.06,
            "account_receivable_turnover_ratio": 1.77,
            "reinvestment_rate": 283.84,
            "research_to_sale_ratio": 0.21,
            "price_fair": 90.04,
            "eps_avg_yearly": 2.57,
            "eps_latest_yearly": 2.88,
            "eps_growth_yearly": 158.48
        },
        "20114": {
            "year_quarter": 20114,
            "year": 2011,
            "quarter": 4,
            "eps": 0.84,
            "eps_growth_year": 69.97,
            "eps_4q": 3.13,
            "eps_4q_growth_year": 18.25,
            "roe": 3.79,
            "roe_4q": 14.37,
            "gross_profit": 271215,
            "gross_margin": 29.34,
            "gross_margin_4q_avg": 29.96,
            "net_income": 134762,
            "net_income_4q": null,
            "revenue": 924295,
            "revenue_4q": null,
            "common_shares": 1578397,
            "book_valuer_per_share": 21.99,
            "book_valuer_per_share_4q_avg": 21.54,
            "equity": 3595036,
            "current_ratio": 174.98,
            "debt_ratio": 46.85,
            "inventory_turnover_ratio": 1.14,
            "account_receivable_turnover_ratio": 1.7,
            "reinvestment_rate": 222.94,
            "research_to_sale_ratio": 0.21,
            "price_fair": 94.94,
            "eps_avg_yearly": 2.71,
            "eps_latest_yearly": 3.36,
            "eps_growth_yearly": 161.72
        },
        "20121": {
            "year_quarter": 20121,
            "year": 2012,
            "quarter": 1,
            "eps": 0.98,
            "eps_growth_year": 34.25,
            "eps_4q": 3.37,
            "eps_4q_growth_year": 22.67,
            "roe": 4.17,
            "roe_4q": 15.180000000000001,
            "gross_profit": 240213,
            "gross_margin": 25.08,
            "gross_margin_4q_avg": 28.95,
            "net_income": 153560,
            "net_income_4q": null,
            "revenue": 957711,
            "revenue_4q": null,
            "common_shares": 1578397,
            "book_valuer_per_share": 23.07,
            "book_valuer_per_share_4q_avg": 21.82,
            "equity": 3764836,
            "current_ratio": 186.14,
            "debt_ratio": 45.32,
            "inventory_turnover_ratio": 1.22,
            "account_receivable_turnover_ratio": 1.8,
            "reinvestment_rate": 219.15,
            "research_to_sale_ratio": 0.21,
            "price_fair": 95.38,
            "eps_avg_yearly": 2.73,
            "eps_latest_yearly": 3.92,
            "eps_growth_yearly": 107.85
        },
        "20122": {
            "year_quarter": 20122,
            "year": 2012,
            "quarter": 2,
            "eps": 0.29,
            "eps_growth_year": -65.13,
            "eps_4q": 2.83,
            "eps_4q_growth_year": 7.74,
            "roe": 1.28,
            "roe_4q": 12.65,
            "gross_profit": 208570,
            "gross_margin": 21.72,
            "gross_margin_4q_avg": 26.98,
            "net_income": 47274,
            "net_income_4q": null,
            "revenue": 960074,
            "revenue_4q": null,
            "common_shares": 1578397,
            "book_valuer_per_share": 22.06,
            "book_valuer_per_share_4q_avg": 22.15,
            "equity": 3606488,
            "current_ratio": 125.69,
            "debt_ratio": 51.7,
            "inventory_turnover_ratio": 1.08,
            "account_receivable_turnover_ratio": 1.78,
            "reinvestment_rate": 268.54,
            "research_to_sale_ratio": 0.22,
            "price_fair": 87.59,
            "eps_avg_yearly": 2.5,
            "eps_latest_yearly": 1.16,
            "eps_growth_yearly": 83.53
        },
        "20123": {
            "year_quarter": 20123,
            "year": 2012,
            "quarter": 3,
            "eps": 0.75,
            "eps_growth_year": 3.88,
            "eps_4q": 2.86,
            "eps_4q_growth_year": 2.8,
            "roe": 3.27,
            "roe_4q": 12.509999999999998,
            "gross_profit": 216866,
            "gross_margin": 20.76,
            "gross_margin_4q_avg": 24.23,
            "net_income": 118927,
            "net_income_4q": null,
            "revenue": 1044826,
            "revenue_4q": null,
            "common_shares": 1578397,
            "book_valuer_per_share": 22.45,
            "book_valuer_per_share_4q_avg": 22.39,
            "equity": 3669845,
            "current_ratio": 142.06,
            "debt_ratio": 46.91,
            "inventory_turnover_ratio": 1.22,
            "account_receivable_turnover_ratio": 1.82,
            "reinvestment_rate": 278.21,
            "research_to_sale_ratio": -0.01,
            "price_fair": 82.25,
            "eps_avg_yearly": 2.35,
            "eps_latest_yearly": 3,
            "eps_growth_yearly": 119.37
        },
        "20124": {
            "year_quarter": 20124,
            "year": 2012,
            "quarter": 4,
            "eps": 0.86,
            "eps_growth_year": 2.71,
            "eps_4q": 2.88,
            "eps_4q_growth_year": -7.85,
            "roe": 3.68,
            "roe_4q": 12.4,
            "gross_profit": 204605,
            "gross_margin": 20,
            "gross_margin_4q_avg": 21.89,
            "net_income": 136845,
            "net_income_4q": null,
            "revenue": 1022852,
            "revenue_4q": null,
            "common_shares": 1578397,
            "book_valuer_per_share": 23.11,
            "book_valuer_per_share_4q_avg": 22.67,
            "equity": 3774955,
            "current_ratio": 153.89,
            "debt_ratio": 45.74,
            "inventory_turnover_ratio": 1.35,
            "account_receivable_turnover_ratio": 1.62,
            "reinvestment_rate": 258.4,
            "research_to_sale_ratio": 0.53,
            "price_fair": 89.16,
            "eps_avg_yearly": 2.55,
            "eps_latest_yearly": 3.44,
            "eps_growth_yearly": 146.75
        },
        "20131": {
            "year_quarter": 20131,
            "year": 2013,
            "quarter": 1,
            "eps": 0.99,
            "eps_growth_year": 1.02,
            "eps_4q": 2.89,
            "eps_4q_growth_year": -14.15,
            "roe": 4.12,
            "roe_4q": 12.35,
            "gross_profit": 214793,
            "gross_margin": 21.55,
            "gross_margin_4q_avg": 21.01,
            "net_income": 158100,
            "net_income_4q": null,
            "revenue": 996704,
            "revenue_4q": null,
            "common_shares": 1578397,
            "book_valuer_per_share": 23.96,
            "book_valuer_per_share_4q_avg": 22.9,
            "equity": 3909007,
            "current_ratio": 197.97,
            "debt_ratio": 44.48,
            "inventory_turnover_ratio": 1.43,
            "account_receivable_turnover_ratio": 1.6,
            "reinvestment_rate": 140.96,
            "research_to_sale_ratio": 0.17,
            "price_fair": 95.38,
            "eps_avg_yearly": 2.73,
            "eps_latest_yearly": 3.96,
            "eps_growth_yearly": 75.53
        },
        "20132": {
            "year_quarter": 20132,
            "year": 2013,
            "quarter": 2,
            "eps": 0.45,
            "eps_growth_year": 55.21,
            "eps_4q": 2.93,
            "eps_4q_growth_year": 3.55,
            "roe": 1.94,
            "roe_4q": 13.01,
            "gross_profit": 228441,
            "gross_margin": 22.26,
            "gross_margin_4q_avg": 21.14,
            "net_income": 76052,
            "net_income_4q": null,
            "revenue": 1026118,
            "revenue_4q": null,
            "common_shares": 1578397,
            "book_valuer_per_share": 23.99,
            "book_valuer_per_share_4q_avg": 23.38,
            "equity": 3914909,
            "current_ratio": 167.1,
            "debt_ratio": 44.41,
            "inventory_turnover_ratio": 1.5,
            "account_receivable_turnover_ratio": 1.82,
            "reinvestment_rate": 141.45,
            "research_to_sale_ratio": 0.14,
            "price_fair": 95.38,
            "eps_avg_yearly": 2.73,
            "eps_latest_yearly": 1.8,
            "eps_growth_yearly": 46.71
        },
        "20133": {
            "year_quarter": 20133,
            "year": 2013,
            "quarter": 3,
            "eps": 0.57,
            "eps_growth_year": -23.87,
            "eps_4q": 2.79,
            "eps_4q_growth_year": -2.37,
            "roe": 2.44,
            "roe_4q": 12.18,
            "gross_profit": 229453,
            "gross_margin": 23.56,
            "gross_margin_4q_avg": 21.84,
            "net_income": 96488,
            "net_income_4q": null,
            "revenue": 973810,
            "revenue_4q": null,
            "common_shares": 1657316,
            "book_valuer_per_share": 23.33,
            "book_valuer_per_share_4q_avg": 23.6,
            "equity": 3997164,
            "current_ratio": 178.76,
            "debt_ratio": 42.68,
            "inventory_turnover_ratio": 1.17,
            "account_receivable_turnover_ratio": 1.81,
            "reinvestment_rate": 136.51,
            "research_to_sale_ratio": 0.14,
            "price_fair": 96.86,
            "eps_avg_yearly": 2.77,
            "eps_latest_yearly": 2.28,
            "eps_growth_yearly": 56.16
        },
        "20134": {
            "year_quarter": 20134,
            "year": 2013,
            "quarter": 4,
            "eps": 0.65,
            "eps_growth_year": -24.27,
            "eps_4q": 2.62,
            "eps_4q_growth_year": -8.99,
            "roe": 2.65,
            "roe_4q": 11.149999999999999,
            "gross_profit": 249010,
            "gross_margin": 23.63,
            "gross_margin_4q_avg": 22.75,
            "net_income": 107292,
            "net_income_4q": null,
            "revenue": 1053941,
            "revenue_4q": null,
            "common_shares": 1657316,
            "book_valuer_per_share": 24.05,
            "book_valuer_per_share_4q_avg": 23.83,
            "equity": 4114776,
            "current_ratio": 193.99,
            "debt_ratio": 46.02,
            "inventory_turnover_ratio": 1.37,
            "account_receivable_turnover_ratio": 1.9,
            "reinvestment_rate": 51.77,
            "research_to_sale_ratio": 0.14,
            "price_fair": 98.88,
            "eps_avg_yearly": 2.83,
            "eps_latest_yearly": 2.6,
            "eps_growth_yearly": 58.42
        },
        "20141": {
            "year_quarter": 20141,
            "year": 2014,
            "quarter": 1,
            "eps": 1.06,
            "eps_growth_year": 7.07,
            "eps_4q": 2.74,
            "eps_4q_growth_year": -5.4,
            "roe": 4.21,
            "roe_4q": 11.239999999999998,
            "gross_profit": 315766,
            "gross_margin": 31,
            "gross_margin_4q_avg": 25.11,
            "net_income": 177489,
            "net_income_4q": null,
            "revenue": 1018508,
            "revenue_4q": null,
            "common_shares": 1657316,
            "book_valuer_per_share": 25.24,
            "book_valuer_per_share_4q_avg": 24.15,
            "equity": 4313647,
            "current_ratio": 161.04,
            "debt_ratio": 47.41,
            "inventory_turnover_ratio": 1.47,
            "account_receivable_turnover_ratio": 1.83,
            "reinvestment_rate": 44.03,
            "research_to_sale_ratio": 0.14,
            "price_fair": 102.64,
            "eps_avg_yearly": 2.93,
            "eps_latest_yearly": 4.24,
            "eps_growth_yearly": 61.69
        },
        "20142": {
            "year_quarter": 20142,
            "year": 2014,
            "quarter": 2,
            "eps": 0.89,
            "eps_growth_year": 97.78,
            "eps_4q": 3.07,
            "eps_4q_growth_year": 4.71,
            "roe": 3.59,
            "roe_4q": 12.889999999999999,
            "gross_profit": 320333,
            "gross_margin": 31.66,
            "gross_margin_4q_avg": 27.46,
            "net_income": 155281,
            "net_income_4q": null,
            "revenue": 1011704,
            "revenue_4q": null,
            "common_shares": 1657316,
            "book_valuer_per_share": 25.44,
            "book_valuer_per_share_4q_avg": 24.52,
            "equity": 4341841,
            "current_ratio": 143.83,
            "debt_ratio": 46.87,
            "inventory_turnover_ratio": 1.41,
            "account_receivable_turnover_ratio": 1.81,
            "reinvestment_rate": -4.7,
            "research_to_sale_ratio": 0.13,
            "price_fair": 102.11,
            "eps_avg_yearly": 2.92,
            "eps_latest_yearly": 3.56,
            "eps_growth_yearly": 44.98
        },
        "20143": {
            "year_quarter": 20143,
            "year": 2014,
            "quarter": 3,
            "eps": 0.97,
            "eps_growth_year": 70.18,
            "eps_4q": 3.49,
            "eps_4q_growth_year": 25.29,
            "roe": 3.85,
            "roe_4q": 14.299999999999999,
            "gross_profit": 333094,
            "gross_margin": 31.77,
            "gross_margin_4q_avg": 29.52,
            "net_income": 171246,
            "net_income_4q": null,
            "revenue": 1048591,
            "revenue_4q": null,
            "common_shares": 1740182,
            "book_valuer_per_share": 25.42,
            "book_valuer_per_share_4q_avg": 25.04,
            "equity": 4551580,
            "current_ratio": 150,
            "debt_ratio": 46.08,
            "inventory_turnover_ratio": 1.24,
            "account_receivable_turnover_ratio": 1.68,
            "reinvestment_rate": 1.2,
            "research_to_sale_ratio": 0.1,
            "price_fair": 105.61,
            "eps_avg_yearly": 3.02,
            "eps_latest_yearly": 3.88,
            "eps_growth_yearly": 57.23
        },
        "20144": {
            "year_quarter": 20144,
            "year": 2014,
            "quarter": 4,
            "eps": 0.86,
            "eps_growth_year": 31.8,
            "eps_4q": 3.73,
            "eps_4q_growth_year": 42.46,
            "roe": 3.21,
            "roe_4q": 14.86,
            "gross_profit": 332612,
            "gross_margin": 29.98,
            "gross_margin_4q_avg": 31.1,
            "net_income": 149270,
            "net_income_4q": null,
            "revenue": 1109537,
            "revenue_4q": null,
            "common_shares": 1740182,
            "book_valuer_per_share": 26.66,
            "book_valuer_per_share_4q_avg": 25.69,
            "equity": 4743229,
            "current_ratio": 143.48,
            "debt_ratio": 45.12,
            "inventory_turnover_ratio": 1.31,
            "account_receivable_turnover_ratio": 1.66,
            "reinvestment_rate": -13.38,
            "research_to_sale_ratio": 0.07,
            "price_fair": 108.85,
            "eps_avg_yearly": 3.11,
            "eps_latest_yearly": 3.44,
            "eps_growth_yearly": 57.9
        },
        "20151": {
            "year_quarter": 20151,
            "year": 2015,
            "quarter": 1,
            "eps": 1.21,
            "eps_growth_year": 14.15,
            "eps_4q": 3.94,
            "eps_4q_growth_year": 43.74,
            "roe": 4.52,
            "roe_4q": 15.17,
            "gross_profit": 400551,
            "gross_margin": 34.56,
            "gross_margin_4q_avg": 31.99,
            "net_income": 218895,
            "net_income_4q": null,
            "revenue": 1158958,
            "revenue_4q": null,
            "common_shares": 1740182,
            "book_valuer_per_share": 27.72,
            "book_valuer_per_share_4q_avg": 26.31,
            "equity": 4936049,
            "current_ratio": 133.37,
            "debt_ratio": 44.88,
            "inventory_turnover_ratio": 1.27,
            "account_receivable_turnover_ratio": 1.59,
            "reinvestment_rate": -18.62,
            "research_to_sale_ratio": 0.07,
            "price_fair": 113.05,
            "eps_avg_yearly": 3.23,
            "eps_latest_yearly": 4.84,
            "eps_growth_yearly": 55.83
        },
        "20152": {
            "year_quarter": 20152,
            "year": 2015,
            "quarter": 2,
            "eps": 1.01,
            "eps_growth_year": 13.48,
            "eps_4q": 3.91,
            "eps_4q_growth_year": 27.39,
            "roe": 3.94,
            "roe_4q": 15.519999999999998,
            "gross_profit": 395100,
            "gross_margin": 33.32,
            "gross_margin_4q_avg": 32.41,
            "net_income": 192241,
            "net_income_4q": null,
            "revenue": 1185673,
            "revenue_4q": null,
            "common_shares": 1740182,
            "book_valuer_per_share": 27.09,
            "book_valuer_per_share_4q_avg": 26.72,
            "equity": 4829075,
            "current_ratio": 116.62,
            "debt_ratio": 45.72,
            "inventory_turnover_ratio": 1.29,
            "account_receivable_turnover_ratio": 1.57,
            "reinvestment_rate": -23.19,
            "research_to_sale_ratio": 0.07,
            "price_fair": 114.63,
            "eps_avg_yearly": 3.28,
            "eps_latest_yearly": 4.04,
            "eps_growth_yearly": 48.27
        },
        "20153": {
            "year_quarter": 20153,
            "year": 2015,
            "quarter": 3,
            "eps": 1.21,
            "eps_growth_year": 24.74,
            "eps_4q": 4.19,
            "eps_4q_growth_year": 19.97,
            "roe": 4.59,
            "roe_4q": 16.259999999999998,
            "gross_profit": 383812,
            "gross_margin": 31.82,
            "gross_margin_4q_avg": 32.42,
            "net_income": 230799,
            "net_income_4q": null,
            "revenue": 1206249,
            "revenue_4q": null,
            "common_shares": 1827191,
            "book_valuer_per_share": 27.91,
            "book_valuer_per_share_4q_avg": 27.35,
            "equity": 5224584,
            "current_ratio": 126.5,
            "debt_ratio": 41.92,
            "inventory_turnover_ratio": 1.61,
            "account_receivable_turnover_ratio": 1.56,
            "reinvestment_rate": -25.6,
            "research_to_sale_ratio": 0.07,
            "price_fair": 118.91,
            "eps_avg_yearly": 3.4,
            "eps_latest_yearly": 4.84,
            "eps_growth_yearly": 56.54
        },
        "20154": {
            "year_quarter": 20154,
            "year": 2015,
            "quarter": 4,
            "eps": -0.89,
            "eps_growth_year": -203.75,
            "eps_4q": 2.48,
            "eps_4q_growth_year": -33.65,
            "roe": -3.1,
            "roe_4q": 9.95,
            "gross_profit": 296292,
            "gross_margin": 28.4,
            "gross_margin_4q_avg": 32.03,
            "net_income": -159306,
            "net_income_4q": null,
            "revenue": 1043208,
            "revenue_4q": null,
            "common_shares": 1827191,
            "book_valuer_per_share": 26.9,
            "book_valuer_per_share_4q_avg": 27.41,
            "equity": 5045259,
            "current_ratio": 128.52,
            "debt_ratio": 44.06,
            "inventory_turnover_ratio": 1.54,
            "account_receivable_turnover_ratio": 1.43,
            "reinvestment_rate": -12.42,
            "research_to_sale_ratio": 0.11,
            "price_fair": 119,
            "eps_avg_yearly": 3.4,
            "eps_latest_yearly": 4.84,
            "eps_growth_yearly": 55.86
        },
        "20161": {
            "year_quarter": 20161,
            "year": 2016,
            "quarter": 1,
            "eps": 0.55,
            "eps_growth_year": -54.55,
            "eps_4q": 1.88,
            "eps_4q_growth_year": -52.3,
            "roe": 2.08,
            "roe_4q": 7.51,
            "gross_profit": 276332,
            "gross_margin": 27.35,
            "gross_margin_4q_avg": 30.22,
            "net_income": 105226,
            "net_income_4q": null,
            "revenue": 1010211,
            "revenue_4q": null,
            "common_shares": 1827191,
            "book_valuer_per_share": 27.16,
            "book_valuer_per_share_4q_avg": 27.27,
            "equity": 5095754,
            "current_ratio": 133.12,
            "debt_ratio": 43.66,
            "inventory_turnover_ratio": 1.37,
            "account_receivable_turnover_ratio": 1.58,
            "reinvestment_rate": -13.92,
            "research_to_sale_ratio": 0.13,
            "price_fair": 117.7,
            "eps_avg_yearly": 3.36,
            "eps_latest_yearly": 4.84,
            "eps_growth_yearly": 55.09
        },
        "20162": {
            "year_quarter": 20162,
            "year": 2016,
            "quarter": 2,
            "eps": 0.45,
            "eps_growth_year": -55.45,
            "eps_4q": 1.28,
            "eps_4q_growth_year": -67.21,
            "roe": 1.85,
            "roe_4q": 5.42,
            "gross_profit": 293568,
            "gross_margin": 29.16,
            "gross_margin_4q_avg": 29.18,
            "net_income": 94958,
            "net_income_4q": null,
            "revenue": 1006596,
            "revenue_4q": null,
            "common_shares": 1827191,
            "book_valuer_per_share": 27.38,
            "book_valuer_per_share_4q_avg": 27.34,
            "equity": 5164875,
            "current_ratio": 131.03,
            "debt_ratio": 46.12,
            "inventory_turnover_ratio": 1.37,
            "account_receivable_turnover_ratio": 1.6,
            "reinvestment_rate": 2.95,
            "research_to_sale_ratio": 0.1,
            "price_fair": 119.3,
            "eps_avg_yearly": 3.41,
            "eps_latest_yearly": 1.8,
            "eps_growth_yearly": 70.01
        },
        "20163": {
            "year_quarter": 20163,
            "year": 2016,
            "quarter": 3,
            "eps": 0.58,
            "eps_growth_year": -52.07,
            "eps_4q": 0.7,
            "eps_4q_growth_year": -83.19,
            "roe": 2.42,
            "roe_4q": 3.2499999999999996,
            "gross_profit": 312865,
            "gross_margin": 29.84,
            "gross_margin_4q_avg": 28.69,
            "net_income": 126092,
            "net_income_4q": null,
            "revenue": 1048556,
            "revenue_4q": null,
            "common_shares": 1918551,
            "book_valuer_per_share": 26.34,
            "book_valuer_per_share_4q_avg": 26.95,
            "equity": 5256954,
            "current_ratio": 130.05,
            "debt_ratio": 44.32,
            "inventory_turnover_ratio": 1.54,
            "account_receivable_turnover_ratio": 1.6,
            "reinvestment_rate": 0.96,
            "research_to_sale_ratio": 0.2,
            "price_fair": 117.6,
            "eps_avg_yearly": 3.36,
            "eps_latest_yearly": 2.32,
            "eps_growth_yearly": 32.94
        },
        "20164": {
            "year_quarter": 20164,
            "year": 2016,
            "quarter": 4,
            "eps": 1.43,
            "eps_growth_year": null,
            "eps_4q": 2.98,
            "eps_4q_growth_year": 20.36,
            "roe": 5.67,
            "roe_4q": 12.02,
            "gross_profit": 357421,
            "gross_margin": 34.06,
            "gross_margin_4q_avg": 30.1,
            "net_income": 300519,
            "net_income_4q": null,
            "revenue": 1049322,
            "revenue_4q": null,
            "common_shares": 1918551,
            "book_valuer_per_share": 27.83,
            "book_valuer_per_share_4q_avg": 27.18,
            "equity": 5345560,
            "current_ratio": 111.47,
            "debt_ratio": 43.94,
            "inventory_turnover_ratio": 1.7,
            "account_receivable_turnover_ratio": 1.59,
            "reinvestment_rate": 6.07,
            "research_to_sale_ratio": 0.12,
            "price_fair": 123.3,
            "eps_avg_yearly": 3.52,
            "eps_latest_yearly": 5.72,
            "eps_growth_yearly": 70.63
        },
        "20171": {
            "year_quarter": 20171,
            "year": 2017,
            "quarter": 1,
            "eps": 0.51,
            "eps_growth_year": -7.27,
            "eps_4q": 2.96,
            "eps_4q_growth_year": 57.93,
            "roe": 1.85,
            "roe_4q": 11.79,
            "gross_profit": 266383,
            "gross_margin": 28.41,
            "gross_margin_4q_avg": 30.37,
            "net_income": 98054,
            "net_income_4q": null,
            "revenue": 937784,
            "revenue_4q": null,
            "common_shares": 1918551,
            "book_valuer_per_share": 27.43,
            "book_valuer_per_share_4q_avg": 27.25,
            "equity": 5269107,
            "current_ratio": 111.12,
            "debt_ratio": 46.1,
            "inventory_turnover_ratio": 2.4,
            "account_receivable_turnover_ratio": 1.59,
            "reinvestment_rate": 111.92,
            "research_to_sale_ratio": 0,
            "price_fair": 118.5,
            "eps_avg_yearly": 3.39,
            "eps_latest_yearly": 2.04,
            "eps_growth_yearly": 47.93
        },
        "20172": {
            "year_quarter": 20172,
            "year": 2017,
            "quarter": 2,
            "eps": 0.68,
            "eps_growth_year": 51.11,
            "eps_4q": 3.07,
            "eps_4q_growth_year": 139.69,
            "roe": 2.59,
            "roe_4q": 12.53,
            "gross_profit": 283045,
            "gross_margin": 28.71,
            "gross_margin_4q_avg": 30.26,
            "net_income": 136988,
            "net_income_4q": null,
            "revenue": 985989,
            "revenue_4q": null,
            "common_shares": 1918551,
            "book_valuer_per_share": 27.68,
            "book_valuer_per_share_4q_avg": 27.32,
            "equity": 5316024,
            "current_ratio": 109.78,
            "debt_ratio": 50.94,
            "inventory_turnover_ratio": 2.75,
            "account_receivable_turnover_ratio": 1.75,
            "reinvestment_rate": 172.37,
            "research_to_sale_ratio": 0,
            "price_fair": 120.8,
            "eps_avg_yearly": 3.45,
            "eps_latest_yearly": 2.72,
            "eps_growth_yearly": 73.03
        },
        "20173": {
            "year_quarter": 20173,
            "year": 2017,
            "quarter": 3,
            "eps": 0.6,
            "eps_growth_year": 3.45,
            "eps_4q": 3.12,
            "eps_4q_growth_year": 343.14,
            "roe": 2.26,
            "roe_4q": 12.37,
            "gross_profit": 284542,
            "gross_margin": 28.68,
            "gross_margin_4q_avg": 29.97,
            "net_income": 121438,
            "net_income_4q": null,
            "revenue": 992110,
            "revenue_4q": null,
            "common_shares": 2014479,
            "book_valuer_per_share": 26.9,
            "book_valuer_per_share_4q_avg": 27.46,
            "equity": 5425032,
            "current_ratio": 116.63,
            "debt_ratio": 49.78,
            "inventory_turnover_ratio": 2.09,
            "account_receivable_turnover_ratio": 1.63,
            "reinvestment_rate": 169.67,
            "research_to_sale_ratio": 0,
            "price_fair": 121.1,
            "eps_avg_yearly": 3.46,
            "eps_latest_yearly": 2.4,
            "eps_growth_yearly": 62.05
        },
        "20174": {
            "year_quarter": 20174,
            "year": 2017,
            "quarter": 4,
            "eps": 0.67,
            "eps_growth_year": -52.93,
            "eps_4q": 2.44,
            "eps_4q_growth_year": -18.3,
            "roe": 2.48,
            "roe_4q": 9.18,
            "gross_profit": 275521,
            "gross_margin": 28.67,
            "gross_margin_4q_avg": 28.62,
            "net_income": 135584,
            "net_income_4q": null,
            "revenue": 961069,
            "revenue_4q": null,
            "common_shares": 2014479,
            "book_valuer_per_share": 27.41,
            "book_valuer_per_share_4q_avg": 27.36,
            "equity": 5528721,
            "current_ratio": 117.58,
            "debt_ratio": 48.07,
            "inventory_turnover_ratio": 1.72,
            "account_receivable_turnover_ratio": 1.65,
            "reinvestment_rate": 124.43,
            "research_to_sale_ratio": 0,
            "price_fair": 121.3,
            "eps_avg_yearly": 3.47,
            "eps_latest_yearly": 2.68,
            "eps_growth_yearly": 61.38
        },
        "20181": {
            "year_quarter": 20181,
            "year": 2018,
            "quarter": 1,
            "eps": 0.5,
            "eps_growth_year": -1.96,
            "eps_4q": 2.45,
            "eps_4q_growth_year": -17.33,
            "roe": 1.81,
            "roe_4q": 9.14,
            "gross_profit": 292435,
            "gross_margin": 27.24,
            "gross_margin_4q_avg": 28.33,
            "net_income": 100906,
            "net_income_4q": null,
            "revenue": 1073439,
            "revenue_4q": null,
            "common_shares": 2014479,
            "book_valuer_per_share": 27.91,
            "book_valuer_per_share_4q_avg": 27.48,
            "equity": 5629613,
            "current_ratio": 124.38,
            "debt_ratio": 48.53,
            "inventory_turnover_ratio": 1.82,
            "account_receivable_turnover_ratio": 1.89,
            "reinvestment_rate": 142.96,
            "research_to_sale_ratio": 0,
            "price_fair": 115.7,
            "eps_avg_yearly": 3.31,
            "eps_latest_yearly": 2,
            "eps_growth_yearly": 36.1
        },
        "20182": {
            "year_quarter": 20182,
            "year": 2018,
            "quarter": 2,
            "eps": 0.45,
            "eps_growth_year": -33.82,
            "eps_4q": 2.22,
            "eps_4q_growth_year": -27.67,
            "roe": 1.61,
            "roe_4q": 8.16,
            "gross_profit": 315433,
            "gross_margin": 29.08,
            "gross_margin_4q_avg": 28.42,
            "net_income": 90839,
            "net_income_4q": null,
            "revenue": 1084610,
            "revenue_4q": null,
            "common_shares": 2014479,
            "book_valuer_per_share": 28.02,
            "book_valuer_per_share_4q_avg": 27.56,
            "equity": 5651215,
            "current_ratio": 111.07,
            "debt_ratio": 49.86,
            "inventory_turnover_ratio": 1.86,
            "account_receivable_turnover_ratio": 1.8,
            "reinvestment_rate": 164.37,
            "research_to_sale_ratio": null,
            "price_fair": 111.3,
            "eps_avg_yearly": 3.18,
            "eps_latest_yearly": 1.8,
            "eps_growth_yearly": 37.83
        },
        "20183": {
            "year_quarter": 20183,
            "year": 2018,
            "quarter": 3,
            "eps": 0.54,
            "eps_growth_year": -10,
            "eps_4q": 2.16,
            "eps_4q_growth_year": -30.95,
            "roe": 1.9,
            "roe_4q": 7.800000000000001,
            "gross_profit": 320017,
            "gross_margin": 27.91,
            "gross_margin_4q_avg": 28.23,
            "net_income": 108046,
            "net_income_4q": null,
            "revenue": 1146639,
            "revenue_4q": null,
            "common_shares": 2014479,
            "book_valuer_per_share": 28.38,
            "book_valuer_per_share_4q_avg": 27.93,
            "equity": 5717198,
            "current_ratio": 101.84,
            "debt_ratio": 49.67,
            "inventory_turnover_ratio": 2.22,
            "account_receivable_turnover_ratio": 1.82,
            "reinvestment_rate": 167.04,
            "research_to_sale_ratio": null,
            "price_fair": 107,
            "eps_avg_yearly": 3.06,
            "eps_latest_yearly": 2.16,
            "eps_growth_yearly": 40.98
        },
        "20184": {
            "year_quarter": 20184,
            "year": 2018,
            "quarter": 4,
            "eps": 0.26,
            "eps_growth_year": -61.58,
            "eps_4q": 1.74,
            "eps_4q_growth_year": -28.45,
            "roe": 0.9,
            "roe_4q": 6.220000000000001,
            "gross_profit": 113562,
            "gross_margin": 14.87,
            "gross_margin_4q_avg": 24.78,
            "net_income": 51945,
            "net_income_4q": null,
            "revenue": 763935,
            "revenue_4q": null,
            "common_shares": 2014479,
            "book_valuer_per_share": 28.79,
            "book_valuer_per_share_4q_avg": 28.28,
            "equity": 5800549,
            "current_ratio": 97.21,
            "debt_ratio": 52.48,
            "inventory_turnover_ratio": 1.71,
            "account_receivable_turnover_ratio": 1.41,
            "reinvestment_rate": 210.2,
            "research_to_sale_ratio": null,
            "price_fair": 101,
            "eps_avg_yearly": 2.89,
            "eps_latest_yearly": 1.04,
            "eps_growth_yearly": 29.4
        },
        "20191": {
            "year_quarter": 20191,
            "year": 2019,
            "quarter": 1,
            "eps": 0.28,
            "eps_growth_year": -44,
            "eps_4q": 1.53,
            "eps_4q_growth_year": -37.75,
            "roe": 0.97,
            "roe_4q": 5.38,
            "gross_profit": 231506,
            "gross_margin": 25.25,
            "gross_margin_4q_avg": 24.28,
            "net_income": 56843,
            "net_income_4q": null,
            "revenue": 916735,
            "revenue_4q": null,
            "common_shares": 2014479,
            "book_valuer_per_share": 29.31,
            "book_valuer_per_share_4q_avg": 28.63,
            "equity": 5904417,
            "current_ratio": 100.25,
            "debt_ratio": 55.2,
            "inventory_turnover_ratio": 1.6,
            "account_receivable_turnover_ratio": 1.81,
            "reinvestment_rate": 318.75,
            "research_to_sale_ratio": null,
            "price_fair": 78.52,
            "eps_avg_yearly": 2.62,
            "eps_latest_yearly": 1.12,
            "eps_growth_yearly": 19.97
        },
        "20192": {
            "year_quarter": 20192,
            "year": 2019,
            "quarter": 2,
            "eps": 0.38,
            "eps_growth_year": -15.56,
            "eps_4q": 1.41,
            "eps_4q_growth_year": -36.75,
            "roe": 1.37,
            "roe_4q": 5.14,
            "gross_profit": 300763,
            "gross_margin": 24.72,
            "gross_margin_4q_avg": 23.19,
            "net_income": 80455,
            "net_income_4q": null,
            "revenue": 1216851,
            "revenue_4q": null,
            "common_shares": 2014479,
            "book_valuer_per_share": 29.18,
            "book_valuer_per_share_4q_avg": 28.92,
            "equity": 5878144,
            "current_ratio": 92.23,
            "debt_ratio": 55.58,
            "inventory_turnover_ratio": 1.89,
            "account_receivable_turnover_ratio": 2.05,
            "reinvestment_rate": 346.16,
            "research_to_sale_ratio": null,
            "price_fair": 85.4,
            "eps_avg_yearly": 2.44,
            "eps_latest_yearly": 1.52,
            "eps_growth_yearly": 34.9
        },
        "20193": {
            "year_quarter": 20193,
            "year": 2019,
            "quarter": 3,
            "eps": 0.3,
            "eps_growth_year": -44.44,
            "eps_4q": 1.2,
            "eps_4q_growth_year": -44.46,
            "roe": 1.08,
            "roe_4q": 4.32,
            "gross_profit": 254325,
            "gross_margin": 22.84,
            "gross_margin_4q_avg": 21.92,
            "net_income": 64113,
            "net_income_4q": null,
            "revenue": 1113682,
            "revenue_4q": null,
            "common_shares": 2115203,
            "book_valuer_per_share": 28.11,
            "book_valuer_per_share_4q_avg": 28.85,
            "equity": 5945923,
            "current_ratio": 83.02,
            "debt_ratio": 53.96,
            "inventory_turnover_ratio": 1.79,
            "account_receivable_turnover_ratio": 1.82,
            "reinvestment_rate": 366.37,
            "research_to_sale_ratio": null,
            "price_fair": 72.43,
            "eps_avg_yearly": 2.18,
            "eps_latest_yearly": 1.2,
            "eps_growth_yearly": 23.22
        },
        "20194": {
            "year_quarter": 20194,
            "year": 2019,
            "quarter": 4,
            "eps": 0.35,
            "eps_growth_year": 34.26,
            "eps_4q": 1.3,
            "eps_4q_growth_year": -25.52,
            "roe": 1.23,
            "roe_4q": 4.65,
            "gross_profit": 232517,
            "gross_margin": 21.22,
            "gross_margin_4q_avg": 23.51,
            "net_income": 73230,
            "net_income_4q": null,
            "revenue": 1095900,
            "revenue_4q": null,
            "common_shares": 2115203,
            "book_valuer_per_share": 28.05,
            "book_valuer_per_share_4q_avg": 28.66,
            "equity": 5932228,
            "current_ratio": 92.69,
            "debt_ratio": 52.83,
            "inventory_turnover_ratio": 1.97,
            "account_receivable_turnover_ratio": 1.87,
            "reinvestment_rate": 274.87,
            "research_to_sale_ratio": null,
            "price_fair": 74.48,
            "eps_avg_yearly": 2.13,
            "eps_latest_yearly": 1.4,
            "eps_growth_yearly": 26.12
        },
        "20201": {
            "year_quarter": 20201,
            "year": 2020,
            "quarter": 1,
            "eps": 0.13,
            "eps_growth_year": -53.57,
            "eps_4q": 1.16,
            "eps_4q_growth_year": -23.81,
            "roe": 0.48,
            "roe_4q": 4.16,
            "gross_profit": 201692,
            "gross_margin": 19.07,
            "gross_margin_4q_avg": 21.96,
            "net_income": 28084,
            "net_income_4q": null,
            "revenue": 1057521,
            "revenue_4q": null,
            "common_shares": 2115203,
            "book_valuer_per_share": 27.23,
            "book_valuer_per_share_4q_avg": 28.14,
            "equity": 5759316,
            "current_ratio": 85.42,
            "debt_ratio": 55.09,
            "inventory_turnover_ratio": 2.15,
            "account_receivable_turnover_ratio": 1.7,
            "reinvestment_rate": 292.62,
            "research_to_sale_ratio": null,
            "price_fair": 38.06,
            "eps_avg_yearly": 2.03,
            "eps_latest_yearly": 0.52,
            "eps_growth_yearly": 8.77
        },
        "20202": {
            "year_quarter": 20202,
            "year": 2020,
            "quarter": 2,
            "eps": 0.08,
            "eps_growth_year": -78.95,
            "eps_4q": 0.8,
            "eps_4q_growth_year": -42.78,
            "roe": 0.32,
            "roe_4q": 3.1100000000000003,
            "gross_profit": 195349,
            "gross_margin": 19.29,
            "gross_margin_4q_avg": 20.61,
            "net_income": 18239,
            "net_income_4q": null,
            "revenue": 1012509,
            "revenue_4q": null,
            "common_shares": 2115203,
            "book_valuer_per_share": 27.28,
            "book_valuer_per_share_4q_avg": 27.67,
            "equity": 5769658,
            "current_ratio": 77.7,
            "debt_ratio": 53.86,
            "inventory_turnover_ratio": 2.19,
            "account_receivable_turnover_ratio": 1.65,
            "reinvestment_rate": 247.76,
            "research_to_sale_ratio": null,
            "price_fair": 26.52,
            "eps_avg_yearly": 1.94,
            "eps_latest_yearly": 0.32,
            "eps_growth_yearly": 3.7
        },
        "20203": {
            "year_quarter": 20203,
            "year": 2020,
            "quarter": 3,
            "eps": 0.24,
            "eps_growth_year": -20,
            "eps_4q": 0.76,
            "eps_4q_growth_year": -36.39,
            "roe": 0.94,
            "roe_4q": 2.9699999999999998,
            "gross_profit": 221825,
            "gross_margin": 22.24,
            "gross_margin_4q_avg": 20.46,
            "net_income": 54508,
            "net_income_4q": null,
            "revenue": 997479,
            "revenue_4q": null,
            "common_shares": 2284419,
            "book_valuer_per_share": 25.27,
            "book_valuer_per_share_4q_avg": 26.96,
            "equity": 5771954,
            "current_ratio": 77.7,
            "debt_ratio": 52.15,
            "inventory_turnover_ratio": 2.14,
            "account_receivable_turnover_ratio": 1.91,
            "reinvestment_rate": 250.32,
            "research_to_sale_ratio": null,
            "price_fair": 64.75,
            "eps_avg_yearly": 1.85,
            "eps_latest_yearly": 0.96,
            "eps_growth_yearly": 46.48
        },
        "20204": {
            "year_quarter": 20204,
            "year": 2020,
            "quarter": 4,
            "eps": 0.32,
            "eps_growth_year": -7.32,
            "eps_4q": 0.76,
            "eps_4q_growth_year": -41.29,
            "roe": 1.27,
            "roe_4q": 3.01,
            "gross_profit": 218214,
            "gross_margin": 22.55,
            "gross_margin_4q_avg": 20.79,
            "net_income": 73298,
            "net_income_4q": null,
            "revenue": 967483,
            "revenue_4q": null,
            "common_shares": 2284419,
            "book_valuer_per_share": 25.37,
            "book_valuer_per_share_4q_avg": 26.29,
            "equity": 5796077,
            "current_ratio": 78.92,
            "debt_ratio": 51.2,
            "inventory_turnover_ratio": 2.26,
            "account_receivable_turnover_ratio": 2.12,
            "reinvestment_rate": 260.09,
            "research_to_sale_ratio": null,
            "price_fair": 44.31,
            "eps_avg_yearly": 1.57,
            "eps_latest_yearly": 1.28,
            "eps_growth_yearly": 18.18
        },
        "20211": {
            "year_quarter": 20211,
            "year": 2021,
            "quarter": 1,
            "eps": 0.23,
            "eps_growth_year": 76.92,
            "eps_4q": 0.87,
            "eps_4q_growth_year": -25.3,
            "roe": 0.92,
            "roe_4q": 3.4499999999999997,
            "gross_profit": 205866,
            "gross_margin": 24.32,
            "gross_margin_4q_avg": 22.1,
            "net_income": 52311,
            "net_income_4q": null,
            "revenue": 846430,
            "revenue_4q": null,
            "common_shares": 2284419,
            "book_valuer_per_share": 24.5,
            "book_valuer_per_share_4q_avg": 25.61,
            "equity": 5597708,
            "current_ratio": 71.77,
            "debt_ratio": 52.58,
            "inventory_turnover_ratio": 1.57,
            "account_receivable_turnover_ratio": 2.04,
            "reinvestment_rate": 230.17,
            "research_to_sale_ratio": null,
            "price_fair": 52.59,
            "eps_avg_yearly": 1.5,
            "eps_latest_yearly": 0.92,
            "eps_growth_yearly": 27.23
        },
        "20212": {
            "year_quarter": 20212,
            "year": 2021,
            "quarter": 2,
            "eps": 0.57,
            "eps_growth_year": 612.5,
            "eps_4q": 1.36,
            "eps_4q_growth_year": 69.07,
            "roe": 2.32,
            "roe_4q": 5.449999999999999,
            "gross_profit": 319658,
            "gross_margin": 27.85,
            "gross_margin_4q_avg": 24.24,
            "net_income": 130407,
            "net_income_4q": null,
            "revenue": 1147618,
            "revenue_4q": null,
            "common_shares": 2284419,
            "book_valuer_per_share": 24.61,
            "book_valuer_per_share_4q_avg": 24.94,
            "equity": 5622840,
            "current_ratio": 72.1,
            "debt_ratio": 51.92,
            "inventory_turnover_ratio": 1.88,
            "account_receivable_turnover_ratio": 2.48,
            "reinvestment_rate": 105.55,
            "research_to_sale_ratio": null,
            "price_fair": 51.63,
            "eps_avg_yearly": 1.48,
            "eps_latest_yearly": 2.28,
            "eps_growth_yearly": 55.85
        },
        "20213": {
            "year_quarter": 20213,
            "year": 2021,
            "quarter": 3,
            "eps": 0.59,
            "eps_growth_year": 145.83,
            "eps_4q": 1.62,
            "eps_4q_growth_year": 112.15,
            "roe": 2.58,
            "roe_4q": 7.09,
            "gross_profit": 386122,
            "gross_margin": 31.62,
            "gross_margin_4q_avg": 26.59,
            "net_income": 146488,
            "net_income_4q": null,
            "revenue": 1221278,
            "revenue_4q": null,
            "common_shares": 2490017,
            "book_valuer_per_share": 23.02,
            "book_valuer_per_share_4q_avg": 24.38,
            "equity": 5731666,
            "current_ratio": 78.23,
            "debt_ratio": 51.77,
            "inventory_turnover_ratio": 1.96,
            "account_receivable_turnover_ratio": 2.11,
            "reinvestment_rate": 102.83,
            "research_to_sale_ratio": null,
            "price_fair": 51.54,
            "eps_avg_yearly": 1.47,
            "eps_latest_yearly": 2.36,
            "eps_growth_yearly": 59.67
        },
        "20214": {
            "year_quarter": 20214,
            "year": 2021,
            "quarter": 4,
            "eps": 1.37,
            "eps_growth_year": 327.64,
            "eps_4q": 2.69,
            "eps_4q_growth_year": 253.46,
            "roe": 5.81,
            "roe_4q": 11.63,
            "gross_profit": 654558,
            "gross_margin": 41.43,
            "gross_margin_4q_avg": 31.31,
            "net_income": 341665,
            "net_income_4q": null,
            "revenue": 1579940,
            "revenue_4q": null,
            "common_shares": 2490017,
            "book_valuer_per_share": 24.23,
            "book_valuer_per_share_4q_avg": 24.09,
            "equity": 6033107,
            "current_ratio": 88.91,
            "debt_ratio": 50.25,
            "inventory_turnover_ratio": 1.64,
            "account_receivable_turnover_ratio": 2.42,
            "reinvestment_rate": 92.75,
            "research_to_sale_ratio": null,
            "price_fair": 57.66,
            "eps_avg_yearly": 1.65,
            "eps_latest_yearly": 5.48,
            "eps_growth_yearly": 89.81
        },
        "20221": {
            "year_quarter": 20221,
            "year": 2022,
            "quarter": 1,
            "eps": 1.51,
            "eps_growth_year": 556.52,
            "eps_4q": 3.99,
            "eps_4q_growth_year": 359.59,
            "roe": 6.22,
            "roe_4q": 16.93,
            "gross_profit": 792889,
            "gross_margin": 41.49,
            "gross_margin_4q_avg": 35.6,
            "net_income": 375108,
            "net_income_4q": null,
            "revenue": 1911009,
            "revenue_4q": null,
            "common_shares": 2490017,
            "book_valuer_per_share": 24.21,
            "book_valuer_per_share_4q_avg": 24.02,
            "equity": 6027749,
            "current_ratio": 88.09,
            "debt_ratio": 53.7,
            "inventory_turnover_ratio": 1.46,
            "account_receivable_turnover_ratio": 2.62,
            "reinvestment_rate": 62.52,
            "research_to_sale_ratio": null,
            "price_fair": 66.5,
            "eps_avg_yearly": 1.9,
            "eps_latest_yearly": 6.04,
            "eps_growth_yearly": 98.7
        },
        "20222": {
            "year_quarter": 20222,
            "year": 2022,
            "quarter": 2,
            "eps": 1.43,
            "eps_growth_year": 150.88,
            "eps_4q": 4.9,
            "eps_4q_growth_year": 260.37,
            "roe": 5.68,
            "roe_4q": 20.29,
            "gross_profit": 700715,
            "gross_margin": 35.68,
            "gross_margin_4q_avg": 37.56,
            "net_income": 356501,
            "net_income_4q": null,
            "revenue": 1964022,
            "revenue_4q": null,
            "common_shares": 2490017,
            "book_valuer_per_share": 26.18,
            "book_valuer_per_share_4q_avg": 24.41,
            "equity": 6519463,
            "current_ratio": 95.01,
            "debt_ratio": 51.56,
            "inventory_turnover_ratio": 1.28,
            "account_receivable_turnover_ratio": 2.06,
            "reinvestment_rate": 52.75,
            "research_to_sale_ratio": null,
            "price_fair": 75.08,
            "eps_avg_yearly": 2.15,
            "eps_latest_yearly": 5.72,
            "eps_growth_yearly": 99.88
        },
        "20223": {
            "year_quarter": 20223,
            "year": 2022,
            "quarter": 3,
            "eps": 1.72,
            "eps_growth_year": 191.53,
            "eps_4q": 6.03,
            "eps_4q_growth_year": 272.81,
            "roe": 6.22,
            "roe_4q": 23.929999999999996,
            "gross_profit": 881918,
            "gross_margin": 39.12,
            "gross_margin_4q_avg": 39.43,
            "net_income": 427320,
            "net_income_4q": null,
            "revenue": 2254636,
            "revenue_4q": null,
            "common_shares": 2490017,
            "book_valuer_per_share": 29.01,
            "book_valuer_per_share_4q_avg": 25.91,
            "equity": 7222706,
            "current_ratio": 101.64,
            "debt_ratio": 50.67,
            "inventory_turnover_ratio": 1.06,
            "account_receivable_turnover_ratio": 1.93,
            "reinvestment_rate": 64.65,
            "research_to_sale_ratio": null,
            "price_fair": 85.4,
            "eps_avg_yearly": 2.44,
            "eps_latest_yearly": 6.88,
            "eps_growth_yearly": 99.95
        },
        "20224": {
            "year_quarter": 20224,
            "year": 2022,
            "quarter": 4,
            "eps": 0.18,
            "eps_growth_year": -86.68,
            "eps_4q": 4.84,
            "eps_4q_growth_year": 79.53,
            "roe": 0.63,
            "roe_4q": 18.75,
            "gross_profit": 472602,
            "gross_margin": 24.93,
            "gross_margin_4q_avg": 35.31,
            "net_income": 45493,
            "net_income_4q": null,
            "revenue": 1895522,
            "revenue_4q": null,
            "common_shares": 2490017,
            "book_valuer_per_share": 28.64,
            "book_valuer_per_share_4q_avg": 27.01,
            "equity": 7131288,
            "current_ratio": 106.79,
            "debt_ratio": 48.46,
            "inventory_turnover_ratio": 0.98,
            "account_receivable_turnover_ratio": 1.89,
            "reinvestment_rate": 17.58,
            "research_to_sale_ratio": null,
            "price_fair": 84.7,
            "eps_avg_yearly": 2.42,
            "eps_latest_yearly": 0.72,
            "eps_growth_yearly": 90.53
        },
        "20231": {
            "year_quarter": 20231,
            "year": 2023,
            "quarter": 1,
            "eps": -0.55,
            "eps_growth_year": -136.42,
            "eps_4q": 2.78,
            "eps_4q_growth_year": -30.3,
            "roe": -2.05,
            "roe_4q": 10.48,
            "gross_profit": 20248,
            "gross_margin": 1.26,
            "gross_margin_4q_avg": 25.25,
            "net_income": -136758,
            "net_income_4q": null,
            "revenue": 1605319,
            "revenue_4q": null,
            "common_shares": 2490017,
            "book_valuer_per_share": 25.02,
            "book_valuer_per_share_4q_avg": 27.21,
            "equity": 6230881,
            "current_ratio": 81.44,
            "debt_ratio": 52.37,
            "inventory_turnover_ratio": 1.33,
            "account_receivable_turnover_ratio": 2.03,
            "reinvestment_rate": -54.14,
            "research_to_sale_ratio": null,
            "price_fair": 87.73,
            "eps_avg_yearly": 2.51,
            "eps_latest_yearly": 0.72,
            "eps_growth_yearly": 94.51
        },
        "20232": {
            "year_quarter": 20232,
            "year": 2023,
            "quarter": 2,
            "eps": -0.37,
            "eps_growth_year": -125.87,
            "eps_4q": 0.98,
            "eps_4q_growth_year": -80.04,
            "roe": -1.48,
            "roe_4q": 3.32,
            "gross_profit": 104943,
            "gross_margin": 7.45,
            "gross_margin_4q_avg": 18.19,
            "net_income": -92541,
            "net_income_4q": null,
            "revenue": 1408096,
            "revenue_4q": null,
            "common_shares": 2490017,
            "book_valuer_per_share": 25.05,
            "book_valuer_per_share_4q_avg": 26.93,
            "equity": 6238530,
            "current_ratio": 75.58,
            "debt_ratio": 52.23,
            "inventory_turnover_ratio": 1.58,
            "account_receivable_turnover_ratio": 1.84,
            "reinvestment_rate": -52.47,
            "research_to_sale_ratio": null,
            "price_fair": 90.2,
            "eps_avg_yearly": 2.58,
            "eps_latest_yearly": 0.72,
            "eps_growth_yearly": 91.06
        },
        "20233": {
            "year_quarter": 20233,
            "year": 2023,
            "quarter": 3,
            "eps": 0.42,
            "eps_growth_year": -75.58,
            "eps_4q": -0.31,
            "eps_4q_growth_year": -105.2,
            "roe": 1.66,
            "roe_4q": -1.2399999999999998,
            "gross_profit": 307314,
            "gross_margin": 22.07,
            "gross_margin_4q_avg": 13.93,
            "net_income": 105710,
            "net_income_4q": null,
            "revenue": 1392488,
            "revenue_4q": null,
            "common_shares": 2490017,
            "book_valuer_per_share": 26.05,
            "book_valuer_per_share_4q_avg": 26.19,
            "equity": 6487521,
            "current_ratio": 81.32,
            "debt_ratio": 52.47,
            "inventory_turnover_ratio": 1.61,
            "account_receivable_turnover_ratio": 1.96,
            "reinvestment_rate": -36.51,
            "research_to_sale_ratio": null,
            "price_fair": 93.91,
            "eps_avg_yearly": 2.68,
            "eps_latest_yearly": 0.72,
            "eps_growth_yearly": 104.54
        }
    },
    "months": {
        "2001-06": {
            "month": "2001-06",
            "price": "8.02",
            "revenue": 132454
        },
        "2001-07": {
            "month": "2001-07",
            "price": "5.65",
            "revenue": 145232
        },
        "2001-08": {
            "month": "2001-08",
            "price": "5.80",
            "revenue": 136205
        },
        "2001-09": {
            "month": "2001-09",
            "price": "5.41",
            "revenue": 109900
        },
        "2001-10": {
            "month": "2001-10",
            "price": "4.80",
            "revenue": 137930
        },
        "2001-11": {
            "month": "2001-11",
            "price": "4.83",
            "revenue": 129503
        },
        "2001-12": {
            "month": "2001-12",
            "price": "5.28",
            "revenue": 95345
        },
        "2002-01": {
            "month": "2002-01",
            "price": "5.91",
            "revenue": 134128
        },
        "2002-02": {
            "month": "2002-02",
            "price": "6.00",
            "revenue": 87086
        },
        "2002-03": {
            "month": "2002-03",
            "price": "7.26",
            "revenue": 150644
        },
        "2002-04": {
            "month": "2002-04",
            "price": "7.95",
            "revenue": 138509
        },
        "2002-05": {
            "month": "2002-05",
            "price": "6.45",
            "revenue": 115894
        },
        "2002-06": {
            "month": "2002-06",
            "price": "6.62",
            "revenue": 88908
        },
        "2002-07": {
            "month": "2002-07",
            "price": "7.10",
            "revenue": 105738
        },
        "2002-08": {
            "month": "2002-08",
            "price": "6.18",
            "revenue": 86599
        },
        "2002-09": {
            "month": "2002-09",
            "price": "5.64",
            "revenue": 111487
        },
        "2002-10": {
            "month": "2002-10",
            "price": "5.07",
            "revenue": 112940
        },
        "2002-11": {
            "month": "2002-11",
            "price": "5.40",
            "revenue": 107724
        },
        "2002-12": {
            "month": "2002-12",
            "price": "5.86",
            "revenue": 101577
        },
        "2003-01": {
            "month": "2003-01",
            "price": "6.60",
            "revenue": 117440
        },
        "2003-02": {
            "month": "2003-02",
            "price": "6.06",
            "revenue": 108002
        },
        "2003-03": {
            "month": "2003-03",
            "price": "5.65",
            "revenue": 103036
        },
        "2003-04": {
            "month": "2003-04",
            "price": "5.87",
            "revenue": 92103
        },
        "2003-05": {
            "month": "2003-05",
            "price": "5.31",
            "revenue": 88199
        },
        "2003-06": {
            "month": "2003-06",
            "price": "5.72",
            "revenue": 106240
        },
        "2003-07": {
            "month": "2003-07",
            "price": "5.90",
            "revenue": 77651
        },
        "2003-08": {
            "month": "2003-08",
            "price": "5.66",
            "revenue": 119488
        },
        "2003-09": {
            "month": "2003-09",
            "price": "5.84",
            "revenue": 103909
        },
        "2003-10": {
            "month": "2003-10",
            "price": "6.41",
            "revenue": 95804
        },
        "2003-11": {
            "month": "2003-11",
            "price": "6.86",
            "revenue": 120212
        },
        "2003-12": {
            "month": "2003-12",
            "price": "6.87",
            "revenue": 80584
        },
        "2004-01": {
            "month": "2004-01",
            "price": "7.72",
            "revenue": 94742
        },
        "2004-02": {
            "month": "2004-02",
            "price": "9.36",
            "revenue": 98316
        },
        "2004-03": {
            "month": "2004-03",
            "price": "9.25",
            "revenue": 120402
        },
        "2004-04": {
            "month": "2004-04",
            "price": "9.01",
            "revenue": 111991
        },
        "2004-05": {
            "month": "2004-05",
            "price": "7.92",
            "revenue": 124461
        },
        "2004-06": {
            "month": "2004-06",
            "price": "7.35",
            "revenue": 100411
        },
        "2004-07": {
            "month": "2004-07",
            "price": "7.20",
            "revenue": 78934
        },
        "2004-08": {
            "month": "2004-08",
            "price": "7.25",
            "revenue": 123756
        },
        "2004-09": {
            "month": "2004-09",
            "price": "7.70",
            "revenue": 109779
        },
        "2004-10": {
            "month": "2004-10",
            "price": "7.80",
            "revenue": 121330
        },
        "2004-11": {
            "month": "2004-11",
            "price": "7.60",
            "revenue": 92023
        },
        "2004-12": {
            "month": "2004-12",
            "price": "7.75",
            "revenue": 130319
        },
        "2005-01": {
            "month": "2005-01",
            "price": "7.98",
            "revenue": 83915
        },
        "2005-02": {
            "month": "2005-02",
            "price": "7.82",
            "revenue": 77985
        },
        "2005-03": {
            "month": "2005-03",
            "price": "7.59",
            "revenue": 204592
        },
        "2005-04": {
            "month": "2005-04",
            "price": "6.99",
            "revenue": 111876
        },
        "2005-05": {
            "month": "2005-05",
            "price": "7.13",
            "revenue": 144310
        },
        "2005-06": {
            "month": "2005-06",
            "price": "8.26",
            "revenue": 140412
        },
        "2005-07": {
            "month": "2005-07",
            "price": "7.96",
            "revenue": 145241
        },
        "2005-08": {
            "month": "2005-08",
            "price": "8.71",
            "revenue": 142392
        },
        "2005-09": {
            "month": "2005-09",
            "price": "9.10",
            "revenue": 134435
        },
        "2005-10": {
            "month": "2005-10",
            "price": "9.11",
            "revenue": 173937
        },
        "2005-11": {
            "month": "2005-11",
            "price": "9.03",
            "revenue": 110938
        },
        "2005-12": {
            "month": "2005-12",
            "price": "9.23",
            "revenue": 137488
        },
        "2006-01": {
            "month": "2006-01",
            "price": "9.65",
            "revenue": 199736
        },
        "2006-02": {
            "month": "2006-02",
            "price": "10.50",
            "revenue": 97914
        },
        "2006-03": {
            "month": "2006-03",
            "price": "10.27",
            "revenue": 194045
        },
        "2006-04": {
            "month": "2006-04",
            "price": "10.48",
            "revenue": 212782
        },
        "2006-05": {
            "month": "2006-05",
            "price": "12.00",
            "revenue": 205157
        },
        "2006-06": {
            "month": "2006-06",
            "price": "11.65",
            "revenue": 211792
        },
        "2006-07": {
            "month": "2006-07",
            "price": "11.91",
            "revenue": 147197
        },
        "2006-08": {
            "month": "2006-08",
            "price": "13.44",
            "revenue": 118392
        },
        "2006-09": {
            "month": "2006-09",
            "price": "12.53",
            "revenue": 188418
        },
        "2006-10": {
            "month": "2006-10",
            "price": "13.83",
            "revenue": 109272
        },
        "2006-11": {
            "month": "2006-11",
            "price": "14.48",
            "revenue": 162762
        },
        "2006-12": {
            "month": "2006-12",
            "price": "15.60",
            "revenue": 160411
        },
        "2007-01": {
            "month": "2007-01",
            "price": "16.62",
            "revenue": 130614
        },
        "2007-02": {
            "month": "2007-02",
            "price": "16.38",
            "revenue": 152219
        },
        "2007-03": {
            "month": "2007-03",
            "price": "16.45",
            "revenue": 145315
        },
        "2007-04": {
            "month": "2007-04",
            "price": "17.52",
            "revenue": 187763
        },
        "2007-05": {
            "month": "2007-05",
            "price": "17.98",
            "revenue": 202120
        },
        "2007-06": {
            "month": "2007-06",
            "price": "17.44",
            "revenue": 166752
        },
        "2007-07": {
            "month": "2007-07",
            "price": "20.13",
            "revenue": 173218
        },
        "2007-08": {
            "month": "2007-08",
            "price": "21.86",
            "revenue": 169511
        },
        "2007-09": {
            "month": "2007-09",
            "price": "21.68",
            "revenue": 175774
        },
        "2007-10": {
            "month": "2007-10",
            "price": "25.61",
            "revenue": 251475
        },
        "2007-11": {
            "month": "2007-11",
            "price": "22.90",
            "revenue": 227514
        },
        "2007-12": {
            "month": "2007-12",
            "price": "22.02",
            "revenue": 279372
        },
        "2008-01": {
            "month": "2008-01",
            "price": "21.75",
            "revenue": 246130
        },
        "2008-02": {
            "month": "2008-02",
            "price": "22.53",
            "revenue": 296472
        },
        "2008-03": {
            "month": "2008-03",
            "price": "25.06",
            "revenue": 234973
        },
        "2008-04": {
            "month": "2008-04",
            "price": "35.78",
            "revenue": 287353
        },
        "2008-05": {
            "month": "2008-05",
            "price": "60.97",
            "revenue": 295027
        },
        "2008-06": {
            "month": "2008-06",
            "price": "64.14",
            "revenue": 313956
        },
        "2008-07": {
            "month": "2008-07",
            "price": "57.02",
            "revenue": 308633
        },
        "2008-08": {
            "month": "2008-08",
            "price": "52.26",
            "revenue": 320051
        },
        "2008-09": {
            "month": "2008-09",
            "price": "42.30",
            "revenue": 258821
        },
        "2008-10": {
            "month": "2008-10",
            "price": "23.78",
            "revenue": 253019
        },
        "2008-11": {
            "month": "2008-11",
            "price": "24.07",
            "revenue": 252224
        },
        "2008-12": {
            "month": "2008-12",
            "price": "25.14",
            "revenue": 213137
        },
        "2009-01": {
            "month": "2009-01",
            "price": "27.29",
            "revenue": 212492
        },
        "2009-02": {
            "month": "2009-02",
            "price": "29.19",
            "revenue": 221897
        },
        "2009-03": {
            "month": "2009-03",
            "price": "31.13",
            "revenue": 205965
        },
        "2009-04": {
            "month": "2009-04",
            "price": "30.55",
            "revenue": 254636
        },
        "2009-05": {
            "month": "2009-05",
            "price": "29.93",
            "revenue": 250229
        },
        "2009-06": {
            "month": "2009-06",
            "price": "33.21",
            "revenue": 180238
        },
        "2009-07": {
            "month": "2009-07",
            "price": "31.30",
            "revenue": 149967
        },
        "2009-08": {
            "month": "2009-08",
            "price": "30.00",
            "revenue": 167362
        },
        "2009-09": {
            "month": "2009-09",
            "price": "29.45",
            "revenue": 187393
        },
        "2009-10": {
            "month": "2009-10",
            "price": "30.74",
            "revenue": 213234
        },
        "2009-11": {
            "month": "2009-11",
            "price": "30.56",
            "revenue": 200721
        },
        "2009-12": {
            "month": "2009-12",
            "price": "32.42",
            "revenue": 197046
        },
        "2010-01": {
            "month": "2010-01",
            "price": "33.43",
            "revenue": 248210
        },
        "2010-02": {
            "month": "2010-02",
            "price": "30.16",
            "revenue": 231869
        },
        "2010-03": {
            "month": "2010-03",
            "price": "32.68",
            "revenue": 223276
        },
        "2010-04": {
            "month": "2010-04",
            "price": "33.78",
            "revenue": 243590
        },
        "2010-05": {
            "month": "2010-05",
            "price": "30.22",
            "revenue": 247504
        },
        "2010-06": {
            "month": "2010-06",
            "price": "29.35",
            "revenue": 245377
        },
        "2010-07": {
            "month": "2010-07",
            "price": "30.59",
            "revenue": 197061
        },
        "2010-08": {
            "month": "2010-08",
            "price": "37.00",
            "revenue": 236839
        },
        "2010-09": {
            "month": "2010-09",
            "price": "36.85",
            "revenue": 218039
        },
        "2010-10": {
            "month": "2010-10",
            "price": "38.01",
            "revenue": 211676
        },
        "2010-11": {
            "month": "2010-11",
            "price": "34.89",
            "revenue": 271301
        },
        "2010-12": {
            "month": "2010-12",
            "price": "35.67",
            "revenue": 246575
        },
        "2011-01": {
            "month": "2011-01",
            "price": "37.45",
            "revenue": 220263
        },
        "2011-02": {
            "month": "2011-02",
            "price": "38.32",
            "revenue": 176910
        },
        "2011-03": {
            "month": "2011-03",
            "price": "34.09",
            "revenue": 226048
        },
        "2011-04": {
            "month": "2011-04",
            "price": "35.88",
            "revenue": 226165
        },
        "2011-05": {
            "month": "2011-05",
            "price": "37.17",
            "revenue": 236375
        },
        "2011-06": {
            "month": "2011-06",
            "price": "38.01",
            "revenue": 220060
        },
        "2011-07": {
            "month": "2011-07",
            "price": "36.97",
            "revenue": 230244
        },
        "2011-08": {
            "month": "2011-08",
            "price": "32.06",
            "revenue": 252548
        },
        "2011-09": {
            "month": "2011-09",
            "price": "31.14",
            "revenue": 246121
        },
        "2011-10": {
            "month": "2011-10",
            "price": "31.38",
            "revenue": 241618
        },
        "2011-11": {
            "month": "2011-11",
            "price": "33.23",
            "revenue": 253124
        },
        "2011-12": {
            "month": "2011-12",
            "price": "32.63",
            "revenue": 252849
        },
        "2012-01": {
            "month": "2012-01",
            "price": "31.88",
            "revenue": 213872
        },
        "2012-02": {
            "month": "2012-02",
            "price": "34.39",
            "revenue": 289802
        },
        "2012-03": {
            "month": "2012-03",
            "price": "35.58",
            "revenue": 282608
        },
        "2012-04": {
            "month": "2012-04",
            "price": "33.32",
            "revenue": 267630
        },
        "2012-05": {
            "month": "2012-05",
            "price": "33.26",
            "revenue": 253159
        },
        "2012-06": {
            "month": "2012-06",
            "price": "31.90",
            "revenue": 252711
        },
        "2012-07": {
            "month": "2012-07",
            "price": "34.24",
            "revenue": 246438
        },
        "2012-08": {
            "month": "2012-08",
            "price": "35.32",
            "revenue": 311936
        },
        "2012-09": {
            "month": "2012-09",
            "price": "33.19",
            "revenue": 279206
        },
        "2012-10": {
            "month": "2012-10",
            "price": "32.26",
            "revenue": 299410
        },
        "2012-11": {
            "month": "2012-11",
            "price": "32.02",
            "revenue": 271697
        },
        "2012-12": {
            "month": "2012-12",
            "price": "33.14",
            "revenue": 251801
        },
        "2013-01": {
            "month": "2013-01",
            "price": "32.90",
            "revenue": 367573
        },
        "2013-02": {
            "month": "2013-02",
            "price": "33.12",
            "revenue": 276600
        },
        "2013-03": {
            "month": "2013-03",
            "price": "32.77",
            "revenue": 352487
        },
        "2013-04": {
            "month": "2013-04",
            "price": "31.68",
            "revenue": 361217
        },
        "2013-05": {
            "month": "2013-05",
            "price": "32.25",
            "revenue": 346276
        },
        "2013-06": {
            "month": "2013-06",
            "price": "32.21",
            "revenue": 318628
        },
        "2013-07": {
            "month": "2013-07",
            "price": "33.07",
            "revenue": 338651
        },
        "2013-08": {
            "month": "2013-08",
            "price": "31.20",
            "revenue": 341556
        },
        "2013-09": {
            "month": "2013-09",
            "price": "31.52",
            "revenue": 293616
        },
        "2013-10": {
            "month": "2013-10",
            "price": "31.64",
            "revenue": 341004
        },
        "2013-11": {
            "month": "2013-11",
            "price": "31.15",
            "revenue": 330360
        },
        "2013-12": {
            "month": "2013-12",
            "price": "31.33",
            "revenue": 382504
        },
        "2014-01": {
            "month": "2014-01",
            "price": "31.84",
            "revenue": 365892
        },
        "2014-02": {
            "month": "2014-02",
            "price": "31.72",
            "revenue": 305374
        },
        "2014-03": {
            "month": "2014-03",
            "price": "32.41",
            "revenue": 347185
        },
        "2014-04": {
            "month": "2014-04",
            "price": "31.98",
            "revenue": 346268
        },
        "2014-05": {
            "month": "2014-05",
            "price": "34.99",
            "revenue": 313043
        },
        "2014-06": {
            "month": "2014-06",
            "price": "36.62",
            "revenue": 352379
        },
        "2014-07": {
            "month": "2014-07",
            "price": "38.08",
            "revenue": 346308
        },
        "2014-08": {
            "month": "2014-08",
            "price": "40.90",
            "revenue": 349700
        },
        "2014-09": {
            "month": "2014-09",
            "price": "41.11",
            "revenue": 352585
        },
        "2014-10": {
            "month": "2014-10",
            "price": "35.28",
            "revenue": 365830
        },
        "2014-11": {
            "month": "2014-11",
            "price": "36.58",
            "revenue": 354370
        },
        "2014-12": {
            "month": "2014-12",
            "price": "38.56",
            "revenue": 384966
        },
        "2015-01": {
            "month": "2015-01",
            "price": "39.39",
            "revenue": 397400
        },
        "2015-02": {
            "month": "2015-02",
            "price": "38.35",
            "revenue": 330741
        },
        "2015-03": {
            "month": "2015-03",
            "price": "39.66",
            "revenue": 430850
        },
        "2015-04": {
            "month": "2015-04",
            "price": "42.75",
            "revenue": 408024
        },
        "2015-05": {
            "month": "2015-05",
            "price": "41.37",
            "revenue": 389087
        },
        "2015-06": {
            "month": "2015-06",
            "price": "39.31",
            "revenue": 388649
        },
        "2015-07": {
            "month": "2015-07",
            "price": "38.00",
            "revenue": 440029
        },
        "2015-08": {
            "month": "2015-08",
            "price": "33.80",
            "revenue": 384411
        },
        "2015-09": {
            "month": "2015-09",
            "price": "32.74",
            "revenue": 381614
        },
        "2015-10": {
            "month": "2015-10",
            "price": "33.26",
            "revenue": 364052
        },
        "2015-11": {
            "month": "2015-11",
            "price": "33.94",
            "revenue": 334908
        },
        "2015-12": {
            "month": "2015-12",
            "price": "32.09",
            "revenue": 344022
        },
        "2016-01": {
            "month": "2016-01",
            "price": "30.23",
            "revenue": 332926
        },
        "2016-02": {
            "month": "2016-02",
            "price": "30.47",
            "revenue": 309633
        },
        "2016-03": {
            "month": "2016-03",
            "price": "30.57",
            "revenue": 367643
        },
        "2016-04": {
            "month": "2016-04",
            "price": "29.14",
            "revenue": 323073
        },
        "2016-05": {
            "month": "2016-05",
            "price": "26.45",
            "revenue": 333550
        },
        "2016-06": {
            "month": "2016-06",
            "price": "27.15",
            "revenue": 350046
        },
        "2016-07": {
            "month": "2016-07",
            "price": "26.88",
            "revenue": 347701
        },
        "2016-08": {
            "month": "2016-08",
            "price": "25.79",
            "revenue": 357813
        },
        "2016-09": {
            "month": "2016-09",
            "price": "25.85",
            "revenue": 342845
        },
        "2016-10": {
            "month": "2016-10",
            "price": "25.76",
            "revenue": 349792
        },
        "2016-11": {
            "month": "2016-11",
            "price": "25.55",
            "revenue": 374980
        },
        "2016-12": {
            "month": "2016-12",
            "price": "27.05",
            "revenue": 323140
        },
        "2017-01": {
            "month": "2017-01",
            "price": "27.92",
            "revenue": 296375
        },
        "2017-02": {
            "month": "2017-02",
            "price": "29.01",
            "revenue": 295686
        },
        "2017-03": {
            "month": "2017-03",
            "price": "29.30",
            "revenue": 345891
        },
        "2017-04": {
            "month": "2017-04",
            "price": "29.44",
            "revenue": 307386
        },
        "2017-05": {
            "month": "2017-05",
            "price": "28.26",
            "revenue": 334878
        },
        "2017-06": {
            "month": "2017-06",
            "price": "28.30",
            "revenue": 343821
        },
        "2017-07": {
            "month": "2017-07",
            "price": "28.80",
            "revenue": 330123
        },
        "2017-08": {
            "month": "2017-08",
            "price": "29.35",
            "revenue": 329443
        },
        "2017-09": {
            "month": "2017-09",
            "price": "30.06",
            "revenue": 332667
        },
        "2017-10": {
            "month": "2017-10",
            "price": "29.13",
            "revenue": 320033
        },
        "2017-11": {
            "month": "2017-11",
            "price": "29.10",
            "revenue": 319544
        },
        "2017-12": {
            "month": "2017-12",
            "price": "29.06",
            "revenue": 323459
        },
        "2018-01": {
            "month": "2018-01",
            "price": "30.87",
            "revenue": 386931
        },
        "2018-02": {
            "month": "2018-02",
            "price": "30.17",
            "revenue": 307868
        },
        "2018-03": {
            "month": "2018-03",
            "price": "30.22",
            "revenue": 378693
        },
        "2018-04": {
            "month": "2018-04",
            "price": "30.09",
            "revenue": 364905
        },
        "2018-05": {
            "month": "2018-05",
            "price": "29.32",
            "revenue": 366518
        },
        "2018-06": {
            "month": "2018-06",
            "price": "28.91",
            "revenue": 353136
        },
        "2018-07": {
            "month": "2018-07",
            "price": "27.74",
            "revenue": 371641
        },
        "2018-08": {
            "month": "2018-08",
            "price": "27.33",
            "revenue": 384993
        },
        "2018-09": {
            "month": "2018-09",
            "price": "27.00",
            "revenue": 390003
        },
        "2018-10": {
            "month": "2018-10",
            "price": "24.42",
            "revenue": 288373
        },
        "2018-11": {
            "month": "2018-11",
            "price": "24.43",
            "revenue": 245183
        },
        "2018-12": {
            "month": "2018-12",
            "price": "25.54",
            "revenue": 231953
        },
        "2019-01": {
            "month": "2019-01",
            "price": "25.96",
            "revenue": 246863
        },
        "2019-02": {
            "month": "2019-02",
            "price": "25.97",
            "revenue": 284693
        },
        "2019-03": {
            "month": "2019-03",
            "price": "25.83",
            "revenue": 385178
        },
        "2019-04": {
            "month": "2019-04",
            "price": "26.08",
            "revenue": 385650
        },
        "2019-05": {
            "month": "2019-05",
            "price": "25.75",
            "revenue": 457209
        },
        "2019-06": {
            "month": "2019-06",
            "price": "26.21",
            "revenue": 373993
        },
        "2019-07": {
            "month": "2019-07",
            "price": "27.00",
            "revenue": 370586
        },
        "2019-08": {
            "month": "2019-08",
            "price": "25.48",
            "revenue": 390570
        },
        "2019-09": {
            "month": "2019-09",
            "price": "25.70",
            "revenue": 352526
        },
        "2019-10": {
            "month": "2019-10",
            "price": "25.50",
            "revenue": 363624
        },
        "2019-11": {
            "month": "2019-11",
            "price": "24.55",
            "revenue": 348397
        },
        "2019-12": {
            "month": "2019-12",
            "price": "24.91",
            "revenue": 382045
        },
        "2020-01": {
            "month": "2020-01",
            "price": "25.31",
            "revenue": 349300
        },
        "2020-02": {
            "month": "2020-02",
            "price": "24.46",
            "revenue": 343547
        },
        "2020-03": {
            "month": "2020-03",
            "price": "22.18",
            "revenue": 364674
        },
        "2020-04": {
            "month": "2020-04",
            "price": "22.69",
            "revenue": 339415
        },
        "2020-05": {
            "month": "2020-05",
            "price": "24.17",
            "revenue": 336406
        },
        "2020-06": {
            "month": "2020-06",
            "price": "25.16",
            "revenue": 336688
        },
        "2020-07": {
            "month": "2020-07",
            "price": "23.87",
            "revenue": 329276
        },
        "2020-08": {
            "month": "2020-08",
            "price": "22.38",
            "revenue": 335463
        },
        "2020-09": {
            "month": "2020-09",
            "price": "23.25",
            "revenue": 332745
        },
        "2020-10": {
            "month": "2020-10",
            "price": "22.58",
            "revenue": 341589
        },
        "2020-11": {
            "month": "2020-11",
            "price": "22.51",
            "revenue": 287501
        },
        "2020-12": {
            "month": "2020-12",
            "price": "23.35",
            "revenue": 338602
        },
        "2021-01": {
            "month": "2021-01",
            "price": "22.64",
            "revenue": 290746
        },
        "2021-02": {
            "month": "2021-02",
            "price": "22.25",
            "revenue": 249588
        },
        "2021-03": {
            "month": "2021-03",
            "price": "23.17",
            "revenue": 306096
        },
        "2021-04": {
            "month": "2021-04",
            "price": "27.17",
            "revenue": 415078
        },
        "2021-05": {
            "month": "2021-05",
            "price": "27.20",
            "revenue": 292402
        },
        "2021-06": {
            "month": "2021-06",
            "price": "31.82",
            "revenue": 440138
        },
        "2021-07": {
            "month": "2021-07",
            "price": "35.65",
            "revenue": 390366
        },
        "2021-08": {
            "month": "2021-08",
            "price": "34.83",
            "revenue": 403997
        },
        "2021-09": {
            "month": "2021-09",
            "price": "29.73",
            "revenue": 426915
        },
        "2021-10": {
            "month": "2021-10",
            "price": "31.78",
            "revenue": 448665
        },
        "2021-11": {
            "month": "2021-11",
            "price": "32.26",
            "revenue": 621473
        },
        "2021-12": {
            "month": "2021-12",
            "price": "34.55",
            "revenue": 509802
        },
        "2022-01": {
            "month": "2022-01",
            "price": "34.19",
            "revenue": 581784
        },
        "2022-02": {
            "month": "2022-02",
            "price": "36.41",
            "revenue": 681223
        },
        "2022-03": {
            "month": "2022-03",
            "price": "47.68",
            "revenue": 648002
        },
        "2022-04": {
            "month": "2022-04",
            "price": "63.42",
            "revenue": 620278
        },
        "2022-05": {
            "month": "2022-05",
            "price": "57.59",
            "revenue": 538989
        },
        "2022-06": {
            "month": "2022-06",
            "price": "50.65",
            "revenue": 804755
        },
        "2022-07": {
            "month": "2022-07",
            "price": "45.94",
            "revenue": 681342
        },
        "2022-08": {
            "month": "2022-08",
            "price": "48.56",
            "revenue": 882160
        },
        "2022-09": {
            "month": "2022-09",
            "price": "47.60",
            "revenue": 691134
        },
        "2022-10": {
            "month": "2022-10",
            "price": "40.44",
            "revenue": 722290
        },
        "2022-11": {
            "month": "2022-11",
            "price": "42.80",
            "revenue": 680035
        },
        "2022-12": {
            "month": "2022-12",
            "price": "42.27",
            "revenue": 491856
        },
        "2023-01": {
            "month": "2023-01",
            "price": "40.78",
            "revenue": 435183
        },
        "2023-02": {
            "month": "2023-02",
            "price": "41.79",
            "revenue": 525024
        },
        "2023-03": {
            "month": "2023-03",
            "price": "42.84",
            "revenue": 645112
        },
        "2023-04": {
            "month": "2023-04",
            "price": "42.05",
            "revenue": 417229
        },
        "2023-05": {
            "month": "2023-05",
            "price": "37.62",
            "revenue": 491182
        },
        "2023-06": {
            "month": "2023-06",
            "price": "38.46",
            "revenue": 499685
        },
        "2023-07": {
            "month": "2023-07",
            "price": "35.64",
            "revenue": 449136
        },
        "2023-08": {
            "month": "2023-08",
            "price": "32.88",
            "revenue": 494044
        },
        "2023-09": {
            "month": "2023-09",
            "price": "31.98",
            "revenue": 449308
        },
        "2023-10": {
            "month": "2023-10",
            "price": "31.22",
            "revenue": 452530
        },
        "2023-11": {
            "month": "2023-11",
            "price": "31.08",
            "revenue": 458165
        }
    }
}
