{
    "summary": {
        "stock_name": "和益",
        "stock_id": "1709",
        "category": "化工",
        "main_business": "烷基苯、正烯烴、壬酚、石油樹脂及其衍生物之製造及加工買賣。",
        "website_url": "http://www.fucc.com.tw",
        "ceo": "林春成",
        "pe_ratio": 16,
        "report_year_from": 2001,
        "report_year_to": 2023,
        "age": 22,
        "eps_negative_percentage": 0,
        "eps_growth_avg": {
            "last_all": 9.03,
            "last_2y": 61.87,
            "last_4y": 19.96,
            "last_8y": 18.28,
            "last_12y": 12.88,
            "last_16y": 10.53,
            "last_20y": 9.03,
            "at_2006_last_3y": 3.46,
            "at_2007_last_3y": 7.03,
            "at_2008_last_3y": 29.24,
            "at_2009_last_3y": 2.92,
            "at_2010_last_3y": 18.75,
            "at_2011_last_3y": 29.43,
            "at_2012_last_3y": 6.53,
            "at_2013_last_3y": 0.72,
            "at_2014_last_3y": -20.48,
            "at_2015_last_3y": -5.29,
            "at_2016_last_3y": 16.73,
            "at_2017_last_3y": 16.19,
            "at_2018_last_3y": 14.92,
            "at_2019_last_3y": -20.98,
            "at_2020_last_3y": -4.15,
            "at_2021_last_3y": 21.43,
            "at_2022_last_3y": 35.51,
            "at_2023_last_3y": 35.51,
            "at_2006_last_all": -1.02,
            "at_2007_last_all": -1.43,
            "at_2008_last_all": 3.94,
            "at_2009_last_all": 2.78,
            "at_2010_last_all": 7.77,
            "at_2011_last_all": 10.92,
            "at_2012_last_all": 4.88,
            "at_2013_last_all": 2.09,
            "at_2014_last_all": -0.92,
            "at_2015_last_all": 6.29,
            "at_2016_last_all": 8.04,
            "at_2017_last_all": 5.62,
            "at_2018_last_all": 2.8,
            "at_2019_last_all": 0.23,
            "at_2020_last_all": 5.48,
            "at_2021_last_all": 8.78,
            "at_2022_last_all": 9.03,
            "at_2023_last_all": 9.03
        },
        "latest_eps": 1.3,
        "latest_price": 21.35,
        "latest_roe": 7.58,
        "latest_gross_margin": 12.08,
        "latest_equity": 8160323,
        "latest_revenue": 2406706,
        "latest_gross_profit": 290717,
        "latest_net_income": 121616,
        "latest_debt_ratio": 35.62,
        "latest_current_ratio": 167.1,
        "latest_account_receivable_turnover_ratio": 1.83,
        "latest_inventory_turnover_ratio": 0.62,
        "latest_reinvestment_rate": -28.45,
        "latest_research_to_sale_ratio": 0.57
    },
    "eps_dividends": {
        "1990": {
            "cash": 0,
            "stock": 0.1,
            "eps": 0
        },
        "1991": {
            "cash": 0,
            "stock": 0.15,
            "eps": 0
        },
        "1992": {
            "cash": 0,
            "stock": 0.96,
            "eps": 0
        },
        "1993": {
            "cash": 0,
            "stock": 0.12,
            "eps": 0
        },
        "1994": {
            "cash": 0,
            "stock": 1.2,
            "eps": 0
        },
        "1995": {
            "cash": 0,
            "stock": 1.3,
            "eps": 0
        },
        "1999": {
            "cash": 0,
            "stock": 1,
            "eps": 0
        },
        "2001": {
            "cash": 0.3,
            "stock": 0.35,
            "eps": 1.11
        },
        "2002": {
            "cash": 0.26,
            "stock": 0.39,
            "eps": 0.9
        },
        "2003": {
            "cash": 0.35,
            "stock": 0.3,
            "eps": 0.74
        },
        "2004": {
            "cash": 0.35,
            "stock": 0.3,
            "eps": 0.35
        },
        "2005": {
            "cash": 0,
            "stock": 0.6,
            "eps": 1.02
        },
        "2006": {
            "cash": 0.4,
            "stock": 0.4,
            "eps": 0.86
        },
        "2007": {
            "cash": 0.35,
            "stock": 0.4,
            "eps": 0.83
        },
        "2008": {
            "cash": 0,
            "stock": 0.64,
            "eps": 1.13
        },
        "2009": {
            "cash": 0.25,
            "stock": 0.25,
            "eps": 1.07
        },
        "2010": {
            "cash": 0,
            "stock": 1,
            "eps": 1.58
        },
        "2011": {
            "cash": 1.3,
            "stock": 1.7,
            "eps": 2.2
        },
        "2012": {
            "cash": 0,
            "stock": 0,
            "eps": 0.98
        },
        "2013": {
            "cash": 0.3,
            "stock": 0,
            "eps": 0.7
        },
        "2014": {
            "cash": 0.6,
            "stock": 0,
            "eps": 0.44
        },
        "2015": {
            "cash": 0.6,
            "stock": 0,
            "eps": 1.47
        },
        "2016": {
            "cash": 1.2,
            "stock": 0,
            "eps": 1.95
        },
        "2017": {
            "cash": 1.6,
            "stock": 0.4,
            "eps": 1.35
        },
        "2018": {
            "cash": 1.5,
            "stock": 0,
            "eps": 0.78
        },
        "2019": {
            "cash": 0.5,
            "stock": 0,
            "eps": 0.44
        },
        "2020": {
            "cash": 0.5,
            "stock": 0,
            "eps": 1.16
        },
        "2021": {
            "cash": 1.2,
            "stock": 0,
            "eps": 1.99
        },
        "2022": {
            "cash": 1.7,
            "stock": 0,
            "eps": 2.27
        },
        "2023": {
            "cash": 1.8,
            "stock": 0,
            "eps": 0.46
        }
    },
    "dividends": {
        "1990-06-22": {
            "cash": 0,
            "stock": 0.1
        },
        "1991-05-22": {
            "cash": 0,
            "stock": 0.15
        },
        "1992-05-20": {
            "cash": 0,
            "stock": 0.96
        },
        "1993-06-08": {
            "cash": 0,
            "stock": 0.12
        },
        "1994-06-01": {
            "cash": 0,
            "stock": 1.2
        },
        "1995-06-09": {
            "cash": 0,
            "stock": 1.3
        },
        "1999-05-13": {
            "cash": 0,
            "stock": 1
        },
        "2001-05-16": {
            "cash": 0.3,
            "stock": 0.35
        },
        "2002-06-14": {
            "cash": 0.26,
            "stock": 0.39
        },
        "2003-06-06": {
            "cash": 0.35,
            "stock": 0.3
        },
        "2004-06-10": {
            "cash": 0.35,
            "stock": 0.3
        },
        "2005-03-24": {
            "cash": 0,
            "stock": 0.6
        },
        "2006-03-24": {
            "cash": 0.4,
            "stock": 0.4
        },
        "2007-03-23": {
            "cash": 0.35,
            "stock": 0.4
        },
        "2008-03-20": {
            "cash": 0,
            "stock": 0.64
        },
        "2009-05-06": {
            "cash": 0.25,
            "stock": 0.25
        },
        "2010-03-25": {
            "cash": 0,
            "stock": 1
        },
        "2011-01-01": {
            "cash": 0.8,
            "stock": 1
        },
        "2011-03-18": {
            "cash": 0.5,
            "stock": 0.7
        },
        "2013-03-26": {
            "cash": 0.3,
            "stock": 0
        },
        "2014-09-26": {
            "cash": 0.6,
            "stock": 0
        },
        "2015-09-25": {
            "cash": 0.6,
            "stock": 0
        },
        "2016-09-26": {
            "cash": 1.2,
            "stock": 0
        },
        "2017-10-20": {
            "cash": 1.6,
            "stock": 0.4
        },
        "2018-09-27": {
            "cash": 1.5,
            "stock": 0
        },
        "2019-09-27": {
            "cash": 0.5,
            "stock": 0
        },
        "2020-09-25": {
            "cash": 0.5,
            "stock": 0
        },
        "2021-09-28": {
            "cash": 1.2,
            "stock": 0
        },
        "2022-09-28": {
            "cash": 1.7,
            "stock": 0
        },
        "2023-09-28": {
            "cash": 1.8,
            "stock": 0
        }
    },
    "prices": {
        "200101": "11.99",
        "200102": "12.57",
        "200103": "12.98",
        "200104": "12.26",
        "200105": "11.81",
        "200106": "10.96",
        "200107": "10.27",
        "200108": "10.55",
        "200109": "10.70",
        "200110": "10.38",
        "200111": "10.54",
        "200112": "11.00",
        "200201": "11.85",
        "200202": "12.59",
        "200203": "12.74",
        "200204": "15.00",
        "200205": "15.03",
        "200206": "13.66",
        "200207": "13.25",
        "200208": "13.05",
        "200209": "13.04",
        "200210": "12.40",
        "200211": "15.79",
        "200212": "15.32",
        "200301": "15.31",
        "200302": "13.94",
        "200303": "15.89",
        "200304": "16.50",
        "200305": "15.60",
        "200306": "17.16",
        "200307": "17.36",
        "200308": "16.45",
        "200309": "16.13",
        "200310": "15.98",
        "200311": "16.02",
        "200312": "15.99",
        "200401": "16.00",
        "200402": "16.84",
        "200403": "15.12",
        "200404": "13.78",
        "200405": "12.60",
        "200406": "12.74",
        "200407": "12.83",
        "200408": "12.16",
        "200409": "12.10",
        "200410": "12.04",
        "200411": "11.83",
        "200412": "11.72",
        "200501": "11.27",
        "200502": "10.68",
        "200503": "10.67",
        "200504": "10.70",
        "200505": "10.68",
        "200506": "11.17",
        "200507": "11.06",
        "200508": "10.66",
        "200509": "10.82",
        "200510": "10.84",
        "200511": "10.94",
        "200512": "11.38",
        "200601": "11.32",
        "200602": "11.26",
        "200603": "11.24",
        "200604": "11.64",
        "200605": "12.88",
        "200606": "12.43",
        "200607": "12.26",
        "200608": "11.31",
        "200609": "11.14",
        "200610": "11.78",
        "200611": "11.85",
        "200612": "12.34",
        "200701": "12.52",
        "200702": "12.56",
        "200703": "12.88",
        "200704": "14.24",
        "200705": "13.49",
        "200706": "13.88",
        "200707": "15.64",
        "200708": "13.42",
        "200709": "13.15",
        "200710": "13.57",
        "200711": "12.49",
        "200712": "12.11",
        "200801": "11.90",
        "200802": "12.43",
        "200803": "13.52",
        "200804": "15.75",
        "200805": "18.23",
        "200806": "14.95",
        "200807": "13.33",
        "200808": "13.35",
        "200809": "11.43",
        "200810": "9.97",
        "200811": "10.58",
        "200812": "10.13",
        "200901": "9.97",
        "200902": "9.92",
        "200903": "10.31",
        "200904": "11.20",
        "200905": "11.86",
        "200906": "11.96",
        "200907": "11.81",
        "200908": "12.16",
        "200909": "12.28",
        "200910": "12.69",
        "200911": "12.69",
        "200912": "13.16",
        "201001": "14.15",
        "201002": "13.11",
        "201003": "14.00",
        "201004": "14.84",
        "201005": "14.33",
        "201006": "14.10",
        "201007": "15.21",
        "201008": "17.87",
        "201009": "17.00",
        "201010": "17.17",
        "201011": "16.80",
        "201012": "16.92",
        "201101": "17.20",
        "201102": "16.76",
        "201103": "16.62",
        "201104": "18.21",
        "201105": "18.49",
        "201106": "19.05",
        "201107": "21.22",
        "201108": "20.82",
        "201109": "18.16",
        "201110": "17.96",
        "201111": "19.37",
        "201112": "19.79",
        "201201": "19.88",
        "201202": "21.66",
        "201203": "21.67",
        "201204": "21.31",
        "201205": "20.74",
        "201206": "20.32",
        "201207": "20.33",
        "201208": "20.28",
        "201209": "17.85",
        "201210": "17.22",
        "201211": "16.20",
        "201212": "16.35",
        "201301": "16.21",
        "201302": "15.91",
        "201303": "15.96",
        "201304": "14.87",
        "201305": "15.06",
        "201306": "14.58",
        "201307": "14.47",
        "201308": "14.31",
        "201309": "13.85",
        "201310": "14.21",
        "201311": "13.96",
        "201312": "14.09",
        "201401": "14.63",
        "201402": "15.01",
        "201403": "14.89",
        "201404": "14.86",
        "201405": "14.59",
        "201406": "14.67",
        "201407": "14.71",
        "201408": "14.56",
        "201409": "13.93",
        "201410": "12.99",
        "201411": "12.05",
        "201412": "12.18",
        "201501": "12.22",
        "201502": "12.23",
        "201503": "12.60",
        "201504": "12.80",
        "201505": "13.46",
        "201506": "13.46",
        "201507": "13.22",
        "201508": "13.06",
        "201509": "13.36",
        "201510": "15.12",
        "201511": "14.99",
        "201512": "14.90",
        "201601": "14.44",
        "201602": "15.21",
        "201603": "16.46",
        "201604": "15.99",
        "201605": "15.66",
        "201606": "16.32",
        "201607": "17.56",
        "201608": "17.26",
        "201609": "16.38",
        "201610": "16.82",
        "201611": "16.77",
        "201612": "16.98",
        "201701": "17.00",
        "201702": "17.93",
        "201703": "18.72",
        "201704": "20.42",
        "201705": "19.94",
        "201706": "19.95",
        "201707": "19.75",
        "201708": "19.87",
        "201709": "18.30",
        "201710": "18.29",
        "201711": "18.32",
        "201712": "18.21",
        "201801": "18.17",
        "201802": "17.72",
        "201803": "18.28",
        "201804": "18.80",
        "201805": "18.83",
        "201806": "18.94",
        "201807": "18.95",
        "201808": "18.73",
        "201809": "17.80",
        "201810": "17.38",
        "201811": "16.39",
        "201812": "15.92",
        "201901": "15.05",
        "201902": "15.10",
        "201903": "15.08",
        "201904": "14.11",
        "201905": "13.82",
        "201906": "13.44",
        "201907": "13.56",
        "201908": "13.14",
        "201909": "12.92",
        "201910": "12.86",
        "201911": "13.16",
        "201912": "12.97",
        "202001": "12.93",
        "202002": "13.65",
        "202003": "12.85",
        "202004": "12.46",
        "202005": "13.07",
        "202006": "13.32",
        "202007": "13.65",
        "202008": "14.29",
        "202009": "14.12",
        "202010": "13.98",
        "202011": "14.33",
        "202012": "15.24",
        "202101": "14.60",
        "202102": "14.38",
        "202103": "15.42",
        "202104": "18.00",
        "202105": "17.80",
        "202106": "20.65",
        "202107": "21.18",
        "202108": "20.20",
        "202109": "19.71",
        "202110": "20.55",
        "202111": "22.50",
        "202112": "22.36",
        "202201": "24.17",
        "202202": "27.48",
        "202203": "27.72",
        "202204": "27.60",
        "202205": "25.65",
        "202206": "24.82",
        "202207": "22.93",
        "202208": "24.89",
        "202209": "23.89",
        "202210": "21.23",
        "202211": "22.08",
        "202212": "22.64",
        "202301": "22.58",
        "202302": "23.40",
        "202303": "24.96",
        "202304": "25.91",
        "202305": "25.89",
        "202306": "24.91",
        "202307": "24.91",
        "202308": "23.66",
        "202309": "21.17"
    },
    "quarters": {
        "20011": {
            "year_quarter": 20011,
            "year": 2001,
            "quarter": 1,
            "eps": 0.19,
            "eps_growth_year": -9.52,
            "eps_4q": 0.7,
            "eps_4q_growth_year": -27.37,
            "roe": 1.43,
            "roe_4q": 1.43,
            "gross_profit": 130335,
            "gross_margin": 15.72,
            "gross_margin_4q_avg": 15.72,
            "net_income": 36787,
            "revenue": 829149,
            "common_shares": 1902489,
            "book_valuer_per_share": 13.25,
            "book_valuer_per_share_4q_avg": 13.25,
            "equity": 2521157,
            "current_ratio": 454.75,
            "debt_ratio": 18.42,
            "inventory_turnover_ratio": 1,
            "account_receivable_turnover_ratio": null,
            "reinvestment_rate": null,
            "research_to_sale_ratio": null,
            "price_fair": 0,
            "eps_avg_yearly": 0,
            "eps_latest_yearly": 0,
            "eps_growth_yearly": 0
        },
        "20012": {
            "year_quarter": 20012,
            "year": 2001,
            "quarter": 2,
            "eps": 0.35,
            "eps_growth_year": 118.75,
            "eps_4q": 0.87,
            "eps_4q_growth_year": 17.75,
            "roe": 2.75,
            "roe_4q": 4.18,
            "gross_profit": 160493,
            "gross_margin": 20.12,
            "gross_margin_4q_avg": 17.92,
            "net_income": 69423,
            "revenue": 797549,
            "common_shares": 1902489,
            "book_valuer_per_share": 13.28,
            "book_valuer_per_share_4q_avg": 13.27,
            "equity": 2526398,
            "current_ratio": 294.11,
            "debt_ratio": 24.36,
            "inventory_turnover_ratio": 0.91,
            "account_receivable_turnover_ratio": null,
            "reinvestment_rate": null,
            "research_to_sale_ratio": null,
            "price_fair": 0,
            "eps_avg_yearly": 0,
            "eps_latest_yearly": 0,
            "eps_growth_yearly": 0
        },
        "20013": {
            "year_quarter": 20013,
            "year": 2001,
            "quarter": 3,
            "eps": 0.26,
            "eps_growth_year": 23.81,
            "eps_4q": 0.95,
            "eps_4q_growth_year": 35.43,
            "roe": 1.97,
            "roe_4q": 6.1499999999999995,
            "gross_profit": 151954,
            "gross_margin": 18.66,
            "gross_margin_4q_avg": 18.17,
            "net_income": 50329,
            "revenue": 814438,
            "common_shares": 1970848,
            "book_valuer_per_share": 13.07,
            "book_valuer_per_share_4q_avg": 13.2,
            "equity": 2576780,
            "current_ratio": 365.9,
            "debt_ratio": 21.28,
            "inventory_turnover_ratio": 0.9,
            "account_receivable_turnover_ratio": null,
            "reinvestment_rate": null,
            "research_to_sale_ratio": null,
            "price_fair": 0,
            "eps_avg_yearly": 0,
            "eps_latest_yearly": 0,
            "eps_growth_yearly": 0
        },
        "20014": {
            "year_quarter": 20014,
            "year": 2001,
            "quarter": 4,
            "eps": 0.31,
            "eps_growth_year": 121.43,
            "eps_4q": 1.1,
            "eps_4q_growth_year": 55.5,
            "roe": 2.29,
            "roe_4q": 8.44,
            "gross_profit": 161830,
            "gross_margin": 16.77,
            "gross_margin_4q_avg": 17.82,
            "net_income": 61585,
            "revenue": 964789,
            "common_shares": 1970848,
            "book_valuer_per_share": 13.29,
            "book_valuer_per_share_4q_avg": 13.22,
            "equity": 2808830,
            "current_ratio": 269.62,
            "debt_ratio": 27.08,
            "inventory_turnover_ratio": 1.16,
            "account_receivable_turnover_ratio": null,
            "reinvestment_rate": null,
            "research_to_sale_ratio": null,
            "price_fair": 0,
            "eps_avg_yearly": 0,
            "eps_latest_yearly": 0,
            "eps_growth_yearly": 0
        },
        "20021": {
            "year_quarter": 20021,
            "year": 2002,
            "quarter": 1,
            "eps": 0.33,
            "eps_growth_year": 73.68,
            "eps_4q": 1.26,
            "eps_4q_growth_year": 81.27,
            "roe": 2.34,
            "roe_4q": 9.35,
            "gross_profit": 153278,
            "gross_margin": 18.51,
            "gross_margin_4q_avg": 18.52,
            "net_income": 64279,
            "revenue": 828100,
            "common_shares": 1970848,
            "book_valuer_per_share": 13.63,
            "book_valuer_per_share_4q_avg": 13.32,
            "equity": 2687226,
            "current_ratio": 408.86,
            "debt_ratio": 20.29,
            "inventory_turnover_ratio": 1.11,
            "account_receivable_turnover_ratio": null,
            "reinvestment_rate": null,
            "research_to_sale_ratio": null,
            "price_fair": 46.2,
            "eps_avg_yearly": 1.32,
            "eps_latest_yearly": 1.32,
            "eps_growth_yearly": 25.81
        },
        "20022": {
            "year_quarter": 20022,
            "year": 2002,
            "quarter": 2,
            "eps": 0.28,
            "eps_growth_year": -20,
            "eps_4q": 1.17,
            "eps_4q_growth_year": 34.23,
            "roe": 2.06,
            "roe_4q": 8.66,
            "gross_profit": 169720,
            "gross_margin": 19.86,
            "gross_margin_4q_avg": 18.45,
            "net_income": 55316,
            "revenue": 854683,
            "common_shares": 1970848,
            "book_valuer_per_share": 13.62,
            "book_valuer_per_share_4q_avg": 13.4,
            "equity": 2683777,
            "current_ratio": 326.22,
            "debt_ratio": 23.89,
            "inventory_turnover_ratio": 1.24,
            "account_receivable_turnover_ratio": null,
            "reinvestment_rate": null,
            "research_to_sale_ratio": null,
            "price_fair": 3.66,
            "eps_avg_yearly": 1.22,
            "eps_latest_yearly": 1.12,
            "eps_growth_yearly": -17.4
        },
        "20023": {
            "year_quarter": 20023,
            "year": 2002,
            "quarter": 3,
            "eps": 0.16,
            "eps_growth_year": -38.46,
            "eps_4q": 1.03,
            "eps_4q_growth_year": 9.2,
            "roe": 1.23,
            "roe_4q": 7.92,
            "gross_profit": 130423,
            "gross_margin": 16.58,
            "gross_margin_4q_avg": 17.93,
            "net_income": 33228,
            "revenue": 786393,
            "common_shares": 2050164,
            "book_valuer_per_share": 13.25,
            "book_valuer_per_share_4q_avg": 13.45,
            "equity": 2716974,
            "current_ratio": 467.17,
            "debt_ratio": 19.17,
            "inventory_turnover_ratio": 1.15,
            "account_receivable_turnover_ratio": null,
            "reinvestment_rate": null,
            "research_to_sale_ratio": null,
            "price_fair": 3.08,
            "eps_avg_yearly": 1.03,
            "eps_latest_yearly": 0.64,
            "eps_growth_yearly": -68.74
        },
        "20024": {
            "year_quarter": 20024,
            "year": 2002,
            "quarter": 4,
            "eps": 0.13,
            "eps_growth_year": -58.06,
            "eps_4q": 0.88,
            "eps_4q_growth_year": -20.27,
            "roe": 0.94,
            "roe_4q": 6.57,
            "gross_profit": 132189,
            "gross_margin": 15.75,
            "gross_margin_4q_avg": 17.68,
            "net_income": 26652,
            "revenue": 839420,
            "common_shares": 2050164,
            "book_valuer_per_share": 13.39,
            "book_valuer_per_share_4q_avg": 13.47,
            "equity": 2935470,
            "current_ratio": 313.33,
            "debt_ratio": 24.7,
            "inventory_turnover_ratio": 1.07,
            "account_receivable_turnover_ratio": null,
            "reinvestment_rate": 83.06,
            "research_to_sale_ratio": null,
            "price_fair": 2.7,
            "eps_avg_yearly": 0.9,
            "eps_latest_yearly": 0.52,
            "eps_growth_yearly": -70.31
        },
        "20031": {
            "year_quarter": 20031,
            "year": 2003,
            "quarter": 1,
            "eps": 0.17,
            "eps_growth_year": -48.48,
            "eps_4q": 0.75,
            "eps_4q_growth_year": -40.36,
            "roe": 1.18,
            "roe_4q": 5.41,
            "gross_profit": 164547,
            "gross_margin": 16.85,
            "gross_margin_4q_avg": 17.26,
            "net_income": 33644,
            "revenue": 976294,
            "common_shares": 2050164,
            "book_valuer_per_share": 13.55,
            "book_valuer_per_share_4q_avg": 13.45,
            "equity": 2778293,
            "current_ratio": 467.32,
            "debt_ratio": 19.73,
            "inventory_turnover_ratio": 1.2,
            "account_receivable_turnover_ratio": null,
            "reinvestment_rate": 28.63,
            "research_to_sale_ratio": null,
            "price_fair": 2.57,
            "eps_avg_yearly": 0.86,
            "eps_latest_yearly": 0.68,
            "eps_growth_yearly": -31.63
        },
        "20032": {
            "year_quarter": 20032,
            "year": 2003,
            "quarter": 2,
            "eps": 0.21,
            "eps_growth_year": -25,
            "eps_4q": 0.67,
            "eps_4q_growth_year": -42.67,
            "roe": 1.54,
            "roe_4q": 4.89,
            "gross_profit": 158930,
            "gross_margin": 16.47,
            "gross_margin_4q_avg": 16.41,
            "net_income": 42527,
            "revenue": 965246,
            "common_shares": 2050164,
            "book_valuer_per_share": 13.38,
            "book_valuer_per_share_4q_avg": 13.39,
            "equity": 2742336,
            "current_ratio": 380.77,
            "debt_ratio": 22.64,
            "inventory_turnover_ratio": 1.26,
            "account_receivable_turnover_ratio": null,
            "reinvestment_rate": 12.71,
            "research_to_sale_ratio": null,
            "price_fair": 2.56,
            "eps_avg_yearly": 0.85,
            "eps_latest_yearly": 0.84,
            "eps_growth_yearly": -10.67
        },
        "20033": {
            "year_quarter": 20033,
            "year": 2003,
            "quarter": 3,
            "eps": 0.17,
            "eps_growth_year": 6.25,
            "eps_4q": 0.65,
            "eps_4q_growth_year": -37.06,
            "roe": 1.31,
            "roe_4q": 4.970000000000001,
            "gross_profit": 151119,
            "gross_margin": 15.17,
            "gross_margin_4q_avg": 16.06,
            "net_income": 36430,
            "revenue": 996126,
            "common_shares": 2113625,
            "book_valuer_per_share": 13.25,
            "book_valuer_per_share_4q_avg": 13.39,
            "equity": 2801226,
            "current_ratio": 466.4,
            "debt_ratio": 19.17,
            "inventory_turnover_ratio": 1.17,
            "account_receivable_turnover_ratio": null,
            "reinvestment_rate": 18.08,
            "research_to_sale_ratio": null,
            "price_fair": 2.49,
            "eps_avg_yearly": 0.83,
            "eps_latest_yearly": 0.68,
            "eps_growth_yearly": -20.03
        },
        "20034": {
            "year_quarter": 20034,
            "year": 2003,
            "quarter": 4,
            "eps": 0.19,
            "eps_growth_year": 46.15,
            "eps_4q": 0.71,
            "eps_4q_growth_year": -18.95,
            "roe": 1.41,
            "roe_4q": 5.4399999999999995,
            "gross_profit": 110524,
            "gross_margin": 13.59,
            "gross_margin_4q_avg": 15.52,
            "net_income": 41182,
            "revenue": 813323,
            "common_shares": 2113625,
            "book_valuer_per_share": 13.45,
            "book_valuer_per_share_4q_avg": 13.41,
            "equity": 3034367,
            "current_ratio": 391.33,
            "debt_ratio": 21.49,
            "inventory_turnover_ratio": 0.89,
            "account_receivable_turnover_ratio": null,
            "reinvestment_rate": 50.27,
            "research_to_sale_ratio": null,
            "price_fair": 2.46,
            "eps_avg_yearly": 0.82,
            "eps_latest_yearly": 0.76,
            "eps_growth_yearly": -11.65
        },
        "20041": {
            "year_quarter": 20041,
            "year": 2004,
            "quarter": 1,
            "eps": 0.02,
            "eps_growth_year": -88.24,
            "eps_4q": 0.75,
            "eps_4q_growth_year": -0.67,
            "roe": 0.11,
            "roe_4q": 4.37,
            "gross_profit": 103021,
            "gross_margin": 10.93,
            "gross_margin_4q_avg": 14.04,
            "net_income": 3305,
            "revenue": 942975,
            "common_shares": 2113625,
            "book_valuer_per_share": 13.46,
            "book_valuer_per_share_4q_avg": 13.39,
            "equity": 2845303,
            "current_ratio": 489.48,
            "debt_ratio": 18.62,
            "inventory_turnover_ratio": 1.05,
            "account_receivable_turnover_ratio": null,
            "reinvestment_rate": -9.5,
            "research_to_sale_ratio": null,
            "price_fair": 2.21,
            "eps_avg_yearly": 0.74,
            "eps_latest_yearly": 0.08,
            "eps_growth_yearly": -50.12
        },
        "20042": {
            "year_quarter": 20042,
            "year": 2004,
            "quarter": 2,
            "eps": 0.06,
            "eps_growth_year": -71.43,
            "eps_4q": 0.43,
            "eps_4q_growth_year": -36.06,
            "roe": 0.47,
            "roe_4q": 3.3,
            "gross_profit": 104646,
            "gross_margin": 11.48,
            "gross_margin_4q_avg": 12.79,
            "net_income": 13136,
            "revenue": 911774,
            "common_shares": 2113625,
            "book_valuer_per_share": 13.14,
            "book_valuer_per_share_4q_avg": 13.33,
            "equity": 2777729,
            "current_ratio": 323.11,
            "debt_ratio": 23.24,
            "inventory_turnover_ratio": 0.97,
            "account_receivable_turnover_ratio": null,
            "reinvestment_rate": 2.82,
            "research_to_sale_ratio": null,
            "price_fair": 24.08,
            "eps_avg_yearly": 0.69,
            "eps_latest_yearly": 0.24,
            "eps_growth_yearly": 34.89
        },
        "20043": {
            "year_quarter": 20043,
            "year": 2004,
            "quarter": 3,
            "eps": 0.24,
            "eps_growth_year": 41.18,
            "eps_4q": 0.51,
            "eps_4q_growth_year": -22.05,
            "roe": 1.85,
            "roe_4q": 3.84,
            "gross_profit": 189561,
            "gross_margin": 15.18,
            "gross_margin_4q_avg": 12.8,
            "net_income": 51887,
            "revenue": 1248861,
            "common_shares": 2179051,
            "book_valuer_per_share": 12.99,
            "book_valuer_per_share_4q_avg": 13.26,
            "equity": 2829698,
            "current_ratio": 329.11,
            "debt_ratio": 22.97,
            "inventory_turnover_ratio": 1.05,
            "account_receivable_turnover_ratio": null,
            "reinvestment_rate": -3.5,
            "research_to_sale_ratio": null,
            "price_fair": 24.95,
            "eps_avg_yearly": 0.71,
            "eps_latest_yearly": 0.96,
            "eps_growth_yearly": 140.81
        },
        "20044": {
            "year_quarter": 20044,
            "year": 2004,
            "quarter": 4,
            "eps": 0.03,
            "eps_growth_year": -84.21,
            "eps_4q": 0.41,
            "eps_4q_growth_year": -42.84,
            "roe": 0.19,
            "roe_4q": 2.6199999999999997,
            "gross_profit": 111235,
            "gross_margin": 10.47,
            "gross_margin_4q_avg": 12.02,
            "net_income": 5458,
            "revenue": 1062572,
            "common_shares": 2179051,
            "book_valuer_per_share": 13,
            "book_valuer_per_share_4q_avg": 13.15,
            "equity": 3034836,
            "current_ratio": 277.92,
            "debt_ratio": 26.42,
            "inventory_turnover_ratio": 0.81,
            "account_receivable_turnover_ratio": null,
            "reinvestment_rate": -5.03,
            "research_to_sale_ratio": null,
            "price_fair": 23.22,
            "eps_avg_yearly": 0.66,
            "eps_latest_yearly": 0.12,
            "eps_growth_yearly": 99.91
        },
        "20051": {
            "year_quarter": 20051,
            "year": 2005,
            "quarter": 1,
            "eps": 0.16,
            "eps_growth_year": 700,
            "eps_4q": 0.48,
            "eps_4q_growth_year": -35.59,
            "roe": 1.16,
            "roe_4q": 3.67,
            "gross_profit": 130045,
            "gross_margin": 12.96,
            "gross_margin_4q_avg": 12.52,
            "net_income": 35111,
            "revenue": 1003161,
            "common_shares": 2179051,
            "book_valuer_per_share": 13.76,
            "book_valuer_per_share_4q_avg": 13.22,
            "equity": 2998193,
            "current_ratio": 297.01,
            "debt_ratio": 20.3,
            "inventory_turnover_ratio": 0.77,
            "account_receivable_turnover_ratio": null,
            "reinvestment_rate": 14.38,
            "research_to_sale_ratio": null,
            "price_fair": 23.15,
            "eps_avg_yearly": 0.66,
            "eps_latest_yearly": 0.64,
            "eps_growth_yearly": 225.56
        },
        "20052": {
            "year_quarter": 20052,
            "year": 2005,
            "quarter": 2,
            "eps": 0.27,
            "eps_growth_year": 350,
            "eps_4q": 0.69,
            "eps_4q_growth_year": 61.38,
            "roe": 1.95,
            "roe_4q": 5.15,
            "gross_profit": 182715,
            "gross_margin": 15.28,
            "gross_margin_4q_avg": 13.47,
            "net_income": 58973,
            "revenue": 1195887,
            "common_shares": 2179051,
            "book_valuer_per_share": 14.01,
            "book_valuer_per_share_4q_avg": 13.44,
            "equity": 3053074,
            "current_ratio": 430.42,
            "debt_ratio": 14.85,
            "inventory_turnover_ratio": 0.96,
            "account_receivable_turnover_ratio": null,
            "reinvestment_rate": -7.69,
            "research_to_sale_ratio": null,
            "price_fair": 24.2,
            "eps_avg_yearly": 0.69,
            "eps_latest_yearly": 1.08,
            "eps_growth_yearly": 229.09
        },
        "20053": {
            "year_quarter": 20053,
            "year": 2005,
            "quarter": 3,
            "eps": 0.35,
            "eps_growth_year": 45.83,
            "eps_4q": 0.78,
            "eps_4q_growth_year": 53.33,
            "roe": 2.64,
            "roe_4q": 5.94,
            "gross_profit": 214682,
            "gross_margin": 15.43,
            "gross_margin_4q_avg": 13.54,
            "net_income": 81653,
            "revenue": 1390910,
            "common_shares": 2313966,
            "book_valuer_per_share": 13.55,
            "book_valuer_per_share_4q_avg": 13.58,
            "equity": 3135963,
            "current_ratio": 287.57,
            "debt_ratio": 21.45,
            "inventory_turnover_ratio": 1.07,
            "account_receivable_turnover_ratio": null,
            "reinvestment_rate": -0.15,
            "research_to_sale_ratio": null,
            "price_fair": 25.85,
            "eps_avg_yearly": 0.74,
            "eps_latest_yearly": 1.4,
            "eps_growth_yearly": 221.72
        },
        "20054": {
            "year_quarter": 20054,
            "year": 2005,
            "quarter": 4,
            "eps": 0.24,
            "eps_growth_year": 700,
            "eps_4q": 0.98,
            "eps_4q_growth_year": 142.81,
            "roe": 1.73,
            "roe_4q": 7.48,
            "gross_profit": 184260,
            "gross_margin": 14.43,
            "gross_margin_4q_avg": 14.53,
            "net_income": 56631,
            "revenue": 1277027,
            "common_shares": 2313966,
            "book_valuer_per_share": 13.8,
            "book_valuer_per_share_4q_avg": 13.78,
            "equity": 3402609,
            "current_ratio": 286.56,
            "debt_ratio": 22.55,
            "inventory_turnover_ratio": 0.86,
            "account_receivable_turnover_ratio": null,
            "reinvestment_rate": 18.9,
            "research_to_sale_ratio": null,
            "price_fair": 26.34,
            "eps_avg_yearly": 0.75,
            "eps_latest_yearly": 0.96,
            "eps_growth_yearly": 200
        },
        "20061": {
            "year_quarter": 20061,
            "year": 2006,
            "quarter": 1,
            "eps": 0.18,
            "eps_growth_year": 12.5,
            "eps_4q": 1.01,
            "eps_4q_growth_year": 110.4,
            "roe": 1.29,
            "roe_4q": 7.61,
            "gross_profit": 170973,
            "gross_margin": 14.49,
            "gross_margin_4q_avg": 14.91,
            "net_income": 42655,
            "revenue": 1179548,
            "common_shares": 2313966,
            "book_valuer_per_share": 13.98,
            "book_valuer_per_share_4q_avg": 13.84,
            "equity": 3234973,
            "current_ratio": 323.09,
            "debt_ratio": 19.8,
            "inventory_turnover_ratio": 0.72,
            "account_receivable_turnover_ratio": null,
            "reinvestment_rate": 1.16,
            "research_to_sale_ratio": null,
            "price_fair": 25.03,
            "eps_avg_yearly": 0.72,
            "eps_latest_yearly": 0.72,
            "eps_growth_yearly": 192.14
        },
        "20062": {
            "year_quarter": 20062,
            "year": 2006,
            "quarter": 2,
            "eps": 0.23,
            "eps_growth_year": -14.81,
            "eps_4q": 1.02,
            "eps_4q_growth_year": 46.98,
            "roe": 1.64,
            "roe_4q": 7.300000000000001,
            "gross_profit": 200212,
            "gross_margin": 12.75,
            "gross_margin_4q_avg": 14.28,
            "net_income": 52747,
            "revenue": 1570299,
            "common_shares": 2313966,
            "book_valuer_per_share": 13.76,
            "book_valuer_per_share_4q_avg": 13.77,
            "equity": 3183727,
            "current_ratio": 299.48,
            "debt_ratio": 21.25,
            "inventory_turnover_ratio": 1.04,
            "account_receivable_turnover_ratio": null,
            "reinvestment_rate": 3.86,
            "research_to_sale_ratio": null,
            "price_fair": 24.59,
            "eps_avg_yearly": 0.7,
            "eps_latest_yearly": 0.92,
            "eps_growth_yearly": 202.87
        },
        "20063": {
            "year_quarter": 20063,
            "year": 2006,
            "quarter": 3,
            "eps": 0.21,
            "eps_growth_year": -40,
            "eps_4q": 0.85,
            "eps_4q_growth_year": 8.85,
            "roe": 1.57,
            "roe_4q": 6.23,
            "gross_profit": 175800,
            "gross_margin": 10.15,
            "gross_margin_4q_avg": 12.96,
            "net_income": 50244,
            "revenue": 1732489,
            "common_shares": 2409479,
            "book_valuer_per_share": 13.42,
            "book_valuer_per_share_4q_avg": 13.74,
            "equity": 3233971,
            "current_ratio": 281.39,
            "debt_ratio": 23.02,
            "inventory_turnover_ratio": 1.22,
            "account_receivable_turnover_ratio": null,
            "reinvestment_rate": 5.32,
            "research_to_sale_ratio": null,
            "price_fair": 25.03,
            "eps_avg_yearly": 0.72,
            "eps_latest_yearly": 0.84,
            "eps_growth_yearly": 211.41
        },
        "20064": {
            "year_quarter": 20064,
            "year": 2006,
            "quarter": 4,
            "eps": 0.24,
            "eps_growth_year": 0,
            "eps_4q": 0.85,
            "eps_4q_growth_year": -13.64,
            "roe": 1.7,
            "roe_4q": 6.2,
            "gross_profit": 151693,
            "gross_margin": 10.73,
            "gross_margin_4q_avg": 12.03,
            "net_income": 57264,
            "revenue": 1413619,
            "common_shares": 2409479,
            "book_valuer_per_share": 13.66,
            "book_valuer_per_share_4q_avg": 13.71,
            "equity": 3509521,
            "current_ratio": 210.75,
            "debt_ratio": 30.16,
            "inventory_turnover_ratio": 0.81,
            "account_receivable_turnover_ratio": null,
            "reinvestment_rate": 56.61,
            "research_to_sale_ratio": null,
            "price_fair": 25.99,
            "eps_avg_yearly": 0.74,
            "eps_latest_yearly": 0.96,
            "eps_growth_yearly": 219.67
        },
        "20071": {
            "year_quarter": 20071,
            "year": 2007,
            "quarter": 1,
            "eps": 0.09,
            "eps_growth_year": -50,
            "eps_4q": 0.74,
            "eps_4q_growth_year": -27.03,
            "roe": 0.65,
            "roe_4q": 5.56,
            "gross_profit": 147313,
            "gross_margin": 7.85,
            "gross_margin_4q_avg": 10.37,
            "net_income": 22232,
            "revenue": 1876913,
            "common_shares": 2409479,
            "book_valuer_per_share": 13.75,
            "book_valuer_per_share_4q_avg": 13.65,
            "equity": 3313598,
            "current_ratio": 262.97,
            "debt_ratio": 25.11,
            "inventory_turnover_ratio": 1.06,
            "account_receivable_turnover_ratio": null,
            "reinvestment_rate": 8.65,
            "research_to_sale_ratio": null,
            "price_fair": 25.29,
            "eps_avg_yearly": 0.72,
            "eps_latest_yearly": 0.36,
            "eps_growth_yearly": 196.36
        },
        "20072": {
            "year_quarter": 20072,
            "year": 2007,
            "quarter": 2,
            "eps": 0.1,
            "eps_growth_year": -56.52,
            "eps_4q": 0.64,
            "eps_4q_growth_year": -37.16,
            "roe": 0.73,
            "roe_4q": 4.65,
            "gross_profit": 140645,
            "gross_margin": 6.91,
            "gross_margin_4q_avg": 8.91,
            "net_income": 24011,
            "revenue": 2034337,
            "common_shares": 2409479,
            "book_valuer_per_share": 13.46,
            "book_valuer_per_share_4q_avg": 13.57,
            "equity": 3242913,
            "current_ratio": 248.73,
            "debt_ratio": 25.96,
            "inventory_turnover_ratio": 1.26,
            "account_receivable_turnover_ratio": null,
            "reinvestment_rate": 11.81,
            "research_to_sale_ratio": null,
            "price_fair": 24.33,
            "eps_avg_yearly": 0.7,
            "eps_latest_yearly": 0.4,
            "eps_growth_yearly": 193.25
        },
        "20073": {
            "year_quarter": 20073,
            "year": 2007,
            "quarter": 3,
            "eps": 0.17,
            "eps_growth_year": -19.05,
            "eps_4q": 0.59,
            "eps_4q_growth_year": -30.74,
            "roe": 1.3,
            "roe_4q": 4.38,
            "gross_profit": 143598,
            "gross_margin": 8.23,
            "gross_margin_4q_avg": 8.43,
            "net_income": 42340,
            "revenue": 1744732,
            "common_shares": 2508934,
            "book_valuer_per_share": 13.09,
            "book_valuer_per_share_4q_avg": 13.49,
            "equity": 3285254,
            "current_ratio": 221.71,
            "debt_ratio": 28.81,
            "inventory_turnover_ratio": 1.02,
            "account_receivable_turnover_ratio": null,
            "reinvestment_rate": 5.15,
            "research_to_sale_ratio": null,
            "price_fair": 24.33,
            "eps_avg_yearly": 0.7,
            "eps_latest_yearly": 0.68,
            "eps_growth_yearly": 215.51
        },
        "20074": {
            "year_quarter": 20074,
            "year": 2007,
            "quarter": 4,
            "eps": 0.47,
            "eps_growth_year": 95.83,
            "eps_4q": 0.82,
            "eps_4q_growth_year": -3.63,
            "roe": 3.43,
            "roe_4q": 6.110000000000001,
            "gross_profit": 187539,
            "gross_margin": 10.34,
            "gross_margin_4q_avg": 8.33,
            "net_income": 119111,
            "revenue": 1813167,
            "common_shares": 2508934,
            "book_valuer_per_share": 13.58,
            "book_valuer_per_share_4q_avg": 13.47,
            "equity": 3655445,
            "current_ratio": 165.86,
            "debt_ratio": 37.04,
            "inventory_turnover_ratio": 0.87,
            "account_receivable_turnover_ratio": null,
            "reinvestment_rate": 102.06,
            "research_to_sale_ratio": null,
            "price_fair": 26.78,
            "eps_avg_yearly": 0.77,
            "eps_latest_yearly": 1.88,
            "eps_growth_yearly": 256.69
        },
        "20081": {
            "year_quarter": 20081,
            "year": 2008,
            "quarter": 1,
            "eps": 0.17,
            "eps_growth_year": 88.89,
            "eps_4q": 0.73,
            "eps_4q_growth_year": -0.82,
            "roe": 1.38,
            "roe_4q": 6.84,
            "gross_profit": 269449,
            "gross_margin": 11.14,
            "gross_margin_4q_avg": 9.16,
            "net_income": 53668,
            "revenue": 2418161,
            "common_shares": 2748327,
            "book_valuer_per_share": 13.58,
            "book_valuer_per_share_4q_avg": 13.43,
            "equity": 4150166,
            "current_ratio": 168.89,
            "debt_ratio": 38.86,
            "inventory_turnover_ratio": 0.98,
            "account_receivable_turnover_ratio": null,
            "reinvestment_rate": 169.1,
            "research_to_sale_ratio": null,
            "price_fair": 28.09,
            "eps_avg_yearly": 0.8,
            "eps_latest_yearly": 0.68,
            "eps_growth_yearly": 263.1
        },
        "20082": {
            "year_quarter": 20082,
            "year": 2008,
            "quarter": 2,
            "eps": 0.41,
            "eps_growth_year": 310,
            "eps_4q": 1.07,
            "eps_4q_growth_year": 67.57,
            "roe": 2.92,
            "roe_4q": 9.030000000000001,
            "gross_profit": 351734,
            "gross_margin": 12.34,
            "gross_margin_4q_avg": 10.51,
            "net_income": 122704,
            "revenue": 2850490,
            "common_shares": 2748327,
            "book_valuer_per_share": 13.96,
            "book_valuer_per_share_4q_avg": 13.55,
            "equity": 4263081,
            "current_ratio": 167.8,
            "debt_ratio": 39.47,
            "inventory_turnover_ratio": 1.07,
            "account_receivable_turnover_ratio": null,
            "reinvestment_rate": 138.9,
            "research_to_sale_ratio": null,
            "price_fair": 31.15,
            "eps_avg_yearly": 0.89,
            "eps_latest_yearly": 1.64,
            "eps_growth_yearly": 248.4
        },
        "20083": {
            "year_quarter": 20083,
            "year": 2008,
            "quarter": 3,
            "eps": 0.89,
            "eps_growth_year": 423.53,
            "eps_4q": 1.78,
            "eps_4q_growth_year": 204.09,
            "roe": 6.13,
            "roe_4q": 13.86,
            "gross_profit": 493002,
            "gross_margin": 17.64,
            "gross_margin_4q_avg": 12.87,
            "net_income": 269517,
            "revenue": 2795166,
            "common_shares": 2929833,
            "book_valuer_per_share": 13.98,
            "book_valuer_per_share_4q_avg": 13.78,
            "equity": 4531155,
            "current_ratio": 164.47,
            "debt_ratio": 41.32,
            "inventory_turnover_ratio": 0.82,
            "account_receivable_turnover_ratio": null,
            "reinvestment_rate": 113.43,
            "research_to_sale_ratio": null,
            "price_fair": 36.84,
            "eps_avg_yearly": 1.05,
            "eps_latest_yearly": 3.56,
            "eps_growth_yearly": 202.66
        },
        "20084": {
            "year_quarter": 20084,
            "year": 2008,
            "quarter": 4,
            "eps": -0.34,
            "eps_growth_year": -172.34,
            "eps_4q": 1.07,
            "eps_4q_growth_year": 30,
            "roe": -2.58,
            "roe_4q": 7.85,
            "gross_profit": -102289,
            "gross_margin": -5.5,
            "gross_margin_4q_avg": 8.91,
            "net_income": -114931,
            "revenue": 1858737,
            "common_shares": 3017992,
            "book_valuer_per_share": 13.56,
            "book_valuer_per_share_4q_avg": 13.77,
            "equity": 4373886,
            "current_ratio": 179.72,
            "debt_ratio": 35.34,
            "inventory_turnover_ratio": 0.71,
            "account_receivable_turnover_ratio": null,
            "reinvestment_rate": 79.05,
            "research_to_sale_ratio": null,
            "price_fair": 39.01,
            "eps_avg_yearly": 1.11,
            "eps_latest_yearly": 3.56,
            "eps_growth_yearly": 239.51
        },
        "20091": {
            "year_quarter": 20091,
            "year": 2009,
            "quarter": 1,
            "eps": 0.17,
            "eps_growth_year": 0,
            "eps_4q": 0.81,
            "eps_4q_growth_year": 10.17,
            "roe": 1.55,
            "roe_4q": 8.02,
            "gross_profit": 183501,
            "gross_margin": 11.18,
            "gross_margin_4q_avg": 8.92,
            "net_income": 68490,
            "revenue": 1641333,
            "common_shares": 3017992,
            "book_valuer_per_share": 13.73,
            "book_valuer_per_share_4q_avg": 13.81,
            "equity": 4441680,
            "current_ratio": 284.05,
            "debt_ratio": 30.12,
            "inventory_turnover_ratio": 0.66,
            "account_receivable_turnover_ratio": 4.39,
            "reinvestment_rate": 110.37,
            "research_to_sale_ratio": null,
            "price_fair": 40.2,
            "eps_avg_yearly": 1.15,
            "eps_latest_yearly": 3.56,
            "eps_growth_yearly": 132.81
        },
        "20092": {
            "year_quarter": 20092,
            "year": 2009,
            "quarter": 2,
            "eps": 0.3,
            "eps_growth_year": -26.83,
            "eps_4q": 0.84,
            "eps_4q_growth_year": -21.5,
            "roe": 2.43,
            "roe_4q": 7.53,
            "gross_profit": 346079,
            "gross_margin": 14.96,
            "gross_margin_4q_avg": 9.57,
            "net_income": 108014,
            "revenue": 2313326,
            "common_shares": 3017992,
            "book_valuer_per_share": 13.78,
            "book_valuer_per_share_4q_avg": 13.76,
            "equity": 4453670,
            "current_ratio": 291.15,
            "debt_ratio": 29.15,
            "inventory_turnover_ratio": 1.02,
            "account_receivable_turnover_ratio": 2.84,
            "reinvestment_rate": 120.73,
            "research_to_sale_ratio": null,
            "price_fair": 40.5,
            "eps_avg_yearly": 1.16,
            "eps_latest_yearly": 1.2,
            "eps_growth_yearly": 135.01
        },
        "20093": {
            "year_quarter": 20093,
            "year": 2009,
            "quarter": 3,
            "eps": 0.29,
            "eps_growth_year": -67.42,
            "eps_4q": 0.38,
            "eps_4q_growth_year": -78.83,
            "roe": 2.29,
            "roe_4q": 3.6900000000000004,
            "gross_profit": 311047,
            "gross_margin": 15.23,
            "gross_margin_4q_avg": 8.97,
            "net_income": 103122,
            "revenue": 2042956,
            "common_shares": 3093442,
            "book_valuer_per_share": 13.74,
            "book_valuer_per_share_4q_avg": 13.7,
            "equity": 4556766,
            "current_ratio": 285.39,
            "debt_ratio": 29.13,
            "inventory_turnover_ratio": 0.94,
            "account_receivable_turnover_ratio": 2.38,
            "reinvestment_rate": 118.37,
            "research_to_sale_ratio": null,
            "price_fair": 39.9,
            "eps_avg_yearly": 1.14,
            "eps_latest_yearly": 1.16,
            "eps_growth_yearly": 125.59
        },
        "20094": {
            "year_quarter": 20094,
            "year": 2009,
            "quarter": 4,
            "eps": 0.31,
            "eps_growth_year": null,
            "eps_4q": 1,
            "eps_4q_growth_year": -6.3,
            "roe": 2.22,
            "roe_4q": 8.49,
            "gross_profit": 246384,
            "gross_margin": 12.28,
            "gross_margin_4q_avg": 13.41,
            "net_income": 102361,
            "revenue": 2006603,
            "common_shares": 3093442,
            "book_valuer_per_share": 14.05,
            "book_valuer_per_share_4q_avg": 13.83,
            "equity": 4660678,
            "current_ratio": 288.75,
            "debt_ratio": 28.61,
            "inventory_turnover_ratio": 0.85,
            "account_receivable_turnover_ratio": 2.44,
            "reinvestment_rate": 62.39,
            "research_to_sale_ratio": null,
            "price_fair": 40.6,
            "eps_avg_yearly": 1.16,
            "eps_latest_yearly": 1.24,
            "eps_growth_yearly": 136.54
        },
        "20101": {
            "year_quarter": 20101,
            "year": 2010,
            "quarter": 1,
            "eps": 0.45,
            "eps_growth_year": 164.71,
            "eps_4q": 1.35,
            "eps_4q_growth_year": 67.53,
            "roe": 3.16,
            "roe_4q": 10.100000000000001,
            "gross_profit": 369443,
            "gross_margin": 14.59,
            "gross_margin_4q_avg": 14.27,
            "net_income": 149442,
            "revenue": 2532027,
            "common_shares": 3093442,
            "book_valuer_per_share": 14.51,
            "book_valuer_per_share_4q_avg": 14.02,
            "equity": 4812531,
            "current_ratio": 300.15,
            "debt_ratio": 27.61,
            "inventory_turnover_ratio": 1,
            "account_receivable_turnover_ratio": 4.25,
            "reinvestment_rate": 115.91,
            "research_to_sale_ratio": null,
            "price_fair": 43.3,
            "eps_avg_yearly": 1.24,
            "eps_latest_yearly": 1.8,
            "eps_growth_yearly": 156.59
        },
        "20102": {
            "year_quarter": 20102,
            "year": 2010,
            "quarter": 2,
            "eps": 0.51,
            "eps_growth_year": 68.78,
            "eps_4q": 1.47,
            "eps_4q_growth_year": 74.03,
            "roe": 3.66,
            "roe_4q": 11.330000000000002,
            "gross_profit": 400688,
            "gross_margin": 14.83,
            "gross_margin_4q_avg": 14.23,
            "net_income": 178869,
            "revenue": 2701630,
            "common_shares": 3093442,
            "book_valuer_per_share": 15.05,
            "book_valuer_per_share_4q_avg": 14.34,
            "equity": 4965328,
            "current_ratio": 287.45,
            "debt_ratio": 28.49,
            "inventory_turnover_ratio": 1.06,
            "account_receivable_turnover_ratio": 2.28,
            "reinvestment_rate": 103.31,
            "research_to_sale_ratio": null,
            "price_fair": 46.1,
            "eps_avg_yearly": 1.32,
            "eps_latest_yearly": 2.04,
            "eps_growth_yearly": 152.46
        },
        "20103": {
            "year_quarter": 20103,
            "year": 2010,
            "quarter": 3,
            "eps": 0.46,
            "eps_growth_year": 58.07,
            "eps_4q": 1.57,
            "eps_4q_growth_year": 317.6,
            "roe": 3.36,
            "roe_4q": 12.4,
            "gross_profit": 455628,
            "gross_margin": 15.95,
            "gross_margin_4q_avg": 14.41,
            "net_income": 175395,
            "revenue": 2855734,
            "common_shares": 3652786,
            "book_valuer_per_share": 14.15,
            "book_valuer_per_share_4q_avg": 14.44,
            "equity": 5485453,
            "current_ratio": 276.62,
            "debt_ratio": 29.42,
            "inventory_turnover_ratio": 1.11,
            "account_receivable_turnover_ratio": 2.49,
            "reinvestment_rate": 99.05,
            "research_to_sale_ratio": 0.12,
            "price_fair": 48.6,
            "eps_avg_yearly": 1.39,
            "eps_latest_yearly": 1.84,
            "eps_growth_yearly": 152.15
        },
        "20104": {
            "year_quarter": 20104,
            "year": 2010,
            "quarter": 4,
            "eps": 0.16,
            "eps_growth_year": -47.54,
            "eps_4q": 1.47,
            "eps_4q_growth_year": 47.65,
            "roe": 1.21,
            "roe_4q": 11.39,
            "gross_profit": 268961,
            "gross_margin": 11.04,
            "gross_margin_4q_avg": 14.1,
            "net_income": 66850,
            "revenue": 2435324,
            "common_shares": 3652786,
            "book_valuer_per_share": 14.28,
            "book_valuer_per_share_4q_avg": 14.5,
            "equity": 5550979,
            "current_ratio": 304.08,
            "debt_ratio": 26.13,
            "inventory_turnover_ratio": 0.99,
            "account_receivable_turnover_ratio": 2.6,
            "reinvestment_rate": 52.56,
            "research_to_sale_ratio": 0.16,
            "price_fair": 47.8,
            "eps_avg_yearly": 1.37,
            "eps_latest_yearly": 0.64,
            "eps_growth_yearly": 129.43
        },
        "20111": {
            "year_quarter": 20111,
            "year": 2011,
            "quarter": 1,
            "eps": 0.53,
            "eps_growth_year": 17.78,
            "eps_4q": 1.63,
            "eps_4q_growth_year": 20.22,
            "roe": 3.88,
            "roe_4q": 12.11,
            "gross_profit": 455535,
            "gross_margin": 15.25,
            "gross_margin_4q_avg": 14.27,
            "net_income": 219582,
            "revenue": 2986662,
            "common_shares": 3652786,
            "book_valuer_per_share": 14.81,
            "book_valuer_per_share_4q_avg": 14.57,
            "equity": 5769149,
            "current_ratio": 301.65,
            "debt_ratio": 26.03,
            "inventory_turnover_ratio": 1.07,
            "account_receivable_turnover_ratio": 3.16,
            "reinvestment_rate": 99.63,
            "research_to_sale_ratio": null,
            "price_fair": 52.2,
            "eps_avg_yearly": 1.49,
            "eps_latest_yearly": 2.12,
            "eps_growth_yearly": 213.36
        },
        "20112": {
            "year_quarter": 20112,
            "year": 2011,
            "quarter": 2,
            "eps": 0.6,
            "eps_growth_year": 19.07,
            "eps_4q": 1.68,
            "eps_4q_growth_year": 14.71,
            "roe": 4.48,
            "roe_4q": 12.93,
            "gross_profit": 549731,
            "gross_margin": 15.65,
            "gross_margin_4q_avg": 14.47,
            "net_income": 259996,
            "revenue": 3512859,
            "common_shares": 3652786,
            "book_valuer_per_share": 14.95,
            "book_valuer_per_share_4q_avg": 14.55,
            "equity": 5829127,
            "current_ratio": 252.44,
            "debt_ratio": 29.58,
            "inventory_turnover_ratio": 1.09,
            "account_receivable_turnover_ratio": 3.33,
            "reinvestment_rate": 95.59,
            "research_to_sale_ratio": null,
            "price_fair": 57.2,
            "eps_avg_yearly": 1.63,
            "eps_latest_yearly": 2.4,
            "eps_growth_yearly": 213.96
        },
        "20113": {
            "year_quarter": 20113,
            "year": 2011,
            "quarter": 3,
            "eps": 0.53,
            "eps_growth_year": 15.36,
            "eps_4q": 1.78,
            "eps_4q_growth_year": 13.2,
            "roe": 3.85,
            "roe_4q": 13.420000000000002,
            "gross_profit": 462854,
            "gross_margin": 16.06,
            "gross_margin_4q_avg": 14.5,
            "net_income": 229008,
            "revenue": 2881760,
            "common_shares": 3908481,
            "book_valuer_per_share": 14.5,
            "book_valuer_per_share_4q_avg": 14.64,
            "equity": 6052119,
            "current_ratio": 222.84,
            "debt_ratio": 31.38,
            "inventory_turnover_ratio": 0.75,
            "account_receivable_turnover_ratio": 2.96,
            "reinvestment_rate": 99.62,
            "research_to_sale_ratio": 0.14,
            "price_fair": 60.8,
            "eps_avg_yearly": 1.74,
            "eps_latest_yearly": 2.12,
            "eps_growth_yearly": 190.63
        },
        "20114": {
            "year_quarter": 20114,
            "year": 2011,
            "quarter": 4,
            "eps": 0.54,
            "eps_growth_year": 232.21,
            "eps_4q": 2.17,
            "eps_4q_growth_year": 47.24,
            "roe": 3.6,
            "roe_4q": 15.809999999999999,
            "gross_profit": 436671,
            "gross_margin": 13.06,
            "gross_margin_4q_avg": 15.01,
            "net_income": 218961,
            "revenue": 3342304,
            "common_shares": 3908481,
            "book_valuer_per_share": 15.05,
            "book_valuer_per_share_4q_avg": 14.83,
            "equity": 6118932,
            "current_ratio": 224.38,
            "debt_ratio": 32.24,
            "inventory_turnover_ratio": 0.87,
            "account_receivable_turnover_ratio": 3.3,
            "reinvestment_rate": 57.12,
            "research_to_sale_ratio": 0.1,
            "price_fair": 61.5,
            "eps_avg_yearly": 1.76,
            "eps_latest_yearly": 2.16,
            "eps_growth_yearly": 140.74
        },
        "20121": {
            "year_quarter": 20121,
            "year": 2012,
            "quarter": 1,
            "eps": 0.34,
            "eps_growth_year": -35.85,
            "eps_4q": 2.01,
            "eps_4q_growth_year": 23.67,
            "roe": 2.22,
            "roe_4q": 14.15,
            "gross_profit": 351458,
            "gross_margin": 10.41,
            "gross_margin_4q_avg": 13.8,
            "net_income": 137135,
            "revenue": 3377091,
            "common_shares": 3908481,
            "book_valuer_per_share": 15.39,
            "book_valuer_per_share_4q_avg": 14.97,
            "equity": 6238320,
            "current_ratio": 268.65,
            "debt_ratio": 29.24,
            "inventory_turnover_ratio": 0.95,
            "account_receivable_turnover_ratio": 2.97,
            "reinvestment_rate": 49.26,
            "research_to_sale_ratio": null,
            "price_fair": 63.2,
            "eps_avg_yearly": 1.81,
            "eps_latest_yearly": 1.36,
            "eps_growth_yearly": 148.4
        },
        "20122": {
            "year_quarter": 20122,
            "year": 2012,
            "quarter": 2,
            "eps": 0.31,
            "eps_growth_year": -49.09,
            "eps_4q": 1.59,
            "eps_4q_growth_year": -5.64,
            "roe": 2.18,
            "roe_4q": 11.85,
            "gross_profit": 352456,
            "gross_margin": 11.89,
            "gross_margin_4q_avg": 12.86,
            "net_income": 133619,
            "revenue": 2965199,
            "common_shares": 3908481,
            "book_valuer_per_share": 14.92,
            "book_valuer_per_share_4q_avg": 14.97,
            "equity": 6043553,
            "current_ratio": 236.69,
            "debt_ratio": 36.18,
            "inventory_turnover_ratio": 0.75,
            "account_receivable_turnover_ratio": 2.44,
            "reinvestment_rate": 43.98,
            "research_to_sale_ratio": null,
            "price_fair": 62.2,
            "eps_avg_yearly": 1.78,
            "eps_latest_yearly": 1.24,
            "eps_growth_yearly": 105.54
        },
        "20123": {
            "year_quarter": 20123,
            "year": 2012,
            "quarter": 3,
            "eps": 0.3,
            "eps_growth_year": -43.1,
            "eps_4q": 1.41,
            "eps_4q_growth_year": -21.05,
            "roe": 2.21,
            "roe_4q": 10.21,
            "gross_profit": 359183,
            "gross_margin": 11.39,
            "gross_margin_4q_avg": 11.69,
            "net_income": 134852,
            "revenue": 3154539,
            "common_shares": 4299329,
            "book_valuer_per_share": 13.93,
            "book_valuer_per_share_4q_avg": 14.82,
            "equity": 6158684,
            "current_ratio": 300.07,
            "debt_ratio": 34.11,
            "inventory_turnover_ratio": 0.76,
            "account_receivable_turnover_ratio": 2.69,
            "reinvestment_rate": 43.53,
            "research_to_sale_ratio": null,
            "price_fair": 56.3,
            "eps_avg_yearly": 1.61,
            "eps_latest_yearly": 1.2,
            "eps_growth_yearly": 71.17
        },
        "20124": {
            "year_quarter": 20124,
            "year": 2012,
            "quarter": 4,
            "eps": 0.03,
            "eps_growth_year": -93.78,
            "eps_4q": 0.95,
            "eps_4q_growth_year": -56.26,
            "roe": 0.28,
            "roe_4q": 6.890000000000001,
            "gross_profit": 187265,
            "gross_margin": 7.54,
            "gross_margin_4q_avg": 10.31,
            "net_income": 16895,
            "revenue": 2482284,
            "common_shares": 4299329,
            "book_valuer_per_share": 13.81,
            "book_valuer_per_share_4q_avg": 14.51,
            "equity": 6124288,
            "current_ratio": 337.71,
            "debt_ratio": 33.43,
            "inventory_turnover_ratio": 0.65,
            "account_receivable_turnover_ratio": 2.39,
            "reinvestment_rate": 36.92,
            "research_to_sale_ratio": null,
            "price_fair": 52.83,
            "eps_avg_yearly": 1.51,
            "eps_latest_yearly": 0.12,
            "eps_growth_yearly": 42.43
        },
        "20131": {
            "year_quarter": 20131,
            "year": 2013,
            "quarter": 1,
            "eps": 0.26,
            "eps_growth_year": -23.53,
            "eps_4q": 0.9,
            "eps_4q_growth_year": -55.08,
            "roe": 1.89,
            "roe_4q": 6.5600000000000005,
            "gross_profit": 312661,
            "gross_margin": 10.3,
            "gross_margin_4q_avg": 10.28,
            "net_income": 117709,
            "revenue": 3036995,
            "common_shares": 4299329,
            "book_valuer_per_share": 14.22,
            "book_valuer_per_share_4q_avg": 14.22,
            "equity": 6308740,
            "current_ratio": 307.03,
            "debt_ratio": 35.37,
            "inventory_turnover_ratio": 0.75,
            "account_receivable_turnover_ratio": 2.43,
            "reinvestment_rate": 43.56,
            "research_to_sale_ratio": 0.17,
            "price_fair": 51.8,
            "eps_avg_yearly": 1.48,
            "eps_latest_yearly": 1.04,
            "eps_growth_yearly": 231.44
        },
        "20132": {
            "year_quarter": 20132,
            "year": 2013,
            "quarter": 2,
            "eps": 0.16,
            "eps_growth_year": -47.87,
            "eps_4q": 0.75,
            "eps_4q_growth_year": -52.67,
            "roe": 0.96,
            "roe_4q": 5.34,
            "gross_profit": 273655,
            "gross_margin": 8.85,
            "gross_margin_4q_avg": 9.52,
            "net_income": 60504,
            "revenue": 3091225,
            "common_shares": 4299329,
            "book_valuer_per_share": 14.08,
            "book_valuer_per_share_4q_avg": 14.01,
            "equity": 6237108,
            "current_ratio": 310.08,
            "debt_ratio": 35.43,
            "inventory_turnover_ratio": 0.77,
            "account_receivable_turnover_ratio": 2.13,
            "reinvestment_rate": 40.94,
            "research_to_sale_ratio": 0.21,
            "price_fair": 50.58,
            "eps_avg_yearly": 1.45,
            "eps_latest_yearly": 0.64,
            "eps_growth_yearly": 202.71
        },
        "20133": {
            "year_quarter": 20133,
            "year": 2013,
            "quarter": 3,
            "eps": 0.13,
            "eps_growth_year": -56.8,
            "eps_4q": 0.58,
            "eps_4q_growth_year": -59.08,
            "roe": 0.93,
            "roe_4q": 4.0600000000000005,
            "gross_profit": 255826,
            "gross_margin": 9.85,
            "gross_margin_4q_avg": 9.14,
            "net_income": 58713,
            "revenue": 2598269,
            "common_shares": 4299329,
            "book_valuer_per_share": 14.2,
            "book_valuer_per_share_4q_avg": 14.08,
            "equity": 6386746,
            "current_ratio": 263.28,
            "debt_ratio": 33.65,
            "inventory_turnover_ratio": 0.63,
            "account_receivable_turnover_ratio": 2.33,
            "reinvestment_rate": 41.96,
            "research_to_sale_ratio": 0.2,
            "price_fair": 49.18,
            "eps_avg_yearly": 1.41,
            "eps_latest_yearly": 0.52,
            "eps_growth_yearly": 198.85
        },
        "20134": {
            "year_quarter": 20134,
            "year": 2013,
            "quarter": 4,
            "eps": 0.15,
            "eps_growth_year": 341.23,
            "eps_4q": 0.69,
            "eps_4q_growth_year": -27.28,
            "roe": 1.04,
            "roe_4q": 4.82,
            "gross_profit": 239155,
            "gross_margin": 9.21,
            "gross_margin_4q_avg": 9.55,
            "net_income": 66687,
            "revenue": 2595480,
            "common_shares": 4299329,
            "book_valuer_per_share": 14.42,
            "book_valuer_per_share_4q_avg": 14.23,
            "equity": 6486116,
            "current_ratio": 240.18,
            "debt_ratio": 34.75,
            "inventory_turnover_ratio": 0.6,
            "account_receivable_turnover_ratio": 2.83,
            "reinvestment_rate": 42.64,
            "research_to_sale_ratio": 0.17,
            "price_fair": 47.78,
            "eps_avg_yearly": 1.37,
            "eps_latest_yearly": 0.6,
            "eps_growth_yearly": 200.98
        },
        "20141": {
            "year_quarter": 20141,
            "year": 2014,
            "quarter": 1,
            "eps": 0.23,
            "eps_growth_year": -11.54,
            "eps_4q": 0.66,
            "eps_4q_growth_year": -27.36,
            "roe": 1.59,
            "roe_4q": 4.52,
            "gross_profit": 305705,
            "gross_margin": 10.03,
            "gross_margin_4q_avg": 9.49,
            "net_income": 104549,
            "revenue": 3048187,
            "common_shares": 4299329,
            "book_valuer_per_share": 14.78,
            "book_valuer_per_share_4q_avg": 14.37,
            "equity": 6693826,
            "current_ratio": 253.51,
            "debt_ratio": 38.64,
            "inventory_turnover_ratio": 0.71,
            "account_receivable_turnover_ratio": 2.5,
            "reinvestment_rate": 36.16,
            "research_to_sale_ratio": 0.14,
            "price_fair": 45.85,
            "eps_avg_yearly": 1.31,
            "eps_latest_yearly": 0.92,
            "eps_growth_yearly": 203.02
        },
        "20142": {
            "year_quarter": 20142,
            "year": 2014,
            "quarter": 2,
            "eps": 0.11,
            "eps_growth_year": -31.25,
            "eps_4q": 0.61,
            "eps_4q_growth_year": -18.93,
            "roe": 0.74,
            "roe_4q": 4.3,
            "gross_profit": 258942,
            "gross_margin": 9.54,
            "gross_margin_4q_avg": 9.66,
            "net_income": 48943,
            "revenue": 2712849,
            "common_shares": 4299329,
            "book_valuer_per_share": 14.28,
            "book_valuer_per_share_4q_avg": 14.42,
            "equity": 6470844,
            "current_ratio": 233.41,
            "debt_ratio": 39.79,
            "inventory_turnover_ratio": 0.65,
            "account_receivable_turnover_ratio": 1.98,
            "reinvestment_rate": 37.84,
            "research_to_sale_ratio": 0.24,
            "price_fair": 42.35,
            "eps_avg_yearly": 1.21,
            "eps_latest_yearly": 0.44,
            "eps_growth_yearly": 186.64
        },
        "20143": {
            "year_quarter": 20143,
            "year": 2014,
            "quarter": 3,
            "eps": 0.05,
            "eps_growth_year": -61.54,
            "eps_4q": 0.53,
            "eps_4q_growth_year": -7.68,
            "roe": 0.39,
            "roe_4q": 3.76,
            "gross_profit": 221789,
            "gross_margin": 7.53,
            "gross_margin_4q_avg": 9.08,
            "net_income": 24970,
            "revenue": 2946736,
            "common_shares": 4299329,
            "book_valuer_per_share": 14.34,
            "book_valuer_per_share_4q_avg": 14.46,
            "equity": 6494831,
            "current_ratio": 224.95,
            "debt_ratio": 39.57,
            "inventory_turnover_ratio": 0.69,
            "account_receivable_turnover_ratio": 2.33,
            "reinvestment_rate": 41.19,
            "research_to_sale_ratio": 0.18,
            "price_fair": 38.76,
            "eps_avg_yearly": 1.11,
            "eps_latest_yearly": 0.2,
            "eps_growth_yearly": 175.46
        },
        "20144": {
            "year_quarter": 20144,
            "year": 2014,
            "quarter": 4,
            "eps": 0.05,
            "eps_growth_year": -65.56,
            "eps_4q": 0.43,
            "eps_4q_growth_year": -37.08,
            "roe": 0.37,
            "roe_4q": 3.09,
            "gross_profit": 142529,
            "gross_margin": 6.02,
            "gross_margin_4q_avg": 8.28,
            "net_income": 23846,
            "revenue": 2366879,
            "common_shares": 4299329,
            "book_valuer_per_share": 14.41,
            "book_valuer_per_share_4q_avg": 14.45,
            "equity": 6528230,
            "current_ratio": 239.38,
            "debt_ratio": 35.86,
            "inventory_turnover_ratio": 0.58,
            "account_receivable_turnover_ratio": 2.03,
            "reinvestment_rate": 33.58,
            "research_to_sale_ratio": 0.2,
            "price_fair": 37.8,
            "eps_avg_yearly": 1.08,
            "eps_latest_yearly": 0.2,
            "eps_growth_yearly": 191.76
        },
        "20151": {
            "year_quarter": 20151,
            "year": 2015,
            "quarter": 1,
            "eps": 0.16,
            "eps_growth_year": -30.43,
            "eps_4q": 0.37,
            "eps_4q_growth_year": -43.7,
            "roe": 1.23,
            "roe_4q": 2.7300000000000004,
            "gross_profit": 286944,
            "gross_margin": 10.61,
            "gross_margin_4q_avg": 8.43,
            "net_income": 80607,
            "revenue": 2704047,
            "common_shares": 4299329,
            "book_valuer_per_share": 14.57,
            "book_valuer_per_share_4q_avg": 14.4,
            "equity": 6604283,
            "current_ratio": 257.27,
            "debt_ratio": 33.21,
            "inventory_turnover_ratio": 0.76,
            "account_receivable_turnover_ratio": 2.4,
            "reinvestment_rate": 31.31,
            "research_to_sale_ratio": 0.22,
            "price_fair": 34.56,
            "eps_avg_yearly": 0.99,
            "eps_latest_yearly": 0.64,
            "eps_growth_yearly": 188.95
        },
        "20152": {
            "year_quarter": 20152,
            "year": 2015,
            "quarter": 2,
            "eps": 0.51,
            "eps_growth_year": 363.64,
            "eps_4q": 0.78,
            "eps_4q_growth_year": 27.45,
            "roe": 3.67,
            "roe_4q": 5.66,
            "gross_profit": 489147,
            "gross_margin": 18.29,
            "gross_margin_4q_avg": 10.61,
            "net_income": 241856,
            "revenue": 2674199,
            "common_shares": 4299329,
            "book_valuer_per_share": 14.47,
            "book_valuer_per_share_4q_avg": 14.45,
            "equity": 6570731,
            "current_ratio": 248.94,
            "debt_ratio": 32.66,
            "inventory_turnover_ratio": 0.79,
            "account_receivable_turnover_ratio": 2.26,
            "reinvestment_rate": 30.85,
            "research_to_sale_ratio": 0.2,
            "price_fair": 33.78,
            "eps_avg_yearly": 0.97,
            "eps_latest_yearly": 2.04,
            "eps_growth_yearly": 240.33
        },
        "20153": {
            "year_quarter": 20153,
            "year": 2015,
            "quarter": 3,
            "eps": 0.59,
            "eps_growth_year": 1080,
            "eps_4q": 1.32,
            "eps_4q_growth_year": 147.45,
            "roe": 4.17,
            "roe_4q": 9.44,
            "gross_profit": 433124,
            "gross_margin": 22.56,
            "gross_margin_4q_avg": 14.37,
            "net_income": 279816,
            "revenue": 1920129,
            "common_shares": 4299329,
            "book_valuer_per_share": 15.08,
            "book_valuer_per_share_4q_avg": 14.63,
            "equity": 6863634,
            "current_ratio": 289.25,
            "debt_ratio": 29.92,
            "inventory_turnover_ratio": 0.53,
            "account_receivable_turnover_ratio": 1.82,
            "reinvestment_rate": 12.26,
            "research_to_sale_ratio": 0.32,
            "price_fair": 34.3,
            "eps_avg_yearly": 0.98,
            "eps_latest_yearly": 2.36,
            "eps_growth_yearly": 247.17
        },
        "20154": {
            "year_quarter": 20154,
            "year": 2015,
            "quarter": 4,
            "eps": 0.21,
            "eps_growth_year": 318.88,
            "eps_4q": 1.48,
            "eps_4q_growth_year": 240.27,
            "roe": 1.45,
            "roe_4q": 10.52,
            "gross_profit": 314125,
            "gross_margin": 14.52,
            "gross_margin_4q_avg": 16.5,
            "net_income": 99985,
            "revenue": 2163454,
            "common_shares": 4299329,
            "book_valuer_per_share": 15.23,
            "book_valuer_per_share_4q_avg": 14.84,
            "equity": 6936446,
            "current_ratio": 274.25,
            "debt_ratio": 32.51,
            "inventory_turnover_ratio": 0.66,
            "account_receivable_turnover_ratio": 2.14,
            "reinvestment_rate": 0.14,
            "research_to_sale_ratio": 0.18,
            "price_fair": 31.41,
            "eps_avg_yearly": 0.9,
            "eps_latest_yearly": 0.84,
            "eps_growth_yearly": 230.6
        },
        "20161": {
            "year_quarter": 20161,
            "year": 2016,
            "quarter": 1,
            "eps": 0.44,
            "eps_growth_year": 175,
            "eps_4q": 1.75,
            "eps_4q_growth_year": 374.69,
            "roe": 2.88,
            "roe_4q": 12.17,
            "gross_profit": 506194,
            "gross_margin": 20.91,
            "gross_margin_4q_avg": 19.07,
            "net_income": 202710,
            "revenue": 2420811,
            "common_shares": 4308336,
            "book_valuer_per_share": 15.66,
            "book_valuer_per_share_4q_avg": 15.11,
            "equity": 7149661,
            "current_ratio": 259.14,
            "debt_ratio": 35.2,
            "inventory_turnover_ratio": 0.75,
            "account_receivable_turnover_ratio": 2.56,
            "reinvestment_rate": 8.52,
            "research_to_sale_ratio": 0.25,
            "price_fair": 32.29,
            "eps_avg_yearly": 0.92,
            "eps_latest_yearly": 1.76,
            "eps_growth_yearly": 267.24
        },
        "20162": {
            "year_quarter": 20162,
            "year": 2016,
            "quarter": 2,
            "eps": 0.59,
            "eps_growth_year": 15.69,
            "eps_4q": 1.82,
            "eps_4q_growth_year": 134.37,
            "roe": 3.93,
            "roe_4q": 12.43,
            "gross_profit": 551471,
            "gross_margin": 23.7,
            "gross_margin_4q_avg": 20.42,
            "net_income": 276079,
            "revenue": 2327367,
            "common_shares": 4342094,
            "book_valuer_per_share": 15.04,
            "book_valuer_per_share_4q_avg": 15.25,
            "equity": 6913143,
            "current_ratio": 233.78,
            "debt_ratio": 37.44,
            "inventory_turnover_ratio": 0.72,
            "account_receivable_turnover_ratio": 2.58,
            "reinvestment_rate": 13.08,
            "research_to_sale_ratio": 0.3,
            "price_fair": 34.74,
            "eps_avg_yearly": 0.99,
            "eps_latest_yearly": 2.36,
            "eps_growth_yearly": 277.97
        },
        "20163": {
            "year_quarter": 20163,
            "year": 2016,
            "quarter": 3,
            "eps": 0.47,
            "eps_growth_year": -20.34,
            "eps_4q": 1.69,
            "eps_4q_growth_year": 28.78,
            "roe": 3.02,
            "roe_4q": 11.28,
            "gross_profit": 405032,
            "gross_margin": 22.62,
            "gross_margin_4q_avg": 20.44,
            "net_income": 212820,
            "revenue": 1790987,
            "common_shares": 4377847,
            "book_valuer_per_share": 15.48,
            "book_valuer_per_share_4q_avg": 15.35,
            "equity": 7176028,
            "current_ratio": 230.96,
            "debt_ratio": 34.4,
            "inventory_turnover_ratio": 0.5,
            "account_receivable_turnover_ratio": 1.86,
            "reinvestment_rate": 11.28,
            "research_to_sale_ratio": 0.5,
            "price_fair": 36.23,
            "eps_avg_yearly": 1.04,
            "eps_latest_yearly": 1.88,
            "eps_growth_yearly": 273.69
        },
        "20164": {
            "year_quarter": 20164,
            "year": 2016,
            "quarter": 4,
            "eps": 0.45,
            "eps_growth_year": 109.36,
            "eps_4q": 1.91,
            "eps_4q_growth_year": 29.06,
            "roe": 2.86,
            "roe_4q": 12.690000000000001,
            "gross_profit": 364257,
            "gross_margin": 17.9,
            "gross_margin_4q_avg": 21.28,
            "net_income": 209637,
            "revenue": 2035255,
            "common_shares": 4449513,
            "book_valuer_per_share": 15.91,
            "book_valuer_per_share_4q_avg": 15.52,
            "equity": 7489492,
            "current_ratio": 311.71,
            "debt_ratio": 27.56,
            "inventory_turnover_ratio": 0.56,
            "account_receivable_turnover_ratio": 2.17,
            "reinvestment_rate": 15.4,
            "research_to_sale_ratio": 1.56,
            "price_fair": 39.9,
            "eps_avg_yearly": 1.14,
            "eps_latest_yearly": 1.8,
            "eps_growth_yearly": 295.13
        },
        "20171": {
            "year_quarter": 20171,
            "year": 2017,
            "quarter": 1,
            "eps": 0.32,
            "eps_growth_year": -27.27,
            "eps_4q": 1.78,
            "eps_4q_growth_year": 1.41,
            "roe": 2.02,
            "roe_4q": 11.83,
            "gross_profit": 465995,
            "gross_margin": 19.78,
            "gross_margin_4q_avg": 21,
            "net_income": 153801,
            "revenue": 2356420,
            "common_shares": 4511028,
            "book_valuer_per_share": 16.16,
            "book_valuer_per_share_4q_avg": 15.65,
            "equity": 7710509,
            "current_ratio": 298.65,
            "debt_ratio": 27.68,
            "inventory_turnover_ratio": 0.7,
            "account_receivable_turnover_ratio": 2.35,
            "reinvestment_rate": 6.63,
            "research_to_sale_ratio": 0.53,
            "price_fair": 40.43,
            "eps_avg_yearly": 1.16,
            "eps_latest_yearly": 1.28,
            "eps_growth_yearly": 96.24
        },
        "20172": {
            "year_quarter": 20172,
            "year": 2017,
            "quarter": 2,
            "eps": 0.5,
            "eps_growth_year": -15.25,
            "eps_4q": 1.58,
            "eps_4q_growth_year": -13.08,
            "roe": 3.13,
            "roe_4q": 11.03,
            "gross_profit": 436899,
            "gross_margin": 20.2,
            "gross_margin_4q_avg": 20.13,
            "net_income": 236504,
            "revenue": 2162583,
            "common_shares": 4720194,
            "book_valuer_per_share": 14.93,
            "book_valuer_per_share_4q_avg": 15.62,
            "equity": 7419233,
            "current_ratio": 214.36,
            "debt_ratio": 30.57,
            "inventory_turnover_ratio": 0.66,
            "account_receivable_turnover_ratio": 2.12,
            "reinvestment_rate": 29.33,
            "research_to_sale_ratio": 0.65,
            "price_fair": 43.4,
            "eps_avg_yearly": 1.24,
            "eps_latest_yearly": 2,
            "eps_growth_yearly": 119.91
        },
        "20173": {
            "year_quarter": 20173,
            "year": 2017,
            "quarter": 3,
            "eps": 0.34,
            "eps_growth_year": -27.66,
            "eps_4q": 1.5,
            "eps_4q_growth_year": -11.44,
            "roe": 2.35,
            "roe_4q": 10.36,
            "gross_profit": 391821,
            "gross_margin": 19.24,
            "gross_margin_4q_avg": 19.28,
            "net_income": 176382,
            "revenue": 2036463,
            "common_shares": 4908497,
            "book_valuer_per_share": 14.74,
            "book_valuer_per_share_4q_avg": 15.44,
            "equity": 7618008,
            "current_ratio": 228.26,
            "debt_ratio": 28.41,
            "inventory_turnover_ratio": 0.62,
            "account_receivable_turnover_ratio": 1.94,
            "reinvestment_rate": 28.23,
            "research_to_sale_ratio": 0.77,
            "price_fair": 45.24,
            "eps_avg_yearly": 1.29,
            "eps_latest_yearly": 1.36,
            "eps_growth_yearly": 116.6
        },
        "20174": {
            "year_quarter": 20174,
            "year": 2017,
            "quarter": 4,
            "eps": 0.19,
            "eps_growth_year": -58.03,
            "eps_4q": 1.28,
            "eps_4q_growth_year": -32.79,
            "roe": 1.24,
            "roe_4q": 8.74,
            "gross_profit": 355727,
            "gross_margin": 15.94,
            "gross_margin_4q_avg": 18.79,
            "net_income": 95448,
            "revenue": 2232314,
            "common_shares": 4909260,
            "book_valuer_per_share": 15.07,
            "book_valuer_per_share_4q_avg": 15.23,
            "equity": 7797945,
            "current_ratio": 252.44,
            "debt_ratio": 25.98,
            "inventory_turnover_ratio": 0.69,
            "account_receivable_turnover_ratio": 2.12,
            "reinvestment_rate": 33.42,
            "research_to_sale_ratio": 0.64,
            "price_fair": 45.59,
            "eps_avg_yearly": 1.3,
            "eps_latest_yearly": 0.76,
            "eps_growth_yearly": 101.73
        },
        "20181": {
            "year_quarter": 20181,
            "year": 2018,
            "quarter": 1,
            "eps": 0.22,
            "eps_growth_year": -31.25,
            "eps_4q": 1.2,
            "eps_4q_growth_year": -32.35,
            "roe": 1.43,
            "roe_4q": 8.149999999999999,
            "gross_profit": 384565,
            "gross_margin": 15.69,
            "gross_margin_4q_avg": 17.77,
            "net_income": 112168,
            "revenue": 2450428,
            "common_shares": 4921378,
            "book_valuer_per_share": 15.31,
            "book_valuer_per_share_4q_avg": 15.01,
            "equity": 7941367,
            "current_ratio": 236.65,
            "debt_ratio": 26.46,
            "inventory_turnover_ratio": 0.72,
            "account_receivable_turnover_ratio": 2.27,
            "reinvestment_rate": 12.89,
            "research_to_sale_ratio": 0.53,
            "price_fair": 45.5,
            "eps_avg_yearly": 1.3,
            "eps_latest_yearly": 0.88,
            "eps_growth_yearly": 92.34
        },
        "20182": {
            "year_quarter": 20182,
            "year": 2018,
            "quarter": 2,
            "eps": 0.44,
            "eps_growth_year": -12,
            "eps_4q": 1.18,
            "eps_4q_growth_year": -25.47,
            "roe": 2.89,
            "roe_4q": 7.91,
            "gross_profit": 415484,
            "gross_margin": 14.79,
            "gross_margin_4q_avg": 16.42,
            "net_income": 221870,
            "revenue": 2809593,
            "common_shares": 4923073,
            "book_valuer_per_share": 14.28,
            "book_valuer_per_share_4q_avg": 14.85,
            "equity": 7406219,
            "current_ratio": 165.36,
            "debt_ratio": 33.63,
            "inventory_turnover_ratio": 0.78,
            "account_receivable_turnover_ratio": 2.38,
            "reinvestment_rate": 14.54,
            "research_to_sale_ratio": 0.56,
            "price_fair": 48.39,
            "eps_avg_yearly": 1.38,
            "eps_latest_yearly": 1.76,
            "eps_growth_yearly": 130.38
        },
        "20183": {
            "year_quarter": 20183,
            "year": 2018,
            "quarter": 3,
            "eps": 0.23,
            "eps_growth_year": -32.35,
            "eps_4q": 1.07,
            "eps_4q_growth_year": -28.95,
            "roe": 1.54,
            "roe_4q": 7.1,
            "gross_profit": 331007,
            "gross_margin": 13.73,
            "gross_margin_4q_avg": 15.04,
            "net_income": 114965,
            "revenue": 2410233,
            "common_shares": 4941591,
            "book_valuer_per_share": 14.43,
            "book_valuer_per_share_4q_avg": 14.77,
            "equity": 7508433,
            "current_ratio": 158.63,
            "debt_ratio": 34.82,
            "inventory_turnover_ratio": 0.62,
            "account_receivable_turnover_ratio": 2.04,
            "reinvestment_rate": 72.25,
            "research_to_sale_ratio": 0.51,
            "price_fair": 49.96,
            "eps_avg_yearly": 1.43,
            "eps_latest_yearly": 0.92,
            "eps_growth_yearly": 132.09
        },
        "20184": {
            "year_quarter": 20184,
            "year": 2018,
            "quarter": 4,
            "eps": -0.11,
            "eps_growth_year": -157.93,
            "eps_4q": 0.76,
            "eps_4q_growth_year": -40.63,
            "roe": -0.79,
            "roe_4q": 5.07,
            "gross_profit": 126535,
            "gross_margin": 5.98,
            "gross_margin_4q_avg": 12.55,
            "net_income": -59314,
            "revenue": 2115131,
            "common_shares": 4993518,
            "book_valuer_per_share": 14.24,
            "book_valuer_per_share_4q_avg": 14.57,
            "equity": 7484960,
            "current_ratio": 161.87,
            "debt_ratio": 33.58,
            "inventory_turnover_ratio": 0.58,
            "account_receivable_turnover_ratio": 1.88,
            "reinvestment_rate": 82.58,
            "research_to_sale_ratio": 0.53,
            "price_fair": 52.83,
            "eps_avg_yearly": 1.51,
            "eps_latest_yearly": 0.92,
            "eps_growth_yearly": 140.89
        },
        "20191": {
            "year_quarter": 20191,
            "year": 2019,
            "quarter": 1,
            "eps": 0.14,
            "eps_growth_year": -36.36,
            "eps_4q": 0.69,
            "eps_4q_growth_year": -42.7,
            "roe": 0.96,
            "roe_4q": 4.6,
            "gross_profit": 265599,
            "gross_margin": 13.24,
            "gross_margin_4q_avg": 11.94,
            "net_income": 72436,
            "revenue": 2006208,
            "common_shares": 5021224,
            "book_valuer_per_share": 14.38,
            "book_valuer_per_share_4q_avg": 14.33,
            "equity": 7600069,
            "current_ratio": 158.19,
            "debt_ratio": 35.68,
            "inventory_turnover_ratio": 0.5,
            "account_receivable_turnover_ratio": 1.76,
            "reinvestment_rate": 83.14,
            "research_to_sale_ratio": 0.58,
            "price_fair": 55,
            "eps_avg_yearly": 1.57,
            "eps_latest_yearly": 0.92,
            "eps_growth_yearly": 88.1
        },
        "20192": {
            "year_quarter": 20192,
            "year": 2019,
            "quarter": 2,
            "eps": 0.11,
            "eps_growth_year": -75,
            "eps_4q": 0.37,
            "eps_4q_growth_year": -68.96,
            "roe": 0.66,
            "roe_4q": 2.37,
            "gross_profit": 239173,
            "gross_margin": 11.02,
            "gross_margin_4q_avg": 10.99,
            "net_income": 49507,
            "revenue": 2170810,
            "common_shares": 5021224,
            "book_valuer_per_share": 14,
            "book_valuer_per_share_4q_avg": 14.26,
            "equity": 7381378,
            "current_ratio": 154.53,
            "debt_ratio": 35.75,
            "inventory_turnover_ratio": 0.55,
            "account_receivable_turnover_ratio": 2.06,
            "reinvestment_rate": 83.11,
            "research_to_sale_ratio": 0.52,
            "price_fair": 42.96,
            "eps_avg_yearly": 1.46,
            "eps_latest_yearly": 0.44,
            "eps_growth_yearly": 19.48
        },
        "20193": {
            "year_quarter": 20193,
            "year": 2019,
            "quarter": 3,
            "eps": 0.11,
            "eps_growth_year": -52.17,
            "eps_4q": 0.26,
            "eps_4q_growth_year": -75.66,
            "roe": 0.71,
            "roe_4q": 1.54,
            "gross_profit": 264033,
            "gross_margin": 11.23,
            "gross_margin_4q_avg": 10.37,
            "net_income": 52017,
            "revenue": 2351146,
            "common_shares": 4770163,
            "book_valuer_per_share": 14.29,
            "book_valuer_per_share_4q_avg": 14.23,
            "equity": 7185928,
            "current_ratio": 144.92,
            "debt_ratio": 37.22,
            "inventory_turnover_ratio": 0.62,
            "account_receivable_turnover_ratio": 2.28,
            "reinvestment_rate": 114.83,
            "research_to_sale_ratio": 0.48,
            "price_fair": 33,
            "eps_avg_yearly": 1.32,
            "eps_latest_yearly": 0.44,
            "eps_growth_yearly": 15
        },
        "20194": {
            "year_quarter": 20194,
            "year": 2019,
            "quarter": 4,
            "eps": 0.08,
            "eps_growth_year": null,
            "eps_4q": 0.45,
            "eps_4q_growth_year": -40.71,
            "roe": 0.47,
            "roe_4q": 2.8,
            "gross_profit": 226832,
            "gross_margin": 10,
            "gross_margin_4q_avg": 11.37,
            "net_income": 34044,
            "revenue": 2268998,
            "common_shares": 4770163,
            "book_valuer_per_share": 14.44,
            "book_valuer_per_share_4q_avg": 14.28,
            "equity": 7255307,
            "current_ratio": 146.59,
            "debt_ratio": 35.88,
            "inventory_turnover_ratio": 0.65,
            "account_receivable_turnover_ratio": 2.03,
            "reinvestment_rate": 91.89,
            "research_to_sale_ratio": 0.67,
            "price_fair": 44.9,
            "eps_avg_yearly": 1.28,
            "eps_latest_yearly": 0.32,
            "eps_growth_yearly": 25.61
        },
        "20201": {
            "year_quarter": 20201,
            "year": 2020,
            "quarter": 1,
            "eps": 0.2,
            "eps_growth_year": 42.86,
            "eps_4q": 0.5,
            "eps_4q_growth_year": -27.83,
            "roe": 1.27,
            "roe_4q": 3.1100000000000003,
            "gross_profit": 294990,
            "gross_margin": 12.5,
            "gross_margin_4q_avg": 11.19,
            "net_income": 92544,
            "revenue": 2359790,
            "common_shares": 4770163,
            "book_valuer_per_share": 14.48,
            "book_valuer_per_share_4q_avg": 14.3,
            "equity": 7279019,
            "current_ratio": 149.89,
            "debt_ratio": 34.9,
            "inventory_turnover_ratio": 0.7,
            "account_receivable_turnover_ratio": 1.93,
            "reinvestment_rate": 87.76,
            "research_to_sale_ratio": 0.43,
            "price_fair": 42.5,
            "eps_avg_yearly": 1.21,
            "eps_latest_yearly": 0.8,
            "eps_growth_yearly": 37.17
        },
        "20202": {
            "year_quarter": 20202,
            "year": 2020,
            "quarter": 2,
            "eps": 0.27,
            "eps_growth_year": 145.45,
            "eps_4q": 0.66,
            "eps_4q_growth_year": 80.1,
            "roe": 1.72,
            "roe_4q": 4.17,
            "gross_profit": 348279,
            "gross_margin": 17.12,
            "gross_margin_4q_avg": 12.71,
            "net_income": 124500,
            "revenue": 2034746,
            "common_shares": 4770163,
            "book_valuer_per_share": 14.31,
            "book_valuer_per_share_4q_avg": 14.38,
            "equity": 7169316,
            "current_ratio": 155.42,
            "debt_ratio": 32.61,
            "inventory_turnover_ratio": 0.62,
            "account_receivable_turnover_ratio": 1.71,
            "reinvestment_rate": 89.56,
            "research_to_sale_ratio": 0.53,
            "price_fair": 39.3,
            "eps_avg_yearly": 1.12,
            "eps_latest_yearly": 1.08,
            "eps_growth_yearly": 37.43
        },
        "20203": {
            "year_quarter": 20203,
            "year": 2020,
            "quarter": 3,
            "eps": 0.38,
            "eps_growth_year": 245.45,
            "eps_4q": 0.93,
            "eps_4q_growth_year": 258.09,
            "roe": 2.44,
            "roe_4q": 5.8999999999999995,
            "gross_profit": 440263,
            "gross_margin": 20.77,
            "gross_margin_4q_avg": 15.1,
            "net_income": 176941,
            "revenue": 2119607,
            "common_shares": 4770163,
            "book_valuer_per_share": 14.68,
            "book_valuer_per_share_4q_avg": 14.48,
            "equity": 7342809,
            "current_ratio": 161.42,
            "debt_ratio": 33.33,
            "inventory_turnover_ratio": 0.62,
            "account_receivable_turnover_ratio": 1.8,
            "reinvestment_rate": 91.11,
            "research_to_sale_ratio": 0.56,
            "price_fair": 38.4,
            "eps_avg_yearly": 1.1,
            "eps_latest_yearly": 1.52,
            "eps_growth_yearly": 54.88
        },
        "20204": {
            "year_quarter": 20204,
            "year": 2020,
            "quarter": 4,
            "eps": 0.31,
            "eps_growth_year": 300.37,
            "eps_4q": 1.16,
            "eps_4q_growth_year": 157.73,
            "roe": 1.96,
            "roe_4q": 7.390000000000001,
            "gross_profit": 403789,
            "gross_margin": 20.52,
            "gross_margin_4q_avg": 17.73,
            "net_income": 145675,
            "revenue": 1967686,
            "common_shares": 4770163,
            "book_valuer_per_share": 15.05,
            "book_valuer_per_share_4q_avg": 14.63,
            "equity": 7484947,
            "current_ratio": 165.75,
            "debt_ratio": 32.69,
            "inventory_turnover_ratio": 0.62,
            "account_receivable_turnover_ratio": 1.6,
            "reinvestment_rate": 88.96,
            "research_to_sale_ratio": 1.54,
            "price_fair": 37,
            "eps_avg_yearly": 1.06,
            "eps_latest_yearly": 1.24,
            "eps_growth_yearly": 50.84
        },
        "20211": {
            "year_quarter": 20211,
            "year": 2021,
            "quarter": 1,
            "eps": 0.53,
            "eps_growth_year": 165,
            "eps_4q": 1.5,
            "eps_4q_growth_year": 201.64,
            "roe": 3.39,
            "roe_4q": 9.51,
            "gross_profit": 558848,
            "gross_margin": 23.91,
            "gross_margin_4q_avg": 20.58,
            "net_income": 258102,
            "revenue": 2336862,
            "common_shares": 4770163,
            "book_valuer_per_share": 15.6,
            "book_valuer_per_share_4q_avg": 14.91,
            "equity": 7751361,
            "current_ratio": 177.67,
            "debt_ratio": 30.08,
            "inventory_turnover_ratio": 0.76,
            "account_receivable_turnover_ratio": 1.91,
            "reinvestment_rate": 84.85,
            "research_to_sale_ratio": 0.7,
            "price_fair": 39.1,
            "eps_avg_yearly": 1.12,
            "eps_latest_yearly": 2.12,
            "eps_growth_yearly": 79.37
        },
        "20212": {
            "year_quarter": 20212,
            "year": 2021,
            "quarter": 2,
            "eps": 0.59,
            "eps_growth_year": 118.52,
            "eps_4q": 1.81,
            "eps_4q_growth_year": 175.33,
            "roe": 3.55,
            "roe_4q": 11.339999999999998,
            "gross_profit": 602977,
            "gross_margin": 24.46,
            "gross_margin_4q_avg": 22.42,
            "net_income": 280193,
            "revenue": 2464805,
            "common_shares": 4770163,
            "book_valuer_per_share": 16.22,
            "book_valuer_per_share_4q_avg": 15.39,
            "equity": 8048746,
            "current_ratio": 183.49,
            "debt_ratio": 30.15,
            "inventory_turnover_ratio": 0.75,
            "account_receivable_turnover_ratio": 2.01,
            "reinvestment_rate": 57.58,
            "research_to_sale_ratio": 0.72,
            "price_fair": 40,
            "eps_avg_yearly": 1.14,
            "eps_latest_yearly": 2.36,
            "eps_growth_yearly": 66.53
        },
        "20213": {
            "year_quarter": 20213,
            "year": 2021,
            "quarter": 3,
            "eps": 0.59,
            "eps_growth_year": 55.26,
            "eps_4q": 2.02,
            "eps_4q_growth_year": 117.3,
            "roe": 3.53,
            "roe_4q": 12.43,
            "gross_profit": 528418,
            "gross_margin": 23.82,
            "gross_margin_4q_avg": 23.18,
            "net_income": 279308,
            "revenue": 2218441,
            "common_shares": 4770163,
            "book_valuer_per_share": 15.67,
            "book_valuer_per_share_4q_avg": 15.64,
            "equity": 7780403,
            "current_ratio": 168.03,
            "debt_ratio": 31.38,
            "inventory_turnover_ratio": 0.61,
            "account_receivable_turnover_ratio": 1.73,
            "reinvestment_rate": 51.22,
            "research_to_sale_ratio": 0.73,
            "price_fair": 42.5,
            "eps_avg_yearly": 1.21,
            "eps_latest_yearly": 2.36,
            "eps_growth_yearly": 75.67
        },
        "20214": {
            "year_quarter": 20214,
            "year": 2021,
            "quarter": 4,
            "eps": 0.28,
            "eps_growth_year": -10.31,
            "eps_4q": 1.99,
            "eps_4q_growth_year": 70.8,
            "roe": 1.29,
            "roe_4q": 11.760000000000002,
            "gross_profit": 447522,
            "gross_margin": 20.54,
            "gross_margin_4q_avg": 23.18,
            "net_income": 101454,
            "revenue": 2179046,
            "common_shares": 4770163,
            "book_valuer_per_share": 15.98,
            "book_valuer_per_share_4q_avg": 15.87,
            "equity": 7897565,
            "current_ratio": 175.62,
            "debt_ratio": 31.85,
            "inventory_turnover_ratio": 0.57,
            "account_receivable_turnover_ratio": 1.71,
            "reinvestment_rate": 27.07,
            "research_to_sale_ratio": 0.88,
            "price_fair": 43.4,
            "eps_avg_yearly": 1.24,
            "eps_latest_yearly": 1.12,
            "eps_growth_yearly": 73.26
        },
        "20221": {
            "year_quarter": 20221,
            "year": 2022,
            "quarter": 1,
            "eps": 0.68,
            "eps_growth_year": 28.3,
            "eps_4q": 2.14,
            "eps_4q_growth_year": 42.33,
            "roe": 4,
            "roe_4q": 12.370000000000001,
            "gross_profit": 602571,
            "gross_margin": 20.64,
            "gross_margin_4q_avg": 22.37,
            "net_income": 323922,
            "revenue": 2920035,
            "common_shares": 4770163,
            "book_valuer_per_share": 16.79,
            "book_valuer_per_share_4q_avg": 16.17,
            "equity": 8282961,
            "current_ratio": 190.95,
            "debt_ratio": 30.26,
            "inventory_turnover_ratio": 0.74,
            "account_receivable_turnover_ratio": 2.2,
            "reinvestment_rate": 48.07,
            "research_to_sale_ratio": 0.61,
            "price_fair": 48,
            "eps_avg_yearly": 1.37,
            "eps_latest_yearly": 2.72,
            "eps_growth_yearly": 109.57
        },
        "20222": {
            "year_quarter": 20222,
            "year": 2022,
            "quarter": 2,
            "eps": 0.75,
            "eps_growth_year": 27.12,
            "eps_4q": 2.3,
            "eps_4q_growth_year": 26.83,
            "roe": 4.5,
            "roe_4q": 13.319999999999999,
            "gross_profit": 636837,
            "gross_margin": 24.07,
            "gross_margin_4q_avg": 22.27,
            "net_income": 362084,
            "revenue": 2645478,
            "common_shares": 4770163,
            "book_valuer_per_share": 15.81,
            "book_valuer_per_share_4q_avg": 16.06,
            "equity": 7812081,
            "current_ratio": 151.23,
            "debt_ratio": 40.09,
            "inventory_turnover_ratio": 0.58,
            "account_receivable_turnover_ratio": 1.86,
            "reinvestment_rate": 43.26,
            "research_to_sale_ratio": 0.68,
            "price_fair": 51.1,
            "eps_avg_yearly": 1.46,
            "eps_latest_yearly": 3,
            "eps_growth_yearly": 83.94
        },
        "20223": {
            "year_quarter": 20223,
            "year": 2022,
            "quarter": 3,
            "eps": 0.54,
            "eps_growth_year": -8.47,
            "eps_4q": 2.25,
            "eps_4q_growth_year": 11.48,
            "roe": 3.21,
            "roe_4q": 13,
            "gross_profit": 404858,
            "gross_margin": 16.08,
            "gross_margin_4q_avg": 20.33,
            "net_income": 254225,
            "revenue": 2518262,
            "common_shares": 4770163,
            "book_valuer_per_share": 16.29,
            "book_valuer_per_share_4q_avg": 16.22,
            "equity": 8041168,
            "current_ratio": 159.13,
            "debt_ratio": 39.38,
            "inventory_turnover_ratio": 0.54,
            "account_receivable_turnover_ratio": 1.82,
            "reinvestment_rate": -19.85,
            "research_to_sale_ratio": 0.69,
            "price_fair": 54.2,
            "eps_avg_yearly": 1.55,
            "eps_latest_yearly": 2.16,
            "eps_growth_yearly": 89.58
        },
        "20224": {
            "year_quarter": 20224,
            "year": 2022,
            "quarter": 4,
            "eps": 0.3,
            "eps_growth_year": 8.38,
            "eps_4q": 2.27,
            "eps_4q_growth_year": 14.46,
            "roe": 1.7,
            "roe_4q": 13.41,
            "gross_profit": 304228,
            "gross_margin": 12.23,
            "gross_margin_4q_avg": 18.26,
            "net_income": 141092,
            "revenue": 2487451,
            "common_shares": 4770163,
            "book_valuer_per_share": 17.34,
            "book_valuer_per_share_4q_avg": 16.56,
            "equity": 8549684,
            "current_ratio": 174.19,
            "debt_ratio": 35.57,
            "inventory_turnover_ratio": 0.56,
            "account_receivable_turnover_ratio": 1.98,
            "reinvestment_rate": -28.77,
            "research_to_sale_ratio": 0.75,
            "price_fair": 53.39,
            "eps_avg_yearly": 1.53,
            "eps_latest_yearly": 1.2,
            "eps_growth_yearly": 71.75
        },
        "20231": {
            "year_quarter": 20231,
            "year": 2023,
            "quarter": 1,
            "eps": 0.2,
            "eps_growth_year": -70.59,
            "eps_4q": 1.79,
            "eps_4q_growth_year": -16.33,
            "roe": 1.03,
            "roe_4q": 10.44,
            "gross_profit": 306843,
            "gross_margin": 12.45,
            "gross_margin_4q_avg": 16.21,
            "net_income": 88609,
            "revenue": 2464741,
            "common_shares": 4770163,
            "book_valuer_per_share": 17.72,
            "book_valuer_per_share_4q_avg": 16.79,
            "equity": 8724092,
            "current_ratio": 202.34,
            "debt_ratio": 30.53,
            "inventory_turnover_ratio": 0.58,
            "account_receivable_turnover_ratio": 1.97,
            "reinvestment_rate": -30.09,
            "research_to_sale_ratio": 0.58,
            "price_fair": 51.8,
            "eps_avg_yearly": 1.48,
            "eps_latest_yearly": 0.8,
            "eps_growth_yearly": 58.93
        },
        "20232": {
            "year_quarter": 20232,
            "year": 2023,
            "quarter": 2,
            "eps": 0.26,
            "eps_growth_year": -65.33,
            "eps_4q": 1.3,
            "eps_4q_growth_year": -43.49,
            "roe": 1.44,
            "roe_4q": 7.38,
            "gross_profit": 290717,
            "gross_margin": 12.08,
            "gross_margin_4q_avg": 13.21,
            "net_income": 121616,
            "revenue": 2406706,
            "common_shares": 4770163,
            "book_valuer_per_share": 16.55,
            "book_valuer_per_share_4q_avg": 16.98,
            "equity": 8160323,
            "current_ratio": 167.1,
            "debt_ratio": 35.62,
            "inventory_turnover_ratio": 0.62,
            "account_receivable_turnover_ratio": 1.83,
            "reinvestment_rate": -28.45,
            "research_to_sale_ratio": 0.57,
            "price_fair": 53.11,
            "eps_avg_yearly": 1.52,
            "eps_latest_yearly": 1.04,
            "eps_growth_yearly": 71.79
        }
    },
    "months": {
        "2001-06": {
            "month": "2001-06",
            "price": "10.96",
            "revenue": 202124
        },
        "2001-07": {
            "month": "2001-07",
            "price": "10.27",
            "revenue": 205147
        },
        "2001-08": {
            "month": "2001-08",
            "price": "10.55",
            "revenue": 214779
        },
        "2001-09": {
            "month": "2001-09",
            "price": "10.70",
            "revenue": 394511
        },
        "2001-10": {
            "month": "2001-10",
            "price": "10.38",
            "revenue": 358442
        },
        "2001-11": {
            "month": "2001-11",
            "price": "10.54",
            "revenue": 279627
        },
        "2001-12": {
            "month": "2001-12",
            "price": "11.00",
            "revenue": 326719
        },
        "2002-01": {
            "month": "2002-01",
            "price": "11.85",
            "revenue": 249214
        },
        "2002-02": {
            "month": "2002-02",
            "price": "12.59",
            "revenue": 164428
        },
        "2002-03": {
            "month": "2002-03",
            "price": "12.74",
            "revenue": 414458
        },
        "2002-04": {
            "month": "2002-04",
            "price": "15.00",
            "revenue": 183168
        },
        "2002-05": {
            "month": "2002-05",
            "price": "15.03",
            "revenue": 355260
        },
        "2002-06": {
            "month": "2002-06",
            "price": "13.66",
            "revenue": 316254
        },
        "2002-07": {
            "month": "2002-07",
            "price": "13.25",
            "revenue": 265788
        },
        "2002-08": {
            "month": "2002-08",
            "price": "13.05",
            "revenue": 179568
        },
        "2002-09": {
            "month": "2002-09",
            "price": "13.04",
            "revenue": 340345
        },
        "2002-10": {
            "month": "2002-10",
            "price": "12.40",
            "revenue": 235636
        },
        "2002-11": {
            "month": "2002-11",
            "price": "15.79",
            "revenue": 348559
        },
        "2002-12": {
            "month": "2002-12",
            "price": "15.32",
            "revenue": 253999
        },
        "2003-01": {
            "month": "2003-01",
            "price": "15.31",
            "revenue": 266358
        },
        "2003-02": {
            "month": "2003-02",
            "price": "13.94",
            "revenue": 409718
        },
        "2003-03": {
            "month": "2003-03",
            "price": "15.89",
            "revenue": 299152
        },
        "2003-04": {
            "month": "2003-04",
            "price": "16.50",
            "revenue": 333714
        },
        "2003-05": {
            "month": "2003-05",
            "price": "15.60",
            "revenue": 353328
        },
        "2003-06": {
            "month": "2003-06",
            "price": "17.16",
            "revenue": 278204
        },
        "2003-07": {
            "month": "2003-07",
            "price": "17.36",
            "revenue": 383642
        },
        "2003-08": {
            "month": "2003-08",
            "price": "16.45",
            "revenue": 343695
        },
        "2003-09": {
            "month": "2003-09",
            "price": "16.13",
            "revenue": 268790
        },
        "2003-10": {
            "month": "2003-10",
            "price": "15.98",
            "revenue": 336431
        },
        "2003-11": {
            "month": "2003-11",
            "price": "16.02",
            "revenue": 230157
        },
        "2003-12": {
            "month": "2003-12",
            "price": "15.99",
            "revenue": 246734
        },
        "2004-01": {
            "month": "2004-01",
            "price": "16.00",
            "revenue": 273592
        },
        "2004-02": {
            "month": "2004-02",
            "price": "16.84",
            "revenue": 310373
        },
        "2004-03": {
            "month": "2004-03",
            "price": "15.12",
            "revenue": 359010
        },
        "2004-04": {
            "month": "2004-04",
            "price": "13.78",
            "revenue": 304196
        },
        "2004-05": {
            "month": "2004-05",
            "price": "12.60",
            "revenue": 258973
        },
        "2004-06": {
            "month": "2004-06",
            "price": "12.74",
            "revenue": 348605
        },
        "2004-07": {
            "month": "2004-07",
            "price": "12.83",
            "revenue": 339635
        },
        "2004-08": {
            "month": "2004-08",
            "price": "12.16",
            "revenue": 516502
        },
        "2004-09": {
            "month": "2004-09",
            "price": "12.10",
            "revenue": 392724
        },
        "2004-10": {
            "month": "2004-10",
            "price": "12.04",
            "revenue": 264690
        },
        "2004-11": {
            "month": "2004-11",
            "price": "11.83",
            "revenue": 326231
        },
        "2004-12": {
            "month": "2004-12",
            "price": "11.72",
            "revenue": 471650
        },
        "2005-01": {
            "month": "2005-01",
            "price": "11.27",
            "revenue": 262052
        },
        "2005-02": {
            "month": "2005-02",
            "price": "10.68",
            "revenue": 274490
        },
        "2005-03": {
            "month": "2005-03",
            "price": "10.67",
            "revenue": 466619
        },
        "2005-04": {
            "month": "2005-04",
            "price": "10.70",
            "revenue": 348554
        },
        "2005-05": {
            "month": "2005-05",
            "price": "10.68",
            "revenue": 441385
        },
        "2005-06": {
            "month": "2005-06",
            "price": "11.17",
            "revenue": 405948
        },
        "2005-07": {
            "month": "2005-07",
            "price": "11.06",
            "revenue": 444015
        },
        "2005-08": {
            "month": "2005-08",
            "price": "10.66",
            "revenue": 439730
        },
        "2005-09": {
            "month": "2005-09",
            "price": "10.82",
            "revenue": 507165
        },
        "2005-10": {
            "month": "2005-10",
            "price": "10.84",
            "revenue": 521177
        },
        "2005-11": {
            "month": "2005-11",
            "price": "10.94",
            "revenue": 511082
        },
        "2005-12": {
            "month": "2005-12",
            "price": "11.38",
            "revenue": 243181
        },
        "2006-01": {
            "month": "2006-01",
            "price": "11.32",
            "revenue": 318815
        },
        "2006-02": {
            "month": "2006-02",
            "price": "11.26",
            "revenue": 494144
        },
        "2006-03": {
            "month": "2006-03",
            "price": "11.24",
            "revenue": 366589
        },
        "2006-04": {
            "month": "2006-04",
            "price": "11.64",
            "revenue": 620504
        },
        "2006-05": {
            "month": "2006-05",
            "price": "12.88",
            "revenue": 344168
        },
        "2006-06": {
            "month": "2006-06",
            "price": "12.43",
            "revenue": 605627
        },
        "2006-07": {
            "month": "2006-07",
            "price": "12.26",
            "revenue": 516416
        },
        "2006-08": {
            "month": "2006-08",
            "price": "11.31",
            "revenue": 485820
        },
        "2006-09": {
            "month": "2006-09",
            "price": "11.14",
            "revenue": 730253
        },
        "2006-10": {
            "month": "2006-10",
            "price": "11.78",
            "revenue": 422076
        },
        "2006-11": {
            "month": "2006-11",
            "price": "11.85",
            "revenue": 510095
        },
        "2006-12": {
            "month": "2006-12",
            "price": "12.34",
            "revenue": 481448
        },
        "2007-01": {
            "month": "2007-01",
            "price": "12.52",
            "revenue": 737760
        },
        "2007-02": {
            "month": "2007-02",
            "price": "12.56",
            "revenue": 413152
        },
        "2007-03": {
            "month": "2007-03",
            "price": "12.88",
            "revenue": 726001
        },
        "2007-04": {
            "month": "2007-04",
            "price": "14.24",
            "revenue": 645490
        },
        "2007-05": {
            "month": "2007-05",
            "price": "13.49",
            "revenue": 792317
        },
        "2007-06": {
            "month": "2007-06",
            "price": "13.88",
            "revenue": 596530
        },
        "2007-07": {
            "month": "2007-07",
            "price": "15.64",
            "revenue": 526077
        },
        "2007-08": {
            "month": "2007-08",
            "price": "13.42",
            "revenue": 563137
        },
        "2007-09": {
            "month": "2007-09",
            "price": "13.15",
            "revenue": 655518
        },
        "2007-10": {
            "month": "2007-10",
            "price": "13.57",
            "revenue": 519965
        },
        "2007-11": {
            "month": "2007-11",
            "price": "12.49",
            "revenue": 639990
        },
        "2007-12": {
            "month": "2007-12",
            "price": "12.11",
            "revenue": 653212
        },
        "2008-01": {
            "month": "2008-01",
            "price": "11.90",
            "revenue": 659285
        },
        "2008-02": {
            "month": "2008-02",
            "price": "12.43",
            "revenue": 560865
        },
        "2008-03": {
            "month": "2008-03",
            "price": "13.52",
            "revenue": 827274
        },
        "2008-04": {
            "month": "2008-04",
            "price": "15.75",
            "revenue": 687270
        },
        "2008-05": {
            "month": "2008-05",
            "price": "18.23",
            "revenue": 740842
        },
        "2008-06": {
            "month": "2008-06",
            "price": "14.95",
            "revenue": 942726
        },
        "2008-07": {
            "month": "2008-07",
            "price": "13.33",
            "revenue": 821540
        },
        "2008-08": {
            "month": "2008-08",
            "price": "13.35",
            "revenue": 694591
        },
        "2008-09": {
            "month": "2008-09",
            "price": "11.43",
            "revenue": 897374
        },
        "2008-10": {
            "month": "2008-10",
            "price": "9.97",
            "revenue": 640677
        },
        "2008-11": {
            "month": "2008-11",
            "price": "10.58",
            "revenue": 348315
        },
        "2008-12": {
            "month": "2008-12",
            "price": "10.13",
            "revenue": 577066
        },
        "2009-01": {
            "month": "2009-01",
            "price": "9.97",
            "revenue": 520760
        },
        "2009-02": {
            "month": "2009-02",
            "price": "9.92",
            "revenue": 358413
        },
        "2009-03": {
            "month": "2009-03",
            "price": "10.31",
            "revenue": 520865
        },
        "2009-04": {
            "month": "2009-04",
            "price": "11.20",
            "revenue": 599689
        },
        "2009-05": {
            "month": "2009-05",
            "price": "11.86",
            "revenue": 785800
        },
        "2009-06": {
            "month": "2009-06",
            "price": "11.96",
            "revenue": 620266
        },
        "2009-07": {
            "month": "2009-07",
            "price": "11.81",
            "revenue": 535331
        },
        "2009-08": {
            "month": "2009-08",
            "price": "12.16",
            "revenue": 485730
        },
        "2009-09": {
            "month": "2009-09",
            "price": "12.28",
            "revenue": 720612
        },
        "2009-10": {
            "month": "2009-10",
            "price": "12.69",
            "revenue": 546293
        },
        "2009-11": {
            "month": "2009-11",
            "price": "12.69",
            "revenue": 630315
        },
        "2009-12": {
            "month": "2009-12",
            "price": "13.16",
            "revenue": 469803
        },
        "2010-01": {
            "month": "2010-01",
            "price": "14.15",
            "revenue": 688354
        },
        "2010-02": {
            "month": "2010-02",
            "price": "13.11",
            "revenue": 536240
        },
        "2010-03": {
            "month": "2010-03",
            "price": "14.00",
            "revenue": 881102
        },
        "2010-04": {
            "month": "2010-04",
            "price": "14.84",
            "revenue": 775673
        },
        "2010-05": {
            "month": "2010-05",
            "price": "14.33",
            "revenue": 877945
        },
        "2010-06": {
            "month": "2010-06",
            "price": "14.10",
            "revenue": 684959
        },
        "2010-07": {
            "month": "2010-07",
            "price": "15.21",
            "revenue": 953677
        },
        "2010-08": {
            "month": "2010-08",
            "price": "17.87",
            "revenue": 632721
        },
        "2010-09": {
            "month": "2010-09",
            "price": "17.00",
            "revenue": 910341
        },
        "2010-10": {
            "month": "2010-10",
            "price": "17.17",
            "revenue": 755168
        },
        "2010-11": {
            "month": "2010-11",
            "price": "16.80",
            "revenue": 669923
        },
        "2010-12": {
            "month": "2010-12",
            "price": "16.92",
            "revenue": 635375
        },
        "2011-01": {
            "month": "2011-01",
            "price": "17.20",
            "revenue": 778358
        },
        "2011-02": {
            "month": "2011-02",
            "price": "16.76",
            "revenue": 777169
        },
        "2011-03": {
            "month": "2011-03",
            "price": "16.62",
            "revenue": 954334
        },
        "2011-04": {
            "month": "2011-04",
            "price": "18.21",
            "revenue": 903441
        },
        "2011-05": {
            "month": "2011-05",
            "price": "18.49",
            "revenue": 1168803
        },
        "2011-06": {
            "month": "2011-06",
            "price": "19.05",
            "revenue": 868480
        },
        "2011-07": {
            "month": "2011-07",
            "price": "21.22",
            "revenue": 812257
        },
        "2011-08": {
            "month": "2011-08",
            "price": "20.82",
            "revenue": 808376
        },
        "2011-09": {
            "month": "2011-09",
            "price": "18.16",
            "revenue": 681186
        },
        "2011-10": {
            "month": "2011-10",
            "price": "17.96",
            "revenue": 927290
        },
        "2011-11": {
            "month": "2011-11",
            "price": "19.37",
            "revenue": 1221684
        },
        "2011-12": {
            "month": "2011-12",
            "price": "19.79",
            "revenue": 769429
        },
        "2012-01": {
            "month": "2012-01",
            "price": "19.88",
            "revenue": 790119
        },
        "2012-02": {
            "month": "2012-02",
            "price": "21.66",
            "revenue": 911815
        },
        "2012-03": {
            "month": "2012-03",
            "price": "21.67",
            "revenue": 1139762
        },
        "2012-04": {
            "month": "2012-04",
            "price": "21.31",
            "revenue": 851913
        },
        "2012-05": {
            "month": "2012-05",
            "price": "20.74",
            "revenue": 919189
        },
        "2012-06": {
            "month": "2012-06",
            "price": "20.32",
            "revenue": 729293
        },
        "2012-07": {
            "month": "2012-07",
            "price": "20.33",
            "revenue": 1009675
        },
        "2012-08": {
            "month": "2012-08",
            "price": "20.28",
            "revenue": 821411
        },
        "2012-09": {
            "month": "2012-09",
            "price": "17.85",
            "revenue": 801524
        },
        "2012-10": {
            "month": "2012-10",
            "price": "17.22",
            "revenue": 758997
        },
        "2012-11": {
            "month": "2012-11",
            "price": "16.20",
            "revenue": 645448
        },
        "2012-12": {
            "month": "2012-12",
            "price": "16.35",
            "revenue": 412760
        },
        "2013-01": {
            "month": "2013-01",
            "price": "16.21",
            "revenue": 999045
        },
        "2013-02": {
            "month": "2013-02",
            "price": "15.91",
            "revenue": 654163
        },
        "2013-03": {
            "month": "2013-03",
            "price": "15.96",
            "revenue": 1383861
        },
        "2013-04": {
            "month": "2013-04",
            "price": "14.87",
            "revenue": 996779
        },
        "2013-05": {
            "month": "2013-05",
            "price": "15.06",
            "revenue": 1050822
        },
        "2013-06": {
            "month": "2013-06",
            "price": "14.58",
            "revenue": 1044421
        },
        "2013-07": {
            "month": "2013-07",
            "price": "14.47",
            "revenue": 961786
        },
        "2013-08": {
            "month": "2013-08",
            "price": "14.31",
            "revenue": 739823
        },
        "2013-09": {
            "month": "2013-09",
            "price": "13.85",
            "revenue": 896161
        },
        "2013-10": {
            "month": "2013-10",
            "price": "14.21",
            "revenue": 1047152
        },
        "2013-11": {
            "month": "2013-11",
            "price": "13.96",
            "revenue": 844148
        },
        "2013-12": {
            "month": "2013-12",
            "price": "14.09",
            "revenue": 704180
        },
        "2014-01": {
            "month": "2014-01",
            "price": "14.63",
            "revenue": 1124683
        },
        "2014-02": {
            "month": "2014-02",
            "price": "15.01",
            "revenue": 793049
        },
        "2014-03": {
            "month": "2014-03",
            "price": "14.89",
            "revenue": 1130636
        },
        "2014-04": {
            "month": "2014-04",
            "price": "14.86",
            "revenue": 936372
        },
        "2014-05": {
            "month": "2014-05",
            "price": "14.59",
            "revenue": 812617
        },
        "2014-06": {
            "month": "2014-06",
            "price": "14.67",
            "revenue": 964027
        },
        "2014-07": {
            "month": "2014-07",
            "price": "14.71",
            "revenue": 920800
        },
        "2014-08": {
            "month": "2014-08",
            "price": "14.56",
            "revenue": 959437
        },
        "2014-09": {
            "month": "2014-09",
            "price": "13.93",
            "revenue": 1072378
        },
        "2014-10": {
            "month": "2014-10",
            "price": "12.99",
            "revenue": 886533
        },
        "2014-11": {
            "month": "2014-11",
            "price": "12.05",
            "revenue": 804077
        },
        "2014-12": {
            "month": "2014-12",
            "price": "12.18",
            "revenue": 670976
        },
        "2015-01": {
            "month": "2015-01",
            "price": "12.22",
            "revenue": 1041910
        },
        "2015-02": {
            "month": "2015-02",
            "price": "12.23",
            "revenue": 653607
        },
        "2015-03": {
            "month": "2015-03",
            "price": "12.60",
            "revenue": 1017743
        },
        "2015-04": {
            "month": "2015-04",
            "price": "12.80",
            "revenue": 944681
        },
        "2015-05": {
            "month": "2015-05",
            "price": "13.46",
            "revenue": 1021892
        },
        "2015-06": {
            "month": "2015-06",
            "price": "13.46",
            "revenue": 698297
        },
        "2015-07": {
            "month": "2015-07",
            "price": "13.22",
            "revenue": 714073
        },
        "2015-08": {
            "month": "2015-08",
            "price": "13.06",
            "revenue": 601944
        },
        "2015-09": {
            "month": "2015-09",
            "price": "13.36",
            "revenue": 604174
        },
        "2015-10": {
            "month": "2015-10",
            "price": "15.12",
            "revenue": 820206
        },
        "2015-11": {
            "month": "2015-11",
            "price": "14.99",
            "revenue": 616759
        },
        "2015-12": {
            "month": "2015-12",
            "price": "14.90",
            "revenue": 726775
        },
        "2016-01": {
            "month": "2016-01",
            "price": "14.44",
            "revenue": 884392
        },
        "2016-02": {
            "month": "2016-02",
            "price": "15.21",
            "revenue": 755036
        },
        "2016-03": {
            "month": "2016-03",
            "price": "16.46",
            "revenue": 780469
        },
        "2016-04": {
            "month": "2016-04",
            "price": "15.99",
            "revenue": 705620
        },
        "2016-05": {
            "month": "2016-05",
            "price": "15.66",
            "revenue": 865249
        },
        "2016-06": {
            "month": "2016-06",
            "price": "16.32",
            "revenue": 755641
        },
        "2016-07": {
            "month": "2016-07",
            "price": "17.56",
            "revenue": 557546
        },
        "2016-08": {
            "month": "2016-08",
            "price": "17.26",
            "revenue": 664407
        },
        "2016-09": {
            "month": "2016-09",
            "price": "16.38",
            "revenue": 570230
        },
        "2016-10": {
            "month": "2016-10",
            "price": "16.82",
            "revenue": 714026
        },
        "2016-11": {
            "month": "2016-11",
            "price": "16.77",
            "revenue": 566559
        },
        "2016-12": {
            "month": "2016-12",
            "price": "16.98",
            "revenue": 753396
        },
        "2017-01": {
            "month": "2017-01",
            "price": "17.00",
            "revenue": 723449
        },
        "2017-02": {
            "month": "2017-02",
            "price": "17.93",
            "revenue": 731671
        },
        "2017-03": {
            "month": "2017-03",
            "price": "18.72",
            "revenue": 900868
        },
        "2017-04": {
            "month": "2017-04",
            "price": "20.42",
            "revenue": 746504
        },
        "2017-05": {
            "month": "2017-05",
            "price": "19.94",
            "revenue": 823902
        },
        "2017-06": {
            "month": "2017-06",
            "price": "19.95",
            "revenue": 591149
        },
        "2017-07": {
            "month": "2017-07",
            "price": "19.75",
            "revenue": 654286
        },
        "2017-08": {
            "month": "2017-08",
            "price": "19.87",
            "revenue": 617207
        },
        "2017-09": {
            "month": "2017-09",
            "price": "18.30",
            "revenue": 764357
        },
        "2017-10": {
            "month": "2017-10",
            "price": "18.29",
            "revenue": 892244
        },
        "2017-11": {
            "month": "2017-11",
            "price": "18.32",
            "revenue": 646078
        },
        "2017-12": {
            "month": "2017-12",
            "price": "18.21",
            "revenue": 693882
        },
        "2018-01": {
            "month": "2018-01",
            "price": "18.17",
            "revenue": 756509
        },
        "2018-02": {
            "month": "2018-02",
            "price": "17.72",
            "revenue": 908344
        },
        "2018-03": {
            "month": "2018-03",
            "price": "18.28",
            "revenue": 785284
        },
        "2018-04": {
            "month": "2018-04",
            "price": "18.80",
            "revenue": 801132
        },
        "2018-05": {
            "month": "2018-05",
            "price": "18.83",
            "revenue": 1022035
        },
        "2018-06": {
            "month": "2018-06",
            "price": "18.94",
            "revenue": 986237
        },
        "2018-07": {
            "month": "2018-07",
            "price": "18.95",
            "revenue": 789127
        },
        "2018-08": {
            "month": "2018-08",
            "price": "18.73",
            "revenue": 783840
        },
        "2018-09": {
            "month": "2018-09",
            "price": "17.80",
            "revenue": 835872
        },
        "2018-10": {
            "month": "2018-10",
            "price": "17.38",
            "revenue": 849894
        },
        "2018-11": {
            "month": "2018-11",
            "price": "16.39",
            "revenue": 691627
        },
        "2018-12": {
            "month": "2018-12",
            "price": "15.92",
            "revenue": 572780
        },
        "2019-01": {
            "month": "2019-01",
            "price": "15.05",
            "revenue": 620853
        },
        "2019-02": {
            "month": "2019-02",
            "price": "15.10",
            "revenue": 597558
        },
        "2019-03": {
            "month": "2019-03",
            "price": "15.08",
            "revenue": 788025
        },
        "2019-04": {
            "month": "2019-04",
            "price": "14.11",
            "revenue": 748893
        },
        "2019-05": {
            "month": "2019-05",
            "price": "13.82",
            "revenue": 802920
        },
        "2019-06": {
            "month": "2019-06",
            "price": "13.44",
            "revenue": 619231
        },
        "2019-07": {
            "month": "2019-07",
            "price": "13.56",
            "revenue": 897872
        },
        "2019-08": {
            "month": "2019-08",
            "price": "13.14",
            "revenue": 789959
        },
        "2019-09": {
            "month": "2019-09",
            "price": "12.92",
            "revenue": 663080
        },
        "2019-10": {
            "month": "2019-10",
            "price": "12.86",
            "revenue": 860765
        },
        "2019-11": {
            "month": "2019-11",
            "price": "13.16",
            "revenue": 581696
        },
        "2019-12": {
            "month": "2019-12",
            "price": "12.97",
            "revenue": 826445
        },
        "2020-01": {
            "month": "2020-01",
            "price": "12.93",
            "revenue": 771316
        },
        "2020-02": {
            "month": "2020-02",
            "price": "13.65",
            "revenue": 825763
        },
        "2020-03": {
            "month": "2020-03",
            "price": "12.85",
            "revenue": 760650
        },
        "2020-04": {
            "month": "2020-04",
            "price": "12.46",
            "revenue": 660616
        },
        "2020-05": {
            "month": "2020-05",
            "price": "13.07",
            "revenue": 565530
        },
        "2020-06": {
            "month": "2020-06",
            "price": "13.32",
            "revenue": 807252
        },
        "2020-07": {
            "month": "2020-07",
            "price": "13.65",
            "revenue": 677623
        },
        "2020-08": {
            "month": "2020-08",
            "price": "14.29",
            "revenue": 617786
        },
        "2020-09": {
            "month": "2020-09",
            "price": "14.12",
            "revenue": 824520
        },
        "2020-10": {
            "month": "2020-10",
            "price": "13.98",
            "revenue": 599376
        },
        "2020-11": {
            "month": "2020-11",
            "price": "14.33",
            "revenue": 710664
        },
        "2020-12": {
            "month": "2020-12",
            "price": "15.24",
            "revenue": 661970
        },
        "2021-01": {
            "month": "2021-01",
            "price": "14.60",
            "revenue": 813366
        },
        "2021-02": {
            "month": "2021-02",
            "price": "14.38",
            "revenue": 642191
        },
        "2021-03": {
            "month": "2021-03",
            "price": "15.42",
            "revenue": 884697
        },
        "2021-04": {
            "month": "2021-04",
            "price": "18.00",
            "revenue": 754119
        },
        "2021-05": {
            "month": "2021-05",
            "price": "17.80",
            "revenue": 899382
        },
        "2021-06": {
            "month": "2021-06",
            "price": "20.65",
            "revenue": 812640
        },
        "2021-07": {
            "month": "2021-07",
            "price": "21.18",
            "revenue": 619917
        },
        "2021-08": {
            "month": "2021-08",
            "price": "20.20",
            "revenue": 785104
        },
        "2021-09": {
            "month": "2021-09",
            "price": "19.71",
            "revenue": 813711
        },
        "2021-10": {
            "month": "2021-10",
            "price": "20.55",
            "revenue": 731574
        },
        "2021-11": {
            "month": "2021-11",
            "price": "22.50",
            "revenue": 778859
        },
        "2021-12": {
            "month": "2021-12",
            "price": "22.36",
            "revenue": 667984
        },
        "2022-01": {
            "month": "2022-01",
            "price": "24.17",
            "revenue": 1107155
        },
        "2022-02": {
            "month": "2022-02",
            "price": "27.48",
            "revenue": 777063
        },
        "2022-03": {
            "month": "2022-03",
            "price": "27.72",
            "revenue": 1036062
        },
        "2022-04": {
            "month": "2022-04",
            "price": "27.60",
            "revenue": 774773
        },
        "2022-05": {
            "month": "2022-05",
            "price": "25.65",
            "revenue": 1083349
        },
        "2022-06": {
            "month": "2022-06",
            "price": "24.82",
            "revenue": 787545
        },
        "2022-07": {
            "month": "2022-07",
            "price": "22.93",
            "revenue": 868527
        },
        "2022-08": {
            "month": "2022-08",
            "price": "24.89",
            "revenue": 874460
        },
        "2022-09": {
            "month": "2022-09",
            "price": "23.89",
            "revenue": 775534
        },
        "2022-10": {
            "month": "2022-10",
            "price": "21.23",
            "revenue": 1098776
        },
        "2022-11": {
            "month": "2022-11",
            "price": "22.08",
            "revenue": 757570
        },
        "2022-12": {
            "month": "2022-12",
            "price": "22.64",
            "revenue": 631094
        },
        "2023-01": {
            "month": "2023-01",
            "price": "22.58",
            "revenue": 739306
        },
        "2023-02": {
            "month": "2023-02",
            "price": "23.40",
            "revenue": 695861
        },
        "2023-03": {
            "month": "2023-03",
            "price": "24.96",
            "revenue": 1030003
        },
        "2023-04": {
            "month": "2023-04",
            "price": "25.91",
            "revenue": 998136
        },
        "2023-05": {
            "month": "2023-05",
            "price": "25.89",
            "revenue": 654799
        },
        "2023-06": {
            "month": "2023-06",
            "price": "24.91",
            "revenue": 752930
        },
        "2023-07": {
            "month": "2023-07",
            "price": "24.91",
            "revenue": 631537
        },
        "2023-08": {
            "month": "2023-08",
            "price": "23.66",
            "revenue": 853507
        }
    }
}
