{
    "summary": {
        "stock_name": "東聯",
        "stock_id": "1710",
        "category": "化工",
        "main_business": "乙二醇,二乙二醇及環氧乙烷製造與買賣<br>氣氧,液氧,氣氮,液氮,液氬及壓縮空氣之製造與買賣<br>乙醇胺,碳酸乙烯脂,聚乙二醇及脂肪醇聚氧乙烯醚之製造與買賣",
        "website_url": "http://www.oucc.com.tw",
        "ceo": "蔡錫津",
        "pe_ratio": 27,
        "report_year_from": 2001,
        "report_year_to": 2023,
        "age": 22,
        "eps_negative_percentage": 13,
        "eps_growth_avg": {
            "last_all": -15.45,
            "last_2y": -97.57,
            "last_4y": -73.16,
            "last_8y": -80.62,
            "last_12y": -45.59,
            "last_16y": -33.35,
            "last_20y": -15.45,
            "at_2006_last_3y": 16.71,
            "at_2007_last_3y": 6.36,
            "at_2008_last_3y": -15.34,
            "at_2009_last_3y": -2.74,
            "at_2010_last_3y": 18.69,
            "at_2011_last_3y": 14.35,
            "at_2012_last_3y": 11.95,
            "at_2013_last_3y": 6.94,
            "at_2014_last_3y": -27.49,
            "at_2015_last_3y": -61.86,
            "at_2016_last_3y": -61.73,
            "at_2017_last_3y": -95.52,
            "at_2018_last_3y": -49.75,
            "at_2019_last_3y": -48.75,
            "at_2020_last_3y": -65.84,
            "at_2021_last_3y": -65.84,
            "at_2022_last_3y": -97.72,
            "at_2023_last_3y": -97.72,
            "at_2006_last_all": 29.96,
            "at_2007_last_all": 34.11,
            "at_2008_last_all": 21.72,
            "at_2009_last_all": 22.24,
            "at_2010_last_all": 24.95,
            "at_2011_last_all": 26.21,
            "at_2012_last_all": 18.17,
            "at_2013_last_all": 17.14,
            "at_2014_last_all": 8.82,
            "at_2015_last_all": 1.04,
            "at_2016_last_all": 1.04,
            "at_2017_last_all": 1.04,
            "at_2018_last_all": 1.01,
            "at_2019_last_all": -5.18,
            "at_2020_last_all": -10.76,
            "at_2021_last_all": -10.76,
            "at_2022_last_all": -15.45,
            "at_2023_last_all": -15.45
        },
        "latest_eps": 0.85,
        "latest_price": 22.65,
        "latest_roe": -0.21,
        "latest_gross_margin": 2.62,
        "latest_equity": 14920840,
        "latest_revenue": 5224684,
        "latest_gross_profit": 136992,
        "latest_net_income": 496884,
        "latest_debt_ratio": 57.52,
        "latest_current_ratio": 68.64,
        "latest_account_receivable_turnover_ratio": 4.72,
        "latest_inventory_turnover_ratio": 4.33,
        "latest_reinvestment_rate": -974.25,
        "latest_research_to_sale_ratio": 0.97
    },
    "eps_dividends": {
        "1989": {
            "cash": 0,
            "stock": 0.8,
            "eps": 0
        },
        "1990": {
            "cash": 1.8,
            "stock": 1.8,
            "eps": 0
        },
        "1991": {
            "cash": 0,
            "stock": 0.8,
            "eps": 0
        },
        "1992": {
            "cash": 0,
            "stock": 0.5,
            "eps": 0
        },
        "1993": {
            "cash": 0,
            "stock": 0.3,
            "eps": 0
        },
        "1995": {
            "cash": 0,
            "stock": 0.5,
            "eps": 0
        },
        "2000": {
            "cash": 0.8,
            "stock": 0.8,
            "eps": 0
        },
        "2001": {
            "cash": 0,
            "stock": 0,
            "eps": 0.88
        },
        "2002": {
            "cash": 0.6,
            "stock": 0,
            "eps": 1.61
        },
        "2003": {
            "cash": 0.6,
            "stock": 0.8,
            "eps": 3.16
        },
        "2004": {
            "cash": 1.5,
            "stock": 1.5,
            "eps": 4.24
        },
        "2005": {
            "cash": 2.5,
            "stock": 1,
            "eps": 3.2
        },
        "2006": {
            "cash": 2,
            "stock": 0.3,
            "eps": 1.95
        },
        "2007": {
            "cash": 1.5,
            "stock": 0.2,
            "eps": 3.02
        },
        "2008": {
            "cash": 2.2,
            "stock": 0.2,
            "eps": 1.43
        },
        "2009": {
            "cash": 2.7,
            "stock": 0,
            "eps": 1.8
        },
        "2010": {
            "cash": 0,
            "stock": 0,
            "eps": 2.64
        },
        "2011": {
            "cash": 4.4,
            "stock": 1,
            "eps": 3.63
        },
        "2012": {
            "cash": 0,
            "stock": 0,
            "eps": 1.37
        },
        "2013": {
            "cash": 1.2,
            "stock": 0,
            "eps": 1.45
        },
        "2014": {
            "cash": 1.2,
            "stock": 0,
            "eps": 0.13
        },
        "2015": {
            "cash": 1,
            "stock": 0,
            "eps": -0.13
        },
        "2016": {
            "cash": 0.5,
            "stock": 0,
            "eps": -0.65
        },
        "2017": {
            "cash": 0.2,
            "stock": 0,
            "eps": 2
        },
        "2018": {
            "cash": 1.75,
            "stock": 0,
            "eps": 2.01
        },
        "2019": {
            "cash": 1.75,
            "stock": 0,
            "eps": 0.04
        },
        "2020": {
            "cash": 0.3,
            "stock": 0,
            "eps": -1.22
        },
        "2021": {
            "cash": 0,
            "stock": 0,
            "eps": 1.03
        },
        "2022": {
            "cash": 0.7,
            "stock": 0,
            "eps": 0.05
        },
        "2023": {
            "cash": 0.2,
            "stock": 0,
            "eps": 0.72
        }
    },
    "dividends": {
        "1989-05-30": {
            "cash": 0,
            "stock": 0.8
        },
        "1990-03-22": {
            "cash": 1.8,
            "stock": 1.8
        },
        "1991-05-30": {
            "cash": 0,
            "stock": 0.8
        },
        "1992-04-17": {
            "cash": 0,
            "stock": 0.5
        },
        "1993-05-27": {
            "cash": 0,
            "stock": 0.3
        },
        "1995-04-19": {
            "cash": 0,
            "stock": 0.5
        },
        "2000-03-10": {
            "cash": 0.8,
            "stock": 0.8
        },
        "2002-05-24": {
            "cash": 0.6,
            "stock": 0
        },
        "2003-03-05": {
            "cash": 0.6,
            "stock": 0.8
        },
        "2004-02-23": {
            "cash": 1.5,
            "stock": 1.5
        },
        "2005-03-10": {
            "cash": 2.5,
            "stock": 1
        },
        "2006-03-10": {
            "cash": 2,
            "stock": 0.3
        },
        "2007-06-01": {
            "cash": 1.5,
            "stock": 0.2
        },
        "2008-03-20": {
            "cash": 2.2,
            "stock": 0.2
        },
        "2009-03-12": {
            "cash": 1,
            "stock": 0
        },
        "2009-03-15": {
            "cash": 1.7,
            "stock": 0
        },
        "2011-01-01": {
            "cash": 2,
            "stock": 1
        },
        "2011-03-11": {
            "cash": 2.4,
            "stock": 0
        },
        "2013-03-15": {
            "cash": 1.2,
            "stock": 0
        },
        "2014-06-06": {
            "cash": 1.2,
            "stock": 0
        },
        "2015-07-30": {
            "cash": 1,
            "stock": 0
        },
        "2016-07-29": {
            "cash": 0.5,
            "stock": 0
        },
        "2017-07-28": {
            "cash": 0.2,
            "stock": 0
        },
        "2018-07-27": {
            "cash": 1.75,
            "stock": 0
        },
        "2019-07-24": {
            "cash": 1.75,
            "stock": 0
        },
        "2020-08-06": {
            "cash": 0.3,
            "stock": 0
        },
        "2022-07-28": {
            "cash": 0.7,
            "stock": 0
        },
        "2023-07-28": {
            "cash": 0.2,
            "stock": 0
        }
    },
    "prices": {
        "200101": "10.86",
        "200102": "10.97",
        "200103": "10.57",
        "200104": "9.78",
        "200105": "8.75",
        "200106": "8.03",
        "200107": "6.99",
        "200108": "8.31",
        "200109": "8.63",
        "200110": "8.39",
        "200111": "8.86",
        "200112": "10.58",
        "200201": "11.79",
        "200202": "10.89",
        "200203": "15.89",
        "200204": "23.60",
        "200205": "20.93",
        "200206": "20.42",
        "200207": "23.39",
        "200208": "24.80",
        "200209": "21.90",
        "200210": "19.63",
        "200211": "24.48",
        "200212": "30.50",
        "200301": "39.77",
        "200302": "37.15",
        "200303": "35.10",
        "200304": "34.10",
        "200305": "33.56",
        "200306": "35.75",
        "200307": "37.10",
        "200308": "38.52",
        "200309": "37.42",
        "200310": "41.97",
        "200311": "42.18",
        "200312": "42.53",
        "200401": "45.15",
        "200402": "42.40",
        "200403": "40.44",
        "200404": "41.10",
        "200405": "34.70",
        "200406": "33.59",
        "200407": "31.72",
        "200408": "30.80",
        "200409": "36.46",
        "200410": "36.78",
        "200411": "33.95",
        "200412": "34.23",
        "200501": "33.73",
        "200502": "33.36",
        "200503": "33.38",
        "200504": "30.92",
        "200505": "29.42",
        "200506": "30.11",
        "200507": "29.47",
        "200508": "25.12",
        "200509": "22.27",
        "200510": "22.02",
        "200511": "22.15",
        "200512": "21.70",
        "200601": "21.60",
        "200602": "21.76",
        "200603": "20.60",
        "200604": "21.64",
        "200605": "21.74",
        "200606": "20.85",
        "200607": "19.35",
        "200608": "18.17",
        "200609": "18.11",
        "200610": "20.15",
        "200611": "20.37",
        "200612": "21.40",
        "200701": "21.23",
        "200702": "21.89",
        "200703": "22.63",
        "200704": "26.04",
        "200705": "26.13",
        "200706": "27.50",
        "200707": "29.51",
        "200708": "29.15",
        "200709": "39.29",
        "200710": "48.75",
        "200711": "42.17",
        "200712": "37.62",
        "200801": "32.28",
        "200802": "28.90",
        "200803": "32.96",
        "200804": "33.19",
        "200805": "41.39",
        "200806": "38.73",
        "200807": "30.81",
        "200808": "23.81",
        "200809": "19.41",
        "200810": "14.63",
        "200811": "13.62",
        "200812": "13.99",
        "200901": "13.69",
        "200902": "13.64",
        "200903": "15.08",
        "200904": "17.62",
        "200905": "18.71",
        "200906": "20.19",
        "200907": "19.29",
        "200908": "19.36",
        "200909": "20.12",
        "200910": "23.27",
        "200911": "23.94",
        "200912": "25.15",
        "201001": "27.44",
        "201002": "24.60",
        "201003": "26.05",
        "201004": "27.52",
        "201005": "24.68",
        "201006": "23.53",
        "201007": "23.87",
        "201008": "25.14",
        "201009": "26.15",
        "201010": "30.93",
        "201011": "33.33",
        "201012": "36.43",
        "201101": "39.44",
        "201102": "43.84",
        "201103": "41.84",
        "201104": "39.17",
        "201105": "40.77",
        "201106": "42.34",
        "201107": "47.36",
        "201108": "48.39",
        "201109": "42.90",
        "201110": "37.79",
        "201111": "40.58",
        "201112": "38.11",
        "201201": "40.09",
        "201202": "42.17",
        "201203": "39.26",
        "201204": "36.58",
        "201205": "35.60",
        "201206": "35.06",
        "201207": "37.59",
        "201208": "34.70",
        "201209": "33.86",
        "201210": "33.17",
        "201211": "34.04",
        "201212": "34.82",
        "201301": "35.03",
        "201302": "33.95",
        "201303": "31.69",
        "201304": "31.47",
        "201305": "31.90",
        "201306": "28.91",
        "201307": "28.55",
        "201308": "29.19",
        "201309": "29.62",
        "201310": "31.28",
        "201311": "30.68",
        "201312": "31.96",
        "201401": "31.33",
        "201402": "30.44",
        "201403": "29.97",
        "201404": "30.48",
        "201405": "29.77",
        "201406": "30.44",
        "201407": "30.54",
        "201408": "28.12",
        "201409": "26.78",
        "201410": "23.42",
        "201411": "23.19",
        "201412": "25.15",
        "201501": "28.12",
        "201502": "28.62",
        "201503": "28.22",
        "201504": "27.08",
        "201505": "26.36",
        "201506": "24.89",
        "201507": "21.38",
        "201508": "21.82",
        "201509": "24.46",
        "201510": "24.41",
        "201511": "22.85",
        "201512": "20.81",
        "201601": "19.55",
        "201602": "20.46",
        "201603": "21.95",
        "201604": "20.89",
        "201605": "19.70",
        "201606": "19.80",
        "201607": "20.42",
        "201608": "19.60",
        "201609": "19.92",
        "201610": "20.31",
        "201611": "20.40",
        "201612": "23.13",
        "201701": "25.46",
        "201702": "27.98",
        "201703": "24.43",
        "201704": "22.86",
        "201705": "22.48",
        "201706": "23.98",
        "201707": "26.95",
        "201708": "26.49",
        "201709": "25.82",
        "201710": "25.27",
        "201711": "29.66",
        "201712": "30.75",
        "201801": "30.62",
        "201802": "30.00",
        "201803": "29.74",
        "201804": "31.82",
        "201805": "32.97",
        "201806": "32.34",
        "201807": "32.43",
        "201808": "32.76",
        "201809": "32.81",
        "201810": "31.63",
        "201811": "26.14",
        "201812": "25.90",
        "201901": "25.71",
        "201902": "26.34",
        "201903": "25.86",
        "201904": "26.08",
        "201905": "24.83",
        "201906": "25.20",
        "201907": "24.09",
        "201908": "21.70",
        "201909": "22.16",
        "201910": "22.36",
        "201911": "21.33",
        "201912": "20.89",
        "202001": "20.62",
        "202002": "19.62",
        "202003": "16.87",
        "202004": "15.34",
        "202005": "16.79",
        "202006": "17.03",
        "202007": "16.52",
        "202008": "16.41",
        "202009": "17.07",
        "202010": "16.48",
        "202011": "17.23",
        "202012": "19.02",
        "202101": "18.60",
        "202102": "19.45",
        "202103": "20.11",
        "202104": "21.76",
        "202105": "21.72",
        "202106": "21.91",
        "202107": "23.46",
        "202108": "21.56",
        "202109": "21.42",
        "202110": "24.18",
        "202111": "23.54",
        "202112": "22.16",
        "202201": "21.93",
        "202202": "21.99",
        "202203": "22.28",
        "202204": "21.54",
        "202205": "19.25",
        "202206": "19.41",
        "202207": "17.41",
        "202208": "17.57",
        "202209": "18.06",
        "202210": "17.26",
        "202211": "17.75",
        "202212": "18.58",
        "202301": "18.57",
        "202302": "18.88",
        "202303": "19.26",
        "202304": "20.47",
        "202305": "21.30",
        "202306": "22.65"
    },
    "quarters": {
        "20011": {
            "year_quarter": 20011,
            "year": 2001,
            "quarter": 1,
            "eps": 0.35,
            "eps_growth_year": -7.89,
            "eps_4q": 0.78,
            "eps_4q_growth_year": -34.8,
            "roe": 3.17,
            "roe_4q": 3.17,
            "gross_profit": 187209,
            "gross_margin": 15.6,
            "gross_margin_4q_avg": 15.6,
            "net_income": 177106,
            "revenue": 1199945,
            "common_shares": 5059020,
            "book_valuer_per_share": 11.35,
            "book_valuer_per_share_4q_avg": 11.35,
            "equity": 5740146,
            "current_ratio": 91.94,
            "debt_ratio": 32.35,
            "inventory_turnover_ratio": 4.14,
            "account_receivable_turnover_ratio": null,
            "reinvestment_rate": null,
            "research_to_sale_ratio": null,
            "price_fair": 0,
            "eps_avg_yearly": 0,
            "eps_latest_yearly": 0,
            "eps_growth_yearly": 0
        },
        "20012": {
            "year_quarter": 20012,
            "year": 2001,
            "quarter": 2,
            "eps": 0.25,
            "eps_growth_year": -30.56,
            "eps_4q": 0.7,
            "eps_4q_growth_year": -48.98,
            "roe": 2.19,
            "roe_4q": 5.359999999999999,
            "gross_profit": 195527,
            "gross_margin": 18.7,
            "gross_margin_4q_avg": 17.15,
            "net_income": 125025,
            "revenue": 1045519,
            "common_shares": 5059020,
            "book_valuer_per_share": 11.18,
            "book_valuer_per_share_4q_avg": 11.27,
            "equity": 5653547,
            "current_ratio": 121.21,
            "debt_ratio": 28.68,
            "inventory_turnover_ratio": 3.98,
            "account_receivable_turnover_ratio": null,
            "reinvestment_rate": null,
            "research_to_sale_ratio": null,
            "price_fair": 0,
            "eps_avg_yearly": 0,
            "eps_latest_yearly": 0,
            "eps_growth_yearly": 0
        },
        "20013": {
            "year_quarter": 20013,
            "year": 2001,
            "quarter": 3,
            "eps": 0.19,
            "eps_growth_year": 216.67,
            "eps_4q": 0.84,
            "eps_4q_growth_year": -31.5,
            "roe": 1.68,
            "roe_4q": 7.04,
            "gross_profit": 176674,
            "gross_margin": 15.12,
            "gross_margin_4q_avg": 16.47,
            "net_income": 94437,
            "revenue": 1168471,
            "common_shares": 4959070,
            "book_valuer_per_share": 11.33,
            "book_valuer_per_share_4q_avg": 11.29,
            "equity": 5616268,
            "current_ratio": 103.73,
            "debt_ratio": 30.75,
            "inventory_turnover_ratio": 3.8,
            "account_receivable_turnover_ratio": null,
            "reinvestment_rate": null,
            "research_to_sale_ratio": null,
            "price_fair": 0,
            "eps_avg_yearly": 0,
            "eps_latest_yearly": 0,
            "eps_growth_yearly": 0
        },
        "20014": {
            "year_quarter": 20014,
            "year": 2001,
            "quarter": 4,
            "eps": 0.09,
            "eps_growth_year": 125,
            "eps_4q": 0.85,
            "eps_4q_growth_year": 9.53,
            "roe": 0.83,
            "roe_4q": 7.869999999999999,
            "gross_profit": 145164,
            "gross_margin": 13.9,
            "gross_margin_4q_avg": 15.83,
            "net_income": 47258,
            "revenue": 1044201,
            "common_shares": 4959070,
            "book_valuer_per_share": 11.54,
            "book_valuer_per_share_4q_avg": 11.35,
            "equity": 5724212,
            "current_ratio": 113.91,
            "debt_ratio": 31.69,
            "inventory_turnover_ratio": 2.21,
            "account_receivable_turnover_ratio": null,
            "reinvestment_rate": null,
            "research_to_sale_ratio": null,
            "price_fair": 0,
            "eps_avg_yearly": 0,
            "eps_latest_yearly": 0,
            "eps_growth_yearly": 0
        },
        "20021": {
            "year_quarter": 20021,
            "year": 2002,
            "quarter": 1,
            "eps": 0.25,
            "eps_growth_year": -28.57,
            "eps_4q": 0.81,
            "eps_4q_growth_year": 4.32,
            "roe": 2.08,
            "roe_4q": 6.779999999999999,
            "gross_profit": 204734,
            "gross_margin": 17.88,
            "gross_margin_4q_avg": 16.4,
            "net_income": 118617,
            "revenue": 1145262,
            "common_shares": 4959070,
            "book_valuer_per_share": 11.51,
            "book_valuer_per_share_4q_avg": 11.39,
            "equity": 5708014,
            "current_ratio": 117.3,
            "debt_ratio": 29.04,
            "inventory_turnover_ratio": 2.38,
            "account_receivable_turnover_ratio": null,
            "reinvestment_rate": null,
            "research_to_sale_ratio": null,
            "price_fair": 35,
            "eps_avg_yearly": 1,
            "eps_latest_yearly": 1,
            "eps_growth_yearly": 711.11
        },
        "20022": {
            "year_quarter": 20022,
            "year": 2002,
            "quarter": 2,
            "eps": 0.48,
            "eps_growth_year": 92,
            "eps_4q": 1.03,
            "eps_4q_growth_year": 46.62,
            "roe": 3.95,
            "roe_4q": 8.540000000000001,
            "gross_profit": 280249,
            "gross_margin": 20.11,
            "gross_margin_4q_avg": 16.75,
            "net_income": 226658,
            "revenue": 1393614,
            "common_shares": 4959070,
            "book_valuer_per_share": 11.61,
            "book_valuer_per_share_4q_avg": 11.5,
            "equity": 5757475,
            "current_ratio": 112.93,
            "debt_ratio": 30.86,
            "inventory_turnover_ratio": 2.91,
            "account_receivable_turnover_ratio": null,
            "reinvestment_rate": null,
            "research_to_sale_ratio": null,
            "price_fair": 51.1,
            "eps_avg_yearly": 1.46,
            "eps_latest_yearly": 1.92,
            "eps_growth_yearly": 539.56
        },
        "20023": {
            "year_quarter": 20023,
            "year": 2002,
            "quarter": 3,
            "eps": 0.46,
            "eps_growth_year": 142.11,
            "eps_4q": 1.27,
            "eps_4q_growth_year": 51.33,
            "roe": 3.82,
            "roe_4q": 10.68,
            "gross_profit": 383437,
            "gross_margin": 23.83,
            "gross_margin_4q_avg": 18.93,
            "net_income": 223060,
            "revenue": 1608803,
            "common_shares": 4959070,
            "book_valuer_per_share": 11.97,
            "book_valuer_per_share_4q_avg": 11.66,
            "equity": 5935790,
            "current_ratio": 167.91,
            "debt_ratio": 28.62,
            "inventory_turnover_ratio": 2.73,
            "account_receivable_turnover_ratio": null,
            "reinvestment_rate": null,
            "research_to_sale_ratio": null,
            "price_fair": 55.53,
            "eps_avg_yearly": 1.59,
            "eps_latest_yearly": 1.84,
            "eps_growth_yearly": 354.15
        },
        "20024": {
            "year_quarter": 20024,
            "year": 2002,
            "quarter": 4,
            "eps": 0.42,
            "eps_growth_year": 366.67,
            "eps_4q": 1.6,
            "eps_4q_growth_year": 89.15,
            "roe": 3.28,
            "roe_4q": 13.13,
            "gross_profit": 365651,
            "gross_margin": 21.89,
            "gross_margin_4q_avg": 20.93,
            "net_income": 202500,
            "revenue": 1670440,
            "common_shares": 4959070,
            "book_valuer_per_share": 12.9,
            "book_valuer_per_share_4q_avg": 12,
            "equity": 6394978,
            "current_ratio": 118.77,
            "debt_ratio": 27.16,
            "inventory_turnover_ratio": 3.01,
            "account_receivable_turnover_ratio": null,
            "reinvestment_rate": 57.84,
            "research_to_sale_ratio": null,
            "price_fair": 56.35,
            "eps_avg_yearly": 1.61,
            "eps_latest_yearly": 1.68,
            "eps_growth_yearly": 256.92
        },
        "20031": {
            "year_quarter": 20031,
            "year": 2003,
            "quarter": 1,
            "eps": 0.56,
            "eps_growth_year": 124,
            "eps_4q": 1.92,
            "eps_4q_growth_year": 136.6,
            "roe": 4.05,
            "roe_4q": 15.100000000000001,
            "gross_profit": 395501,
            "gross_margin": 23.9,
            "gross_margin_4q_avg": 22.43,
            "net_income": 268263,
            "revenue": 1655073,
            "common_shares": 4959070,
            "book_valuer_per_share": 13.85,
            "book_valuer_per_share_4q_avg": 12.58,
            "equity": 6868753,
            "current_ratio": 122.38,
            "debt_ratio": 28.21,
            "inventory_turnover_ratio": 2.2,
            "account_receivable_turnover_ratio": null,
            "reinvestment_rate": 45.76,
            "research_to_sale_ratio": null,
            "price_fair": 60.76,
            "eps_avg_yearly": 1.74,
            "eps_latest_yearly": 2.24,
            "eps_growth_yearly": 232.2
        },
        "20032": {
            "year_quarter": 20032,
            "year": 2003,
            "quarter": 2,
            "eps": 0.41,
            "eps_growth_year": -14.58,
            "eps_4q": 1.73,
            "eps_4q_growth_year": 67.69,
            "roe": 3.14,
            "roe_4q": 14.29,
            "gross_profit": 276273,
            "gross_margin": 17.63,
            "gross_margin_4q_avg": 21.81,
            "net_income": 215608,
            "revenue": 1567023,
            "common_shares": 4959070,
            "book_valuer_per_share": 13.82,
            "book_valuer_per_share_4q_avg": 13.14,
            "equity": 6854640,
            "current_ratio": 119.42,
            "debt_ratio": 30.57,
            "inventory_turnover_ratio": 1.91,
            "account_receivable_turnover_ratio": null,
            "reinvestment_rate": 34.32,
            "research_to_sale_ratio": null,
            "price_fair": 60.2,
            "eps_avg_yearly": 1.72,
            "eps_latest_yearly": 1.64,
            "eps_growth_yearly": 175.64
        },
        "20033": {
            "year_quarter": 20033,
            "year": 2003,
            "quarter": 3,
            "eps": 1.14,
            "eps_growth_year": 147.83,
            "eps_4q": 2.46,
            "eps_4q_growth_year": 94.02,
            "roe": 8.2,
            "roe_4q": 18.67,
            "gross_profit": 788034,
            "gross_margin": 36.63,
            "gross_margin_4q_avg": 25.01,
            "net_income": 591414,
            "revenue": 2151110,
            "common_shares": 5355961,
            "book_valuer_per_share": 14.12,
            "book_valuer_per_share_4q_avg": 13.67,
            "equity": 7561268,
            "current_ratio": 117,
            "debt_ratio": 22.61,
            "inventory_turnover_ratio": 2.28,
            "account_receivable_turnover_ratio": null,
            "reinvestment_rate": 24.83,
            "research_to_sale_ratio": null,
            "price_fair": 74.4,
            "eps_avg_yearly": 2.13,
            "eps_latest_yearly": 4.56,
            "eps_growth_yearly": 252.29
        },
        "20034": {
            "year_quarter": 20034,
            "year": 2003,
            "quarter": 4,
            "eps": 1.05,
            "eps_growth_year": 150,
            "eps_4q": 3.12,
            "eps_4q_growth_year": 95.27,
            "roe": 6.9,
            "roe_4q": 22.29,
            "gross_profit": 799627,
            "gross_margin": 37.59,
            "gross_margin_4q_avg": 28.94,
            "net_income": 544929,
            "revenue": 2126973,
            "common_shares": 5355961,
            "book_valuer_per_share": 15.38,
            "book_valuer_per_share_4q_avg": 14.29,
            "equity": 8237112,
            "current_ratio": 141.96,
            "debt_ratio": 20.57,
            "inventory_turnover_ratio": 2.31,
            "account_receivable_turnover_ratio": null,
            "reinvestment_rate": 19.7,
            "research_to_sale_ratio": null,
            "price_fair": 83.48,
            "eps_avg_yearly": 2.39,
            "eps_latest_yearly": 4.2,
            "eps_growth_yearly": 216.81
        },
        "20041": {
            "year_quarter": 20041,
            "year": 2004,
            "quarter": 1,
            "eps": 1.03,
            "eps_growth_year": 83.93,
            "eps_4q": 3.62,
            "eps_4q_growth_year": 88.6,
            "roe": 6.33,
            "roe_4q": 24.57,
            "gross_profit": 696216,
            "gross_margin": 30.46,
            "gross_margin_4q_avg": 30.58,
            "net_income": 536812,
            "revenue": 2285720,
            "common_shares": 5355961,
            "book_valuer_per_share": 16.31,
            "book_valuer_per_share_4q_avg": 14.91,
            "equity": 8736691,
            "current_ratio": 140.72,
            "debt_ratio": 17.07,
            "inventory_turnover_ratio": 2.76,
            "account_receivable_turnover_ratio": null,
            "reinvestment_rate": 12.28,
            "research_to_sale_ratio": null,
            "price_fair": 90.22,
            "eps_avg_yearly": 2.58,
            "eps_latest_yearly": 4.12,
            "eps_growth_yearly": 191.87
        },
        "20042": {
            "year_quarter": 20042,
            "year": 2004,
            "quarter": 2,
            "eps": 1,
            "eps_growth_year": 143.9,
            "eps_4q": 3.79,
            "eps_4q_growth_year": 118.91,
            "roe": 6.95,
            "roe_4q": 28.38,
            "gross_profit": 798704,
            "gross_margin": 33.7,
            "gross_margin_4q_avg": 34.6,
            "net_income": 600591,
            "revenue": 2370137,
            "common_shares": 6164669,
            "book_valuer_per_share": 13.88,
            "book_valuer_per_share_4q_avg": 14.92,
            "equity": 8554766,
            "current_ratio": 109.38,
            "debt_ratio": 20.14,
            "inventory_turnover_ratio": 3.26,
            "account_receivable_turnover_ratio": null,
            "reinvestment_rate": 7.59,
            "research_to_sale_ratio": null,
            "price_fair": 95.2,
            "eps_avg_yearly": 2.72,
            "eps_latest_yearly": 4,
            "eps_growth_yearly": 171.52
        },
        "20043": {
            "year_quarter": 20043,
            "year": 2004,
            "quarter": 3,
            "eps": 1.22,
            "eps_growth_year": 7.02,
            "eps_4q": 4.02,
            "eps_4q_growth_year": 63.04,
            "roe": 8.19,
            "roe_4q": 28.369999999999997,
            "gross_profit": 1030087,
            "gross_margin": 34.72,
            "gross_margin_4q_avg": 34.12,
            "net_income": 734145,
            "revenue": 2966583,
            "common_shares": 6164669,
            "book_valuer_per_share": 15.21,
            "book_valuer_per_share_4q_avg": 15.2,
            "equity": 9375830,
            "current_ratio": 185.45,
            "debt_ratio": 13.22,
            "inventory_turnover_ratio": 5.04,
            "account_receivable_turnover_ratio": null,
            "reinvestment_rate": 1.64,
            "research_to_sale_ratio": null,
            "price_fair": 102.07,
            "eps_avg_yearly": 2.92,
            "eps_latest_yearly": 4.88,
            "eps_growth_yearly": 163.93
        },
        "20044": {
            "year_quarter": 20044,
            "year": 2004,
            "quarter": 4,
            "eps": 0.99,
            "eps_growth_year": -5.71,
            "eps_4q": 4.11,
            "eps_4q_growth_year": 31.76,
            "roe": 6.15,
            "roe_4q": 27.619999999999997,
            "gross_profit": 1118814,
            "gross_margin": 38.49,
            "gross_margin_4q_avg": 34.34,
            "net_income": 593230,
            "revenue": 2906401,
            "common_shares": 6164669,
            "book_valuer_per_share": 16.1,
            "book_valuer_per_share_4q_avg": 15.38,
            "equity": 9925955,
            "current_ratio": 210.26,
            "debt_ratio": 13.61,
            "inventory_turnover_ratio": 3.4,
            "account_receivable_turnover_ratio": null,
            "reinvestment_rate": -2.42,
            "research_to_sale_ratio": null,
            "price_fair": 105.12,
            "eps_avg_yearly": 3,
            "eps_latest_yearly": 3.96,
            "eps_growth_yearly": 143.98
        },
        "20051": {
            "year_quarter": 20051,
            "year": 2005,
            "quarter": 1,
            "eps": 1.04,
            "eps_growth_year": 0.97,
            "eps_4q": 4,
            "eps_4q_growth_year": 10.28,
            "roe": 6.11,
            "roe_4q": 27.400000000000002,
            "gross_profit": 1022644,
            "gross_margin": 32.92,
            "gross_margin_4q_avg": 34.96,
            "net_income": 678184,
            "revenue": 3106667,
            "common_shares": 6764669,
            "book_valuer_per_share": 18.14,
            "book_valuer_per_share_4q_avg": 15.83,
            "equity": 12272139,
            "current_ratio": 414.05,
            "debt_ratio": 9.96,
            "inventory_turnover_ratio": 3.3,
            "account_receivable_turnover_ratio": null,
            "reinvestment_rate": -5.57,
            "research_to_sale_ratio": null,
            "price_fair": 108.23,
            "eps_avg_yearly": 3.09,
            "eps_latest_yearly": 4.16,
            "eps_growth_yearly": 134.46
        },
        "20052": {
            "year_quarter": 20052,
            "year": 2005,
            "quarter": 2,
            "eps": 0.57,
            "eps_growth_year": -43,
            "eps_4q": 3.58,
            "eps_4q_growth_year": -5.32,
            "roe": 3.27,
            "roe_4q": 23.72,
            "gross_profit": 557427,
            "gross_margin": 25.3,
            "gross_margin_4q_avg": 32.86,
            "net_income": 379211,
            "revenue": 2203613,
            "common_shares": 6764669,
            "book_valuer_per_share": 16.13,
            "book_valuer_per_share_4q_avg": 16.4,
            "equity": 10914034,
            "current_ratio": 183.46,
            "debt_ratio": 19.53,
            "inventory_turnover_ratio": 2.91,
            "account_receivable_turnover_ratio": null,
            "reinvestment_rate": -7.37,
            "research_to_sale_ratio": null,
            "price_fair": 106.2,
            "eps_avg_yearly": 3.03,
            "eps_latest_yearly": 2.28,
            "eps_growth_yearly": 111.94
        },
        "20053": {
            "year_quarter": 20053,
            "year": 2005,
            "quarter": 3,
            "eps": 0.88,
            "eps_growth_year": -27.87,
            "eps_4q": 3.14,
            "eps_4q_growth_year": -21.71,
            "roe": 5.69,
            "roe_4q": 21.22,
            "gross_profit": 836364,
            "gross_margin": 28.57,
            "gross_margin_4q_avg": 31.32,
            "net_income": 641565,
            "revenue": 2927847,
            "common_shares": 7465544,
            "book_valuer_per_share": 15.59,
            "book_valuer_per_share_4q_avg": 16.49,
            "equity": 11639200,
            "current_ratio": 403.06,
            "debt_ratio": 8.49,
            "inventory_turnover_ratio": 3.72,
            "account_receivable_turnover_ratio": null,
            "reinvestment_rate": -10.47,
            "research_to_sale_ratio": null,
            "price_fair": 107.33,
            "eps_avg_yearly": 3.07,
            "eps_latest_yearly": 3.52,
            "eps_growth_yearly": 118.98
        },
        "20054": {
            "year_quarter": 20054,
            "year": 2005,
            "quarter": 4,
            "eps": 0.71,
            "eps_growth_year": -28.28,
            "eps_4q": 3.02,
            "eps_4q_growth_year": -26.54,
            "roe": 4.38,
            "roe_4q": 19.45,
            "gross_profit": 700669,
            "gross_margin": 25.33,
            "gross_margin_4q_avg": 28.03,
            "net_income": 521777,
            "revenue": 2765629,
            "common_shares": 7465544,
            "book_valuer_per_share": 16.32,
            "book_valuer_per_share_4q_avg": 16.55,
            "equity": 12184039,
            "current_ratio": 388.93,
            "debt_ratio": 10.59,
            "inventory_turnover_ratio": 3.91,
            "account_receivable_turnover_ratio": null,
            "reinvestment_rate": -10.23,
            "research_to_sale_ratio": null,
            "price_fair": 106.84,
            "eps_avg_yearly": 3.05,
            "eps_latest_yearly": 2.84,
            "eps_growth_yearly": 106.72
        },
        "20061": {
            "year_quarter": 20061,
            "year": 2006,
            "quarter": 1,
            "eps": 0.57,
            "eps_growth_year": -45.19,
            "eps_4q": 2.68,
            "eps_4q_growth_year": -32.83,
            "roe": 3.37,
            "roe_4q": 16.71,
            "gross_profit": 506479,
            "gross_margin": 21.22,
            "gross_margin_4q_avg": 25.11,
            "net_income": 415863,
            "revenue": 2386518,
            "common_shares": 7465544,
            "book_valuer_per_share": 16.73,
            "book_valuer_per_share_4q_avg": 16.19,
            "equity": 12490300,
            "current_ratio": 475.53,
            "debt_ratio": 9.27,
            "inventory_turnover_ratio": 3.84,
            "account_receivable_turnover_ratio": null,
            "reinvestment_rate": -9.55,
            "research_to_sale_ratio": null,
            "price_fair": 109.64,
            "eps_avg_yearly": 3.13,
            "eps_latest_yearly": 2.28,
            "eps_growth_yearly": 57.34
        },
        "20062": {
            "year_quarter": 20062,
            "year": 2006,
            "quarter": 2,
            "eps": 0.51,
            "eps_growth_year": -10.53,
            "eps_4q": 2.6,
            "eps_4q_growth_year": -27.55,
            "roe": 3.22,
            "roe_4q": 16.66,
            "gross_profit": 535821,
            "gross_margin": 21.8,
            "gross_margin_4q_avg": 24.23,
            "net_income": 385897,
            "revenue": 2457992,
            "common_shares": 7465544,
            "book_valuer_per_share": 15.38,
            "book_valuer_per_share_4q_avg": 16.01,
            "equity": 11481762,
            "current_ratio": 213.84,
            "debt_ratio": 19.7,
            "inventory_turnover_ratio": 4.3,
            "account_receivable_turnover_ratio": null,
            "reinvestment_rate": -9.34,
            "research_to_sale_ratio": null,
            "price_fair": 109.9,
            "eps_avg_yearly": 3.14,
            "eps_latest_yearly": 2.04,
            "eps_growth_yearly": 31.71
        },
        "20063": {
            "year_quarter": 20063,
            "year": 2006,
            "quarter": 3,
            "eps": 0.67,
            "eps_growth_year": -23.86,
            "eps_4q": 2.42,
            "eps_4q_growth_year": -22.9,
            "roe": 4.29,
            "roe_4q": 15.259999999999998,
            "gross_profit": 586348,
            "gross_margin": 20.11,
            "gross_margin_4q_avg": 22.12,
            "net_income": 505563,
            "revenue": 2916066,
            "common_shares": 7707212,
            "book_valuer_per_share": 15.7,
            "book_valuer_per_share_4q_avg": 16.03,
            "equity": 12099709,
            "current_ratio": 414.18,
            "debt_ratio": 9.35,
            "inventory_turnover_ratio": 4.49,
            "account_receivable_turnover_ratio": null,
            "reinvestment_rate": -7.38,
            "research_to_sale_ratio": null,
            "price_fair": 111.74,
            "eps_avg_yearly": 3.19,
            "eps_latest_yearly": 2.68,
            "eps_growth_yearly": 40.6
        },
        "20064": {
            "year_quarter": 20064,
            "year": 2006,
            "quarter": 4,
            "eps": 0.2,
            "eps_growth_year": -71.83,
            "eps_4q": 1.88,
            "eps_4q_growth_year": -37.72,
            "roe": 1.26,
            "roe_4q": 12.14,
            "gross_profit": 526300,
            "gross_margin": 18.03,
            "gross_margin_4q_avg": 20.29,
            "net_income": 155440,
            "revenue": 2918580,
            "common_shares": 7707212,
            "book_valuer_per_share": 16.24,
            "book_valuer_per_share_4q_avg": 16.01,
            "equity": 12520305,
            "current_ratio": 344,
            "debt_ratio": 12.04,
            "inventory_turnover_ratio": 3.56,
            "account_receivable_turnover_ratio": null,
            "reinvestment_rate": -3.5,
            "research_to_sale_ratio": null,
            "price_fair": 109.81,
            "eps_avg_yearly": 3.14,
            "eps_latest_yearly": 0.8,
            "eps_growth_yearly": 25.23
        },
        "20071": {
            "year_quarter": 20071,
            "year": 2007,
            "quarter": 1,
            "eps": 0.62,
            "eps_growth_year": 8.77,
            "eps_4q": 2,
            "eps_4q_growth_year": -25.43,
            "roe": 3.66,
            "roe_4q": 12.430000000000001,
            "gross_profit": 629099,
            "gross_margin": 21.19,
            "gross_margin_4q_avg": 20.28,
            "net_income": 469746,
            "revenue": 2968924,
            "common_shares": 7707212,
            "book_valuer_per_share": 17.08,
            "book_valuer_per_share_4q_avg": 16.1,
            "equity": 13160890,
            "current_ratio": 341.07,
            "debt_ratio": 11.21,
            "inventory_turnover_ratio": 3.16,
            "account_receivable_turnover_ratio": null,
            "reinvestment_rate": 0.7,
            "research_to_sale_ratio": null,
            "price_fair": 110.34,
            "eps_avg_yearly": 3.15,
            "eps_latest_yearly": 2.48,
            "eps_growth_yearly": 69.4
        },
        "20072": {
            "year_quarter": 20072,
            "year": 2007,
            "quarter": 2,
            "eps": 0.8,
            "eps_growth_year": 56.86,
            "eps_4q": 2.26,
            "eps_4q_growth_year": -13.05,
            "roe": 4.84,
            "roe_4q": 14.05,
            "gross_profit": 817680,
            "gross_margin": 24.11,
            "gross_margin_4q_avg": 20.86,
            "net_income": 620417,
            "revenue": 3390812,
            "common_shares": 7707212,
            "book_valuer_per_share": 16.18,
            "book_valuer_per_share_4q_avg": 16.3,
            "equity": 12471653,
            "current_ratio": 190.11,
            "debt_ratio": 19.67,
            "inventory_turnover_ratio": 3.81,
            "account_receivable_turnover_ratio": null,
            "reinvestment_rate": 5.67,
            "research_to_sale_ratio": null,
            "price_fair": 113.75,
            "eps_avg_yearly": 3.25,
            "eps_latest_yearly": 3.2,
            "eps_growth_yearly": 83.36
        },
        "20073": {
            "year_quarter": 20073,
            "year": 2007,
            "quarter": 3,
            "eps": 0.68,
            "eps_growth_year": 1.49,
            "eps_4q": 2.29,
            "eps_4q_growth_year": -5.59,
            "roe": 4.08,
            "roe_4q": 13.84,
            "gross_profit": 736508,
            "gross_margin": 23.35,
            "gross_margin_4q_avg": 21.67,
            "net_income": 526570,
            "revenue": 3154574,
            "common_shares": 7874864,
            "book_valuer_per_share": 16.94,
            "book_valuer_per_share_4q_avg": 16.61,
            "equity": 13343351,
            "current_ratio": 296.94,
            "debt_ratio": 9.9,
            "inventory_turnover_ratio": 4.01,
            "account_receivable_turnover_ratio": null,
            "reinvestment_rate": 10.85,
            "research_to_sale_ratio": null,
            "price_fair": 109.73,
            "eps_avg_yearly": 3.14,
            "eps_latest_yearly": 2.72,
            "eps_growth_yearly": 35.09
        },
        "20074": {
            "year_quarter": 20074,
            "year": 2007,
            "quarter": 4,
            "eps": 0.92,
            "eps_growth_year": 360,
            "eps_4q": 3,
            "eps_4q_growth_year": 59.4,
            "roe": 5.3,
            "roe_4q": 17.88,
            "gross_profit": 1450017,
            "gross_margin": 37.62,
            "gross_margin_4q_avg": 26.57,
            "net_income": 715097,
            "revenue": 3854412,
            "common_shares": 7874864,
            "book_valuer_per_share": 17.35,
            "book_valuer_per_share_4q_avg": 16.89,
            "equity": 13665791,
            "current_ratio": 252.31,
            "debt_ratio": 16.43,
            "inventory_turnover_ratio": 3.85,
            "account_receivable_turnover_ratio": null,
            "reinvestment_rate": 12.29,
            "research_to_sale_ratio": null,
            "price_fair": 108.59,
            "eps_avg_yearly": 3.1,
            "eps_latest_yearly": 3.68,
            "eps_growth_yearly": 45.89
        },
        "20081": {
            "year_quarter": 20081,
            "year": 2008,
            "quarter": 1,
            "eps": 0.93,
            "eps_growth_year": 50,
            "eps_4q": 3.32,
            "eps_4q_growth_year": 66.04,
            "roe": 5.13,
            "roe_4q": 19.35,
            "gross_profit": 1185504,
            "gross_margin": 29.06,
            "gross_margin_4q_avg": 28.54,
            "net_income": 723432,
            "revenue": 4079495,
            "common_shares": 7874864,
            "book_valuer_per_share": 18.46,
            "book_valuer_per_share_4q_avg": 17.23,
            "equity": 14538012,
            "current_ratio": 269.65,
            "debt_ratio": 16.21,
            "inventory_turnover_ratio": 5.21,
            "account_receivable_turnover_ratio": null,
            "reinvestment_rate": 11.06,
            "research_to_sale_ratio": null,
            "price_fair": 107.71,
            "eps_avg_yearly": 3.08,
            "eps_latest_yearly": 3.72,
            "eps_growth_yearly": 46.64
        },
        "20082": {
            "year_quarter": 20082,
            "year": 2008,
            "quarter": 2,
            "eps": 0.92,
            "eps_growth_year": 15,
            "eps_4q": 3.39,
            "eps_4q_growth_year": 49.97,
            "roe": 5.31,
            "roe_4q": 19.82,
            "gross_profit": 1008910,
            "gross_margin": 25.2,
            "gross_margin_4q_avg": 28.81,
            "net_income": 732997,
            "revenue": 4003735,
            "common_shares": 7874864,
            "book_valuer_per_share": 16.56,
            "book_valuer_per_share_4q_avg": 17.33,
            "equity": 13044512,
            "current_ratio": 196.49,
            "debt_ratio": 23.12,
            "inventory_turnover_ratio": 6.93,
            "account_receivable_turnover_ratio": null,
            "reinvestment_rate": 10.11,
            "research_to_sale_ratio": null,
            "price_fair": 107.01,
            "eps_avg_yearly": 3.06,
            "eps_latest_yearly": 3.68,
            "eps_growth_yearly": 47.1
        },
        "20083": {
            "year_quarter": 20083,
            "year": 2008,
            "quarter": 3,
            "eps": 0.3,
            "eps_growth_year": -55.88,
            "eps_4q": 3.81,
            "eps_4q_growth_year": 66.51,
            "roe": 1.42,
            "roe_4q": 17.16,
            "gross_profit": 441087,
            "gross_margin": 13.79,
            "gross_margin_4q_avg": 26.42,
            "net_income": 189718,
            "revenue": 3199647,
            "common_shares": 8051846,
            "book_valuer_per_share": 15.89,
            "book_valuer_per_share_4q_avg": 17.07,
            "equity": 13599472,
            "current_ratio": 264.43,
            "debt_ratio": 14.86,
            "inventory_turnover_ratio": 3.66,
            "account_receivable_turnover_ratio": null,
            "reinvestment_rate": 10.52,
            "research_to_sale_ratio": null,
            "price_fair": 98.25,
            "eps_avg_yearly": 2.83,
            "eps_latest_yearly": 1.2,
            "eps_growth_yearly": 24.75
        },
        "20084": {
            "year_quarter": 20084,
            "year": 2008,
            "quarter": 4,
            "eps": -0.72,
            "eps_growth_year": -178.26,
            "eps_4q": 1.65,
            "eps_4q_growth_year": -45.03,
            "roe": -5.1,
            "roe_4q": 6.76,
            "gross_profit": -366043,
            "gross_margin": -20.86,
            "gross_margin_4q_avg": 11.8,
            "net_income": -679115,
            "revenue": 1754978,
            "common_shares": 8051846,
            "book_valuer_per_share": 15.24,
            "book_valuer_per_share_4q_avg": 16.54,
            "equity": 13048623,
            "current_ratio": 191.57,
            "debt_ratio": 12.66,
            "inventory_turnover_ratio": 2.74,
            "account_receivable_turnover_ratio": 7.04,
            "reinvestment_rate": 12.52,
            "research_to_sale_ratio": null,
            "price_fair": 96.32,
            "eps_avg_yearly": 2.75,
            "eps_latest_yearly": 1.2,
            "eps_growth_yearly": 31.43
        },
        "20091": {
            "year_quarter": 20091,
            "year": 2009,
            "quarter": 1,
            "eps": 0.3,
            "eps_growth_year": -67.74,
            "eps_4q": 0.62,
            "eps_4q_growth_year": -81.32,
            "roe": 2.31,
            "roe_4q": 3.94,
            "gross_profit": 232824,
            "gross_margin": 10.62,
            "gross_margin_4q_avg": 7.19,
            "net_income": 307811,
            "revenue": 2192091,
            "common_shares": 8051846,
            "book_valuer_per_share": 15.74,
            "book_valuer_per_share_4q_avg": 15.86,
            "equity": 13553711,
            "current_ratio": 210.96,
            "debt_ratio": 12.19,
            "inventory_turnover_ratio": 5.76,
            "account_receivable_turnover_ratio": 4,
            "reinvestment_rate": 12.92,
            "research_to_sale_ratio": null,
            "price_fair": 92.8,
            "eps_avg_yearly": 2.65,
            "eps_latest_yearly": 1.2,
            "eps_growth_yearly": 32.23
        },
        "20092": {
            "year_quarter": 20092,
            "year": 2009,
            "quarter": 2,
            "eps": 0.42,
            "eps_growth_year": -54.35,
            "eps_4q": 0.24,
            "eps_4q_growth_year": -92.79,
            "roe": 3.02,
            "roe_4q": 1.6500000000000004,
            "gross_profit": 350813,
            "gross_margin": 16.23,
            "gross_margin_4q_avg": 4.95,
            "net_income": 410337,
            "revenue": 2161561,
            "common_shares": 8051846,
            "book_valuer_per_share": 15.76,
            "book_valuer_per_share_4q_avg": 15.66,
            "equity": 13611487,
            "current_ratio": 159.27,
            "debt_ratio": 13.66,
            "inventory_turnover_ratio": 7.33,
            "account_receivable_turnover_ratio": 3.7,
            "reinvestment_rate": 16.84,
            "research_to_sale_ratio": null,
            "price_fair": 91.3,
            "eps_avg_yearly": 2.61,
            "eps_latest_yearly": 1.68,
            "eps_growth_yearly": 56.57
        },
        "20093": {
            "year_quarter": 20093,
            "year": 2009,
            "quarter": 3,
            "eps": 0.54,
            "eps_growth_year": 80,
            "eps_4q": 0.46,
            "eps_4q_growth_year": -87.85,
            "roe": 3.64,
            "roe_4q": 3.870000000000001,
            "gross_profit": 393790,
            "gross_margin": 14.52,
            "gross_margin_4q_avg": 5.13,
            "net_income": 503263,
            "revenue": 2712921,
            "common_shares": 8051846,
            "book_valuer_per_share": 16.24,
            "book_valuer_per_share_4q_avg": 15.75,
            "equity": 14050252,
            "current_ratio": 257.98,
            "debt_ratio": 11.11,
            "inventory_turnover_ratio": 9.61,
            "account_receivable_turnover_ratio": 4.22,
            "reinvestment_rate": 15.62,
            "research_to_sale_ratio": null,
            "price_fair": 87.9,
            "eps_avg_yearly": 2.51,
            "eps_latest_yearly": 2.16,
            "eps_growth_yearly": 49.19
        },
        "20094": {
            "year_quarter": 20094,
            "year": 2009,
            "quarter": 4,
            "eps": 0.54,
            "eps_growth_year": null,
            "eps_4q": 1.81,
            "eps_4q_growth_year": 9.74,
            "roe": 3.85,
            "roe_4q": 12.82,
            "gross_profit": 517394,
            "gross_margin": 18.87,
            "gross_margin_4q_avg": 15.06,
            "net_income": 555721,
            "revenue": 2742491,
            "common_shares": 8051846,
            "book_valuer_per_share": 17.28,
            "book_valuer_per_share_4q_avg": 16.26,
            "equity": 14788746,
            "current_ratio": 208.13,
            "debt_ratio": 12.61,
            "inventory_turnover_ratio": 8.87,
            "account_receivable_turnover_ratio": 7.6,
            "reinvestment_rate": 131.18,
            "research_to_sale_ratio": null,
            "price_fair": 86.2,
            "eps_avg_yearly": 2.46,
            "eps_latest_yearly": 2.16,
            "eps_growth_yearly": 54.71
        },
        "20101": {
            "year_quarter": 20101,
            "year": 2010,
            "quarter": 1,
            "eps": 0.67,
            "eps_growth_year": 123.33,
            "eps_4q": 2.19,
            "eps_4q_growth_year": 252.05,
            "roe": 4.2,
            "roe_4q": 14.71,
            "gross_profit": 596627,
            "gross_margin": 18.18,
            "gross_margin_4q_avg": 16.95,
            "net_income": 600273,
            "revenue": 3281246,
            "common_shares": 8051846,
            "book_valuer_per_share": 17.37,
            "book_valuer_per_share_4q_avg": 16.66,
            "equity": 13771719,
            "current_ratio": 192.07,
            "debt_ratio": 15.8,
            "inventory_turnover_ratio": 7.82,
            "account_receivable_turnover_ratio": 3.89,
            "reinvestment_rate": 117,
            "research_to_sale_ratio": 1.25,
            "price_fair": 87.2,
            "eps_avg_yearly": 2.49,
            "eps_latest_yearly": 2.68,
            "eps_growth_yearly": 67.23
        },
        "20102": {
            "year_quarter": 20102,
            "year": 2010,
            "quarter": 2,
            "eps": 0.53,
            "eps_growth_year": 26.11,
            "eps_4q": 2.29,
            "eps_4q_growth_year": 838.61,
            "roe": 3.06,
            "roe_4q": 14.75,
            "gross_profit": 473746,
            "gross_margin": 15.03,
            "gross_margin_4q_avg": 16.65,
            "net_income": 407434,
            "revenue": 3151985,
            "common_shares": 8051846,
            "book_valuer_per_share": 16.18,
            "book_valuer_per_share_4q_avg": 16.77,
            "equity": 12822672,
            "current_ratio": 118.8,
            "debt_ratio": 24.91,
            "inventory_turnover_ratio": 6.23,
            "account_receivable_turnover_ratio": 3.59,
            "reinvestment_rate": 124.3,
            "research_to_sale_ratio": 1.01,
            "price_fair": 87.4,
            "eps_avg_yearly": 2.5,
            "eps_latest_yearly": 2.12,
            "eps_growth_yearly": 64.26
        },
        "20103": {
            "year_quarter": 20103,
            "year": 2010,
            "quarter": 3,
            "eps": 0.74,
            "eps_growth_year": 37,
            "eps_4q": 2.49,
            "eps_4q_growth_year": 437.8,
            "roe": 4.43,
            "roe_4q": 15.540000000000001,
            "gross_profit": 503389,
            "gross_margin": 16.28,
            "gross_margin_4q_avg": 17.09,
            "net_income": 594602,
            "revenue": 3092176,
            "common_shares": 8051846,
            "book_valuer_per_share": 17.66,
            "book_valuer_per_share_4q_avg": 17.12,
            "equity": 13995048,
            "current_ratio": 131.21,
            "debt_ratio": 20.83,
            "inventory_turnover_ratio": 6.24,
            "account_receivable_turnover_ratio": 4.24,
            "reinvestment_rate": 141.85,
            "research_to_sale_ratio": 1.15,
            "price_fair": 88.1,
            "eps_avg_yearly": 2.52,
            "eps_latest_yearly": 2.96,
            "eps_growth_yearly": 66.62
        },
        "20104": {
            "year_quarter": 20104,
            "year": 2010,
            "quarter": 4,
            "eps": 0.7,
            "eps_growth_year": 29.76,
            "eps_4q": 2.64,
            "eps_4q_growth_year": 46.14,
            "roe": 3.89,
            "roe_4q": 15.580000000000002,
            "gross_profit": 738155,
            "gross_margin": 25.25,
            "gross_margin_4q_avg": 18.69,
            "net_income": 554988,
            "revenue": 2923427,
            "common_shares": 8051846,
            "book_valuer_per_share": 18.34,
            "book_valuer_per_share_4q_avg": 17.39,
            "equity": 14534335,
            "current_ratio": 147.26,
            "debt_ratio": 17.68,
            "inventory_turnover_ratio": 5.45,
            "account_receivable_turnover_ratio": 4.36,
            "reinvestment_rate": 135.15,
            "research_to_sale_ratio": 1.3,
            "price_fair": 93.1,
            "eps_avg_yearly": 2.66,
            "eps_latest_yearly": 2.8,
            "eps_growth_yearly": 85.12
        },
        "20111": {
            "year_quarter": 20111,
            "year": 2011,
            "quarter": 1,
            "eps": 1.32,
            "eps_growth_year": 97.01,
            "eps_4q": 3.29,
            "eps_4q_growth_year": 50.62,
            "roe": 6.95,
            "roe_4q": 18.33,
            "gross_profit": 936882,
            "gross_margin": 26.35,
            "gross_margin_4q_avg": 20.73,
            "net_income": 1047766,
            "revenue": 3555849,
            "common_shares": 8051846,
            "book_valuer_per_share": 19.69,
            "book_valuer_per_share_4q_avg": 17.97,
            "equity": 15605491,
            "current_ratio": 158.17,
            "debt_ratio": 23.55,
            "inventory_turnover_ratio": 6.34,
            "account_receivable_turnover_ratio": 4.08,
            "reinvestment_rate": 130.74,
            "research_to_sale_ratio": 0.99,
            "price_fair": 100.1,
            "eps_avg_yearly": 2.86,
            "eps_latest_yearly": 5.28,
            "eps_growth_yearly": 50.42
        },
        "20112": {
            "year_quarter": 20112,
            "year": 2011,
            "quarter": 2,
            "eps": 0.74,
            "eps_growth_year": 40.47,
            "eps_4q": 3.51,
            "eps_4q_growth_year": 52.92,
            "roe": 3.92,
            "roe_4q": 19.19,
            "gross_profit": 686458,
            "gross_margin": 18.38,
            "gross_margin_4q_avg": 21.57,
            "net_income": 589735,
            "revenue": 3735611,
            "common_shares": 8051846,
            "book_valuer_per_share": 18.23,
            "book_valuer_per_share_4q_avg": 18.48,
            "equity": 14451169,
            "current_ratio": 105.71,
            "debt_ratio": 32.21,
            "inventory_turnover_ratio": 5.26,
            "account_receivable_turnover_ratio": 3.59,
            "reinvestment_rate": 131.01,
            "research_to_sale_ratio": 0.94,
            "price_fair": 99.5,
            "eps_avg_yearly": 2.84,
            "eps_latest_yearly": 2.96,
            "eps_growth_yearly": 29.58
        },
        "20113": {
            "year_quarter": 20113,
            "year": 2011,
            "quarter": 3,
            "eps": 1.03,
            "eps_growth_year": 39,
            "eps_4q": 3.79,
            "eps_4q_growth_year": 52.46,
            "roe": 5.53,
            "roe_4q": 20.29,
            "gross_profit": 848802,
            "gross_margin": 21.63,
            "gross_margin_4q_avg": 22.9,
            "net_income": 815140,
            "revenue": 3923879,
            "common_shares": 8051846,
            "book_valuer_per_share": 18.99,
            "book_valuer_per_share_4q_avg": 18.81,
            "equity": 15052603,
            "current_ratio": 129.23,
            "debt_ratio": 27.1,
            "inventory_turnover_ratio": 4.15,
            "account_receivable_turnover_ratio": 3.92,
            "reinvestment_rate": 119.3,
            "research_to_sale_ratio": 0.93,
            "price_fair": 103,
            "eps_avg_yearly": 2.94,
            "eps_latest_yearly": 4.12,
            "eps_growth_yearly": 45.06
        },
        "20114": {
            "year_quarter": 20114,
            "year": 2011,
            "quarter": 4,
            "eps": 0.54,
            "eps_growth_year": -22.55,
            "eps_4q": 3.64,
            "eps_4q_growth_year": 37.5,
            "roe": 2.74,
            "roe_4q": 19.14,
            "gross_profit": 790044,
            "gross_margin": 21.24,
            "gross_margin_4q_avg": 21.9,
            "net_income": 430182,
            "revenue": 3718882,
            "common_shares": 8051846,
            "book_valuer_per_share": 20.58,
            "book_valuer_per_share_4q_avg": 19.37,
            "equity": 16312643,
            "current_ratio": 113.57,
            "debt_ratio": 24.71,
            "inventory_turnover_ratio": 3.94,
            "account_receivable_turnover_ratio": 3.82,
            "reinvestment_rate": 147.35,
            "research_to_sale_ratio": 1.01,
            "price_fair": 88.94,
            "eps_avg_yearly": 2.83,
            "eps_latest_yearly": 2.16,
            "eps_growth_yearly": 21.38
        },
        "20121": {
            "year_quarter": 20121,
            "year": 2012,
            "quarter": 1,
            "eps": 0.65,
            "eps_growth_year": -50.76,
            "eps_4q": 2.96,
            "eps_4q_growth_year": -9.96,
            "roe": 3.11,
            "roe_4q": 15.299999999999999,
            "gross_profit": 680812,
            "gross_margin": 17.77,
            "gross_margin_4q_avg": 19.76,
            "net_income": 514435,
            "revenue": 3831021,
            "common_shares": 8051846,
            "book_valuer_per_share": 21.19,
            "book_valuer_per_share_4q_avg": 19.75,
            "equity": 16797636,
            "current_ratio": 129.87,
            "debt_ratio": 26.02,
            "inventory_turnover_ratio": 4.49,
            "account_receivable_turnover_ratio": 3.42,
            "reinvestment_rate": 148.42,
            "research_to_sale_ratio": 0.98,
            "price_fair": 96.4,
            "eps_avg_yearly": 2.75,
            "eps_latest_yearly": 2.6,
            "eps_growth_yearly": 26.89
        },
        "20122": {
            "year_quarter": 20122,
            "year": 2012,
            "quarter": 2,
            "eps": 0,
            "eps_growth_year": -99.39,
            "eps_4q": 2.02,
            "eps_4q_growth_year": -42.31,
            "roe": 0.02,
            "roe_4q": 11.4,
            "gross_profit": 328228,
            "gross_margin": 10.29,
            "gross_margin_4q_avg": 17.73,
            "net_income": 3969,
            "revenue": 3188623,
            "common_shares": 8051846,
            "book_valuer_per_share": 19.08,
            "book_valuer_per_share_4q_avg": 19.96,
            "equity": 15099018,
            "current_ratio": 94.65,
            "debt_ratio": 32.09,
            "inventory_turnover_ratio": 3.85,
            "account_receivable_turnover_ratio": 2.75,
            "reinvestment_rate": 165.34,
            "research_to_sale_ratio": 1.14,
            "price_fair": 93.91,
            "eps_avg_yearly": 2.68,
            "eps_latest_yearly": 2.6,
            "eps_growth_yearly": 29.29
        },
        "20123": {
            "year_quarter": 20123,
            "year": 2012,
            "quarter": 3,
            "eps": 0.33,
            "eps_growth_year": -67.56,
            "eps_4q": 1.42,
            "eps_4q_growth_year": -62.54,
            "roe": 1.91,
            "roe_4q": 7.78,
            "gross_profit": 403284,
            "gross_margin": 13.14,
            "gross_margin_4q_avg": 15.61,
            "net_income": 290888,
            "revenue": 3068315,
            "common_shares": 8857031,
            "book_valuer_per_share": 17.71,
            "book_valuer_per_share_4q_avg": 19.64,
            "equity": 15438465,
            "current_ratio": 95.91,
            "debt_ratio": 26,
            "inventory_turnover_ratio": 3.07,
            "account_receivable_turnover_ratio": 2.84,
            "reinvestment_rate": 167,
            "research_to_sale_ratio": 1.12,
            "price_fair": 98.23,
            "eps_avg_yearly": 2.81,
            "eps_latest_yearly": 2.6,
            "eps_growth_yearly": 54.2
        },
        "20124": {
            "year_quarter": 20124,
            "year": 2012,
            "quarter": 4,
            "eps": 0.39,
            "eps_growth_year": -27.42,
            "eps_4q": 1.32,
            "eps_4q_growth_year": -63.65,
            "roe": 2.2,
            "roe_4q": 7.24,
            "gross_profit": 580533,
            "gross_margin": 17.4,
            "gross_margin_4q_avg": 14.65,
            "net_income": 343462,
            "revenue": 3336742,
            "common_shares": 8857031,
            "book_valuer_per_share": 18.04,
            "book_valuer_per_share_4q_avg": 19.01,
            "equity": 15726655,
            "current_ratio": 94.34,
            "debt_ratio": 25.67,
            "inventory_turnover_ratio": 2.68,
            "account_receivable_turnover_ratio": 3.35,
            "reinvestment_rate": 146.81,
            "research_to_sale_ratio": 1.09,
            "price_fair": 94.88,
            "eps_avg_yearly": 2.71,
            "eps_latest_yearly": 1.56,
            "eps_growth_yearly": 55.62
        },
        "20131": {
            "year_quarter": 20131,
            "year": 2013,
            "quarter": 1,
            "eps": 0.26,
            "eps_growth_year": -60,
            "eps_4q": 1,
            "eps_4q_growth_year": -66.41,
            "roe": 1.41,
            "roe_4q": 5.54,
            "gross_profit": 526800,
            "gross_margin": 14.86,
            "gross_margin_4q_avg": 13.92,
            "net_income": 229687,
            "revenue": 3544934,
            "common_shares": 8857031,
            "book_valuer_per_share": 19.22,
            "book_valuer_per_share_4q_avg": 18.51,
            "equity": 16762521,
            "current_ratio": 103.17,
            "debt_ratio": 25.98,
            "inventory_turnover_ratio": 2.47,
            "account_receivable_turnover_ratio": 3.73,
            "reinvestment_rate": 149.47,
            "research_to_sale_ratio": 0.9,
            "price_fair": 90.7,
            "eps_avg_yearly": 2.59,
            "eps_latest_yearly": 1.04,
            "eps_growth_yearly": 42.12
        },
        "20132": {
            "year_quarter": 20132,
            "year": 2013,
            "quarter": 2,
            "eps": 0.17,
            "eps_growth_year": 3634.62,
            "eps_4q": 1.16,
            "eps_4q_growth_year": -42.6,
            "roe": 0.91,
            "roe_4q": 6.43,
            "gross_profit": 357999,
            "gross_margin": 9.89,
            "gross_margin_4q_avg": 13.82,
            "net_income": 148400,
            "revenue": 3621451,
            "common_shares": 8857031,
            "book_valuer_per_share": 18.35,
            "book_valuer_per_share_4q_avg": 18.33,
            "equity": 15999998,
            "current_ratio": 79.33,
            "debt_ratio": 31.6,
            "inventory_turnover_ratio": 2.63,
            "account_receivable_turnover_ratio": 3.43,
            "reinvestment_rate": 160.56,
            "research_to_sale_ratio": 0.95,
            "price_fair": 77.63,
            "eps_avg_yearly": 2.52,
            "eps_latest_yearly": 0.68,
            "eps_growth_yearly": 20.81
        },
        "20133": {
            "year_quarter": 20133,
            "year": 2013,
            "quarter": 3,
            "eps": 0.62,
            "eps_growth_year": 85.85,
            "eps_4q": 1.44,
            "eps_4q_growth_year": 1.37,
            "roe": 3.28,
            "roe_4q": 7.8,
            "gross_profit": 715161,
            "gross_margin": 16.53,
            "gross_margin_4q_avg": 14.67,
            "net_income": 534886,
            "revenue": 4327649,
            "common_shares": 8857031,
            "book_valuer_per_share": 19.05,
            "book_valuer_per_share_4q_avg": 18.67,
            "equity": 16613267,
            "current_ratio": 91.23,
            "debt_ratio": 28.06,
            "inventory_turnover_ratio": 4.15,
            "account_receivable_turnover_ratio": 4.25,
            "reinvestment_rate": 160.65,
            "research_to_sale_ratio": 0.76,
            "price_fair": 89,
            "eps_avg_yearly": 2.54,
            "eps_latest_yearly": 2.48,
            "eps_growth_yearly": 88.27
        },
        "20134": {
            "year_quarter": 20134,
            "year": 2013,
            "quarter": 4,
            "eps": 0.4,
            "eps_growth_year": 2.58,
            "eps_4q": 1.45,
            "eps_4q_growth_year": 9.76,
            "roe": 2.09,
            "roe_4q": 7.6899999999999995,
            "gross_profit": 662498,
            "gross_margin": 16.82,
            "gross_margin_4q_avg": 14.53,
            "net_income": 352323,
            "revenue": 3939903,
            "common_shares": 8857031,
            "book_valuer_per_share": 19.69,
            "book_valuer_per_share_4q_avg": 19.08,
            "equity": 17164909,
            "current_ratio": 125.22,
            "debt_ratio": 28.46,
            "inventory_turnover_ratio": 4.99,
            "account_receivable_turnover_ratio": 4.24,
            "reinvestment_rate": 77.81,
            "research_to_sale_ratio": 0.88,
            "price_fair": 87.6,
            "eps_avg_yearly": 2.5,
            "eps_latest_yearly": 1.6,
            "eps_growth_yearly": 78.13
        },
        "20141": {
            "year_quarter": 20141,
            "year": 2014,
            "quarter": 1,
            "eps": 0.06,
            "eps_growth_year": -76.92,
            "eps_4q": 1.24,
            "eps_4q_growth_year": 24.93,
            "roe": 0.26,
            "roe_4q": 6.539999999999999,
            "gross_profit": 395011,
            "gross_margin": 10.96,
            "gross_margin_4q_avg": 13.55,
            "net_income": 48470,
            "revenue": 3604228,
            "common_shares": 8857031,
            "book_valuer_per_share": 19.7,
            "book_valuer_per_share_4q_avg": 19.2,
            "equity": 19489951,
            "current_ratio": 153.06,
            "debt_ratio": 28.57,
            "inventory_turnover_ratio": 4.06,
            "account_receivable_turnover_ratio": 3.93,
            "reinvestment_rate": 103.22,
            "research_to_sale_ratio": 0.96,
            "price_fair": 81.5,
            "eps_avg_yearly": 2.33,
            "eps_latest_yearly": 0.24,
            "eps_growth_yearly": 46.97
        },
        "20142": {
            "year_quarter": 20142,
            "year": 2014,
            "quarter": 2,
            "eps": 0.08,
            "eps_growth_year": -52.94,
            "eps_4q": 1.16,
            "eps_4q_growth_year": -0.32,
            "roe": 0.33,
            "roe_4q": 5.959999999999999,
            "gross_profit": 352639,
            "gross_margin": 9.14,
            "gross_margin_4q_avg": 13.36,
            "net_income": 63389,
            "revenue": 3858488,
            "common_shares": 8857031,
            "book_valuer_per_share": 18.69,
            "book_valuer_per_share_4q_avg": 19.28,
            "equity": 19172158,
            "current_ratio": 102.11,
            "debt_ratio": 32.94,
            "inventory_turnover_ratio": 4,
            "account_receivable_turnover_ratio": 3.98,
            "reinvestment_rate": 135.34,
            "research_to_sale_ratio": 0.87,
            "price_fair": 77,
            "eps_avg_yearly": 2.2,
            "eps_latest_yearly": 0.32,
            "eps_growth_yearly": 62.46
        },
        "20143": {
            "year_quarter": 20143,
            "year": 2014,
            "quarter": 3,
            "eps": 0.17,
            "eps_growth_year": -72.58,
            "eps_4q": 0.72,
            "eps_4q_growth_year": -50.3,
            "roe": 0.68,
            "roe_4q": 3.36,
            "gross_profit": 224669,
            "gross_margin": 6.83,
            "gross_margin_4q_avg": 10.94,
            "net_income": 131374,
            "revenue": 3290134,
            "common_shares": 8857031,
            "book_valuer_per_share": 18.88,
            "book_valuer_per_share_4q_avg": 19.24,
            "equity": 19394881,
            "current_ratio": 122.17,
            "debt_ratio": 37.52,
            "inventory_turnover_ratio": 2.78,
            "account_receivable_turnover_ratio": 3.77,
            "reinvestment_rate": 157,
            "research_to_sale_ratio": 1.02,
            "price_fair": 71.3,
            "eps_avg_yearly": 2.04,
            "eps_latest_yearly": 0.68,
            "eps_growth_yearly": 83.29
        },
        "20144": {
            "year_quarter": 20144,
            "year": 2014,
            "quarter": 4,
            "eps": -0.18,
            "eps_growth_year": -144.35,
            "eps_4q": 0.13,
            "eps_4q_growth_year": -90.84,
            "roe": -0.92,
            "roe_4q": 0.35000000000000003,
            "gross_profit": 192616,
            "gross_margin": 5.71,
            "gross_margin_4q_avg": 8.16,
            "net_income": -179870,
            "revenue": 3373484,
            "common_shares": 8857031,
            "book_valuer_per_share": 19.04,
            "book_valuer_per_share_4q_avg": 19.08,
            "equity": 19651092,
            "current_ratio": 118.89,
            "debt_ratio": 44.36,
            "inventory_turnover_ratio": 2.65,
            "account_receivable_turnover_ratio": 4.07,
            "reinvestment_rate": 221.54,
            "research_to_sale_ratio": 0.92,
            "price_fair": 69.25,
            "eps_avg_yearly": 1.98,
            "eps_latest_yearly": 0.68,
            "eps_growth_yearly": 91.36
        },
        "20151": {
            "year_quarter": 20151,
            "year": 2015,
            "quarter": 1,
            "eps": 0.05,
            "eps_growth_year": -16.67,
            "eps_4q": 0.13,
            "eps_4q_growth_year": -89.52,
            "roe": 0.19,
            "roe_4q": 0.2800000000000001,
            "gross_profit": 229723,
            "gross_margin": 8.09,
            "gross_margin_4q_avg": 7.44,
            "net_income": 37475,
            "revenue": 2839952,
            "common_shares": 8857031,
            "book_valuer_per_share": 18.94,
            "book_valuer_per_share_4q_avg": 18.89,
            "equity": 19511467,
            "current_ratio": 136.86,
            "debt_ratio": 44.78,
            "inventory_turnover_ratio": 1.87,
            "account_receivable_turnover_ratio": 2.98,
            "reinvestment_rate": 259.41,
            "research_to_sale_ratio": 1.14,
            "price_fair": 59.62,
            "eps_avg_yearly": 1.7,
            "eps_latest_yearly": 0.68,
            "eps_growth_yearly": 69.45
        },
        "20152": {
            "year_quarter": 20152,
            "year": 2015,
            "quarter": 2,
            "eps": 0.47,
            "eps_growth_year": 487.5,
            "eps_4q": 0.52,
            "eps_4q_growth_year": -55.28,
            "roe": 2.07,
            "roe_4q": 2.02,
            "gross_profit": 747565,
            "gross_margin": 18.37,
            "gross_margin_4q_avg": 9.75,
            "net_income": 395810,
            "revenue": 4070256,
            "common_shares": 8857031,
            "book_valuer_per_share": 18.2,
            "book_valuer_per_share_4q_avg": 18.77,
            "equity": 18820624,
            "current_ratio": 119.68,
            "debt_ratio": 49.19,
            "inventory_turnover_ratio": 1.63,
            "account_receivable_turnover_ratio": 4.19,
            "reinvestment_rate": 277.11,
            "research_to_sale_ratio": 0.96,
            "price_fair": 56.47,
            "eps_avg_yearly": 1.61,
            "eps_latest_yearly": 1.88,
            "eps_growth_yearly": 364.09
        },
        "20153": {
            "year_quarter": 20153,
            "year": 2015,
            "quarter": 3,
            "eps": -0.26,
            "eps_growth_year": -252.94,
            "eps_4q": 0.08,
            "eps_4q_growth_year": -89.37,
            "roe": -1.99,
            "roe_4q": -0.6500000000000001,
            "gross_profit": 307312,
            "gross_margin": 8.6,
            "gross_margin_4q_avg": 10.19,
            "net_income": -371719,
            "revenue": 3574988,
            "common_shares": 8857031,
            "book_valuer_per_share": 17.93,
            "book_valuer_per_share_4q_avg": 18.53,
            "equity": 18519343,
            "current_ratio": 116.51,
            "debt_ratio": 50.25,
            "inventory_turnover_ratio": 1.35,
            "account_receivable_turnover_ratio": 2.39,
            "reinvestment_rate": 375.58,
            "research_to_sale_ratio": 0.94,
            "price_fair": 48.49,
            "eps_avg_yearly": 1.39,
            "eps_latest_yearly": 1.88,
            "eps_growth_yearly": 382.94
        },
        "20154": {
            "year_quarter": 20154,
            "year": 2015,
            "quarter": 4,
            "eps": -0.39,
            "eps_growth_year": null,
            "eps_4q": -0.14,
            "eps_4q_growth_year": -203.51,
            "roe": -2.07,
            "roe_4q": -1.7999999999999998,
            "gross_profit": 76097,
            "gross_margin": 2.21,
            "gross_margin_4q_avg": 9.32,
            "net_income": -376183,
            "revenue": 3439279,
            "common_shares": 8857031,
            "book_valuer_per_share": 17.24,
            "book_valuer_per_share_4q_avg": 18.08,
            "equity": 17819986,
            "current_ratio": 106.54,
            "debt_ratio": 53.3,
            "inventory_turnover_ratio": 1.46,
            "account_receivable_turnover_ratio": 2.04,
            "reinvestment_rate": 432.89,
            "research_to_sale_ratio": 0.85,
            "price_fair": 45.78,
            "eps_avg_yearly": 1.31,
            "eps_latest_yearly": 1.88,
            "eps_growth_yearly": 440.26
        },
        "20161": {
            "year_quarter": 20161,
            "year": 2016,
            "quarter": 1,
            "eps": -0.11,
            "eps_growth_year": -320,
            "eps_4q": -0.3,
            "eps_4q_growth_year": -330.09,
            "roe": -0.77,
            "roe_4q": -2.7600000000000002,
            "gross_profit": 224280,
            "gross_margin": 6.53,
            "gross_margin_4q_avg": 8.93,
            "net_income": -136182,
            "revenue": 3435600,
            "common_shares": 8857031,
            "book_valuer_per_share": 17.03,
            "book_valuer_per_share_4q_avg": 17.6,
            "equity": 17553227,
            "current_ratio": 90.61,
            "debt_ratio": 53.4,
            "inventory_turnover_ratio": 1.57,
            "account_receivable_turnover_ratio": 2.26,
            "reinvestment_rate": 601.84,
            "research_to_sale_ratio": 0.97,
            "price_fair": 40.76,
            "eps_avg_yearly": 1.16,
            "eps_latest_yearly": 1.88,
            "eps_growth_yearly": 480.13
        },
        "20162": {
            "year_quarter": 20162,
            "year": 2016,
            "quarter": 2,
            "eps": -0.28,
            "eps_growth_year": -159.57,
            "eps_4q": -1.05,
            "eps_4q_growth_year": -302.92,
            "roe": -1.99,
            "roe_4q": -6.82,
            "gross_profit": -29289,
            "gross_margin": -0.75,
            "gross_margin_4q_avg": 4.15,
            "net_income": -338982,
            "revenue": 3925592,
            "common_shares": 8857031,
            "book_valuer_per_share": 16.02,
            "book_valuer_per_share_4q_avg": 17.06,
            "equity": 16524414,
            "current_ratio": 87.26,
            "debt_ratio": 54.76,
            "inventory_turnover_ratio": 1.85,
            "account_receivable_turnover_ratio": 2.75,
            "reinvestment_rate": 664.06,
            "research_to_sale_ratio": 0.86,
            "price_fair": 40.76,
            "eps_avg_yearly": 1.16,
            "eps_latest_yearly": 1.88,
            "eps_growth_yearly": 480.13
        },
        "20163": {
            "year_quarter": 20163,
            "year": 2016,
            "quarter": 3,
            "eps": -0.33,
            "eps_growth_year": null,
            "eps_4q": -1.11,
            "eps_4q_growth_year": -1555.66,
            "roe": -2.58,
            "roe_4q": -7.41,
            "gross_profit": -34220,
            "gross_margin": -0.65,
            "gross_margin_4q_avg": 1.84,
            "net_income": -417371,
            "revenue": 5255873,
            "common_shares": 8857031,
            "book_valuer_per_share": 15.48,
            "book_valuer_per_share_4q_avg": 16.44,
            "equity": 15835483,
            "current_ratio": 79.94,
            "debt_ratio": 55.96,
            "inventory_turnover_ratio": 2.31,
            "account_receivable_turnover_ratio": 4.15,
            "reinvestment_rate": 990.21,
            "research_to_sale_ratio": 0.6,
            "price_fair": 40.76,
            "eps_avg_yearly": 1.16,
            "eps_latest_yearly": 1.88,
            "eps_growth_yearly": 480.13
        },
        "20164": {
            "year_quarter": 20164,
            "year": 2016,
            "quarter": 4,
            "eps": 0.07,
            "eps_growth_year": null,
            "eps_4q": -0.64,
            "eps_4q_growth_year": null,
            "roe": 1.55,
            "roe_4q": -3.79,
            "gross_profit": 794275,
            "gross_margin": 11.49,
            "gross_margin_4q_avg": 4.16,
            "net_income": 246845,
            "revenue": 6913989,
            "common_shares": 8857031,
            "book_valuer_per_share": 15.45,
            "book_valuer_per_share_4q_avg": 16,
            "equity": 15959562,
            "current_ratio": 74.25,
            "debt_ratio": 54.5,
            "inventory_turnover_ratio": 3.04,
            "account_receivable_turnover_ratio": 4.65,
            "reinvestment_rate": 1348.83,
            "research_to_sale_ratio": 0.52,
            "price_fair": 39.03,
            "eps_avg_yearly": 1.12,
            "eps_latest_yearly": 1.88,
            "eps_growth_yearly": 531.05
        },
        "20171": {
            "year_quarter": 20171,
            "year": 2017,
            "quarter": 1,
            "eps": 0.52,
            "eps_growth_year": null,
            "eps_4q": -0.02,
            "eps_4q_growth_year": null,
            "roe": 4.71,
            "roe_4q": 1.6899999999999997,
            "gross_profit": 1393907,
            "gross_margin": 19.59,
            "gross_margin_4q_avg": 7.42,
            "net_income": 761112,
            "revenue": 7116332,
            "common_shares": 8857031,
            "book_valuer_per_share": 15.76,
            "book_valuer_per_share_4q_avg": 15.68,
            "equity": 16392947,
            "current_ratio": 76.47,
            "debt_ratio": 52.03,
            "inventory_turnover_ratio": 2.91,
            "account_receivable_turnover_ratio": 4.42,
            "reinvestment_rate": 919.01,
            "research_to_sale_ratio": 0.48,
            "price_fair": 43.58,
            "eps_avg_yearly": 1.25,
            "eps_latest_yearly": 2.08,
            "eps_growth_yearly": 869.15
        },
        "20172": {
            "year_quarter": 20172,
            "year": 2017,
            "quarter": 2,
            "eps": 0.01,
            "eps_growth_year": null,
            "eps_4q": 0.27,
            "eps_4q_growth_year": null,
            "roe": 0.19,
            "roe_4q": 3.87,
            "gross_profit": 465770,
            "gross_margin": 7.02,
            "gross_margin_4q_avg": 9.36,
            "net_income": 31501,
            "revenue": 6632406,
            "common_shares": 8857031,
            "book_valuer_per_share": 15.64,
            "book_valuer_per_share_4q_avg": 15.58,
            "equity": 16371254,
            "current_ratio": 70.85,
            "debt_ratio": 53.41,
            "inventory_turnover_ratio": 3.04,
            "account_receivable_turnover_ratio": 3.62,
            "reinvestment_rate": 1017.53,
            "research_to_sale_ratio": 0.41,
            "price_fair": 40.78,
            "eps_avg_yearly": 1.17,
            "eps_latest_yearly": 0.04,
            "eps_growth_yearly": 837.42
        },
        "20173": {
            "year_quarter": 20173,
            "year": 2017,
            "quarter": 3,
            "eps": 1.14,
            "eps_growth_year": null,
            "eps_4q": 1.75,
            "eps_4q_growth_year": null,
            "roe": 7.04,
            "roe_4q": 13.490000000000002,
            "gross_profit": 1590591,
            "gross_margin": 19.32,
            "gross_margin_4q_avg": 14.36,
            "net_income": 1191782,
            "revenue": 8233888,
            "common_shares": 8857031,
            "book_valuer_per_share": 16.65,
            "book_valuer_per_share_4q_avg": 15.88,
            "equity": 17487768,
            "current_ratio": 82.63,
            "debt_ratio": 50.57,
            "inventory_turnover_ratio": 3.72,
            "account_receivable_turnover_ratio": 3.6,
            "reinvestment_rate": 597.01,
            "research_to_sale_ratio": 0.53,
            "price_fair": 49.88,
            "eps_avg_yearly": 1.43,
            "eps_latest_yearly": 4.56,
            "eps_growth_yearly": 6355.06
        },
        "20174": {
            "year_quarter": 20174,
            "year": 2017,
            "quarter": 4,
            "eps": 0.33,
            "eps_growth_year": 369.88,
            "eps_4q": 2.01,
            "eps_4q_growth_year": null,
            "roe": 2.33,
            "roe_4q": 14.27,
            "gross_profit": 994287,
            "gross_margin": 14.33,
            "gross_margin_4q_avg": 15.07,
            "net_income": 411781,
            "revenue": 6937184,
            "common_shares": 8857031,
            "book_valuer_per_share": 16.98,
            "book_valuer_per_share_4q_avg": 16.26,
            "equity": 17897431,
            "current_ratio": 84.6,
            "debt_ratio": 50.22,
            "inventory_turnover_ratio": 3.06,
            "account_receivable_turnover_ratio": 2.96,
            "reinvestment_rate": 567.33,
            "research_to_sale_ratio": 0.57,
            "price_fair": 48.65,
            "eps_avg_yearly": 1.39,
            "eps_latest_yearly": 1.32,
            "eps_growth_yearly": 6337.28
        },
        "20181": {
            "year_quarter": 20181,
            "year": 2018,
            "quarter": 1,
            "eps": 0.69,
            "eps_growth_year": 32.69,
            "eps_4q": 2.17,
            "eps_4q_growth_year": null,
            "roe": 4.56,
            "roe_4q": 14.12,
            "gross_profit": 1359197,
            "gross_margin": 17.24,
            "gross_margin_4q_avg": 14.48,
            "net_income": 834959,
            "revenue": 7886072,
            "common_shares": 8857031,
            "book_valuer_per_share": 17.61,
            "book_valuer_per_share_4q_avg": 16.72,
            "equity": 18731059,
            "current_ratio": 77.9,
            "debt_ratio": 50.6,
            "inventory_turnover_ratio": 2.78,
            "account_receivable_turnover_ratio": 3.22,
            "reinvestment_rate": 79.18,
            "research_to_sale_ratio": 0.44,
            "price_fair": 59.68,
            "eps_avg_yearly": 1.71,
            "eps_latest_yearly": 2.76,
            "eps_growth_yearly": 6434.33
        },
        "20182": {
            "year_quarter": 20182,
            "year": 2018,
            "quarter": 2,
            "eps": 0.56,
            "eps_growth_year": 5500,
            "eps_4q": 2.73,
            "eps_4q_growth_year": 893.98,
            "roe": 3.14,
            "roe_4q": 17.07,
            "gross_profit": 1134218,
            "gross_margin": 14.95,
            "gross_margin_4q_avg": 16.46,
            "net_income": 573608,
            "revenue": 7588984,
            "common_shares": 8857031,
            "book_valuer_per_share": 16.48,
            "book_valuer_per_share_4q_avg": 16.93,
            "equity": 17768777,
            "current_ratio": 60.22,
            "debt_ratio": 51.45,
            "inventory_turnover_ratio": 3.09,
            "account_receivable_turnover_ratio": 3.27,
            "reinvestment_rate": -51.9,
            "research_to_sale_ratio": 0.61,
            "price_fair": 68.08,
            "eps_avg_yearly": 1.95,
            "eps_latest_yearly": 2.24,
            "eps_growth_yearly": 6408.24
        },
        "20183": {
            "year_quarter": 20183,
            "year": 2018,
            "quarter": 3,
            "eps": 0.63,
            "eps_growth_year": -44.74,
            "eps_4q": 2.21,
            "eps_4q_growth_year": 26.36,
            "roe": 4.29,
            "roe_4q": 14.319999999999999,
            "gross_profit": 1259857,
            "gross_margin": 14.29,
            "gross_margin_4q_avg": 15.2,
            "net_income": 774534,
            "revenue": 8818587,
            "common_shares": 8857031,
            "book_valuer_per_share": 17.02,
            "book_valuer_per_share_4q_avg": 17.02,
            "equity": 18339061,
            "current_ratio": 75.87,
            "debt_ratio": 50.76,
            "inventory_turnover_ratio": 4.15,
            "account_receivable_turnover_ratio": 4.04,
            "reinvestment_rate": -142.14,
            "research_to_sale_ratio": 0.57,
            "price_fair": 76.13,
            "eps_avg_yearly": 2.18,
            "eps_latest_yearly": 2.52,
            "eps_growth_yearly": 6358.24
        },
        "20184": {
            "year_quarter": 20184,
            "year": 2018,
            "quarter": 4,
            "eps": 0.13,
            "eps_growth_year": -60.14,
            "eps_4q": 2.01,
            "eps_4q_growth_year": 0.08,
            "roe": 1.1,
            "roe_4q": 13.09,
            "gross_profit": 545531,
            "gross_margin": 6.97,
            "gross_margin_4q_avg": 13.36,
            "net_income": 203957,
            "revenue": 7822174,
            "common_shares": 8857031,
            "book_valuer_per_share": 17.17,
            "book_valuer_per_share_4q_avg": 17.07,
            "equity": 18587715,
            "current_ratio": 70.33,
            "debt_ratio": 48.93,
            "inventory_turnover_ratio": 4.11,
            "account_receivable_turnover_ratio": 3.49,
            "reinvestment_rate": -223.34,
            "research_to_sale_ratio": 0.53,
            "price_fair": 69.69,
            "eps_avg_yearly": 1.99,
            "eps_latest_yearly": 0.52,
            "eps_growth_yearly": 5616.49
        },
        "20191": {
            "year_quarter": 20191,
            "year": 2019,
            "quarter": 1,
            "eps": 0.22,
            "eps_growth_year": -68.12,
            "eps_4q": 1.54,
            "eps_4q_growth_year": -29.13,
            "roe": 1.16,
            "roe_4q": 9.69,
            "gross_profit": 271285,
            "gross_margin": 4.11,
            "gross_margin_4q_avg": 10.08,
            "net_income": 219640,
            "revenue": 6599968,
            "common_shares": 8857031,
            "book_valuer_per_share": 17.68,
            "book_valuer_per_share_4q_avg": 17.09,
            "equity": 19151986,
            "current_ratio": 73.9,
            "debt_ratio": 48.67,
            "inventory_turnover_ratio": 3.97,
            "account_receivable_turnover_ratio": 3.24,
            "reinvestment_rate": -217.2,
            "research_to_sale_ratio": 0.57,
            "price_fair": 65.8,
            "eps_avg_yearly": 1.88,
            "eps_latest_yearly": 0.88,
            "eps_growth_yearly": 5082.54
        },
        "20192": {
            "year_quarter": 20192,
            "year": 2019,
            "quarter": 2,
            "eps": -0.19,
            "eps_growth_year": -133.93,
            "eps_4q": 0.79,
            "eps_4q_growth_year": -71.16,
            "roe": -1.65,
            "roe_4q": 4.9,
            "gross_profit": -51033,
            "gross_margin": -0.81,
            "gross_margin_4q_avg": 6.14,
            "net_income": -301392,
            "revenue": 6269690,
            "common_shares": 8857031,
            "book_valuer_per_share": 15.85,
            "book_valuer_per_share_4q_avg": 16.93,
            "equity": 17370336,
            "current_ratio": 69.8,
            "debt_ratio": 54.82,
            "inventory_turnover_ratio": 4.23,
            "account_receivable_turnover_ratio": 3.27,
            "reinvestment_rate": -308.06,
            "research_to_sale_ratio": 0.6,
            "price_fair": 65.8,
            "eps_avg_yearly": 1.88,
            "eps_latest_yearly": 0.88,
            "eps_growth_yearly": 5273.93
        },
        "20193": {
            "year_quarter": 20193,
            "year": 2019,
            "quarter": 3,
            "eps": 0.06,
            "eps_growth_year": -90.48,
            "eps_4q": 0.22,
            "eps_4q_growth_year": -90.09,
            "roe": -0.04,
            "roe_4q": 0.5700000000000001,
            "gross_profit": 227674,
            "gross_margin": 4.22,
            "gross_margin_4q_avg": 3.62,
            "net_income": -7124,
            "revenue": 5397335,
            "common_shares": 8857031,
            "book_valuer_per_share": 15.63,
            "book_valuer_per_share_4q_avg": 16.58,
            "equity": 17016850,
            "current_ratio": 53.05,
            "debt_ratio": 51.84,
            "inventory_turnover_ratio": 3.78,
            "account_receivable_turnover_ratio": 3.22,
            "reinvestment_rate": -294.05,
            "research_to_sale_ratio": 0.79,
            "price_fair": 65.8,
            "eps_avg_yearly": 1.88,
            "eps_latest_yearly": 0.88,
            "eps_growth_yearly": 5273.93
        },
        "20194": {
            "year_quarter": 20194,
            "year": 2019,
            "quarter": 4,
            "eps": -0.05,
            "eps_growth_year": -136.82,
            "eps_4q": 0.04,
            "eps_4q_growth_year": -98.08,
            "roe": -0.99,
            "roe_4q": -1.5199999999999998,
            "gross_profit": -470213,
            "gross_margin": -11.54,
            "gross_margin_4q_avg": -1.01,
            "net_income": -166476,
            "revenue": 4074234,
            "common_shares": 8857031,
            "book_valuer_per_share": 15.51,
            "book_valuer_per_share_4q_avg": 16.17,
            "equity": 16723595,
            "current_ratio": 71.02,
            "debt_ratio": 54.63,
            "inventory_turnover_ratio": 3.52,
            "account_receivable_turnover_ratio": 3.18,
            "reinvestment_rate": -281.81,
            "research_to_sale_ratio": 1.06,
            "price_fair": 65.8,
            "eps_avg_yearly": 1.88,
            "eps_latest_yearly": 0.88,
            "eps_growth_yearly": 5273.93
        },
        "20201": {
            "year_quarter": 20201,
            "year": 2020,
            "quarter": 1,
            "eps": -0.31,
            "eps_growth_year": -240.91,
            "eps_4q": -0.49,
            "eps_4q_growth_year": -132.13,
            "roe": -2.34,
            "roe_4q": -5.02,
            "gross_profit": 64873,
            "gross_margin": 1.5,
            "gross_margin_4q_avg": -1.66,
            "net_income": -381659,
            "revenue": 4311769,
            "common_shares": 8857031,
            "book_valuer_per_share": 14.66,
            "book_valuer_per_share_4q_avg": 15.41,
            "equity": 15854751,
            "current_ratio": 73.86,
            "debt_ratio": 56.54,
            "inventory_turnover_ratio": 3.2,
            "account_receivable_turnover_ratio": 4.56,
            "reinvestment_rate": -317.45,
            "research_to_sale_ratio": 0.84,
            "price_fair": 65.8,
            "eps_avg_yearly": 1.88,
            "eps_latest_yearly": 0.88,
            "eps_growth_yearly": 5273.93
        },
        "20202": {
            "year_quarter": 20202,
            "year": 2020,
            "quarter": 2,
            "eps": -0.17,
            "eps_growth_year": null,
            "eps_4q": -0.47,
            "eps_4q_growth_year": -160.27,
            "roe": -0.73,
            "roe_4q": -4.1,
            "gross_profit": 386741,
            "gross_margin": 7.91,
            "gross_margin_4q_avg": 0.52,
            "net_income": -114189,
            "revenue": 4890516,
            "common_shares": 8857031,
            "book_valuer_per_share": 14.36,
            "book_valuer_per_share_4q_avg": 15.04,
            "equity": 15562174,
            "current_ratio": 76.89,
            "debt_ratio": 57.31,
            "inventory_turnover_ratio": 4.11,
            "account_receivable_turnover_ratio": 5.3,
            "reinvestment_rate": -300.51,
            "research_to_sale_ratio": 0.82,
            "price_fair": 65.8,
            "eps_avg_yearly": 1.88,
            "eps_latest_yearly": 0.88,
            "eps_growth_yearly": 5273.93
        },
        "20203": {
            "year_quarter": 20203,
            "year": 2020,
            "quarter": 3,
            "eps": -0.2,
            "eps_growth_year": -433.33,
            "eps_4q": -0.73,
            "eps_4q_growth_year": -431.5,
            "roe": -1.52,
            "roe_4q": -5.58,
            "gross_profit": 180055,
            "gross_margin": 4.24,
            "gross_margin_4q_avg": 0.53,
            "net_income": -236531,
            "revenue": 4246074,
            "common_shares": 8857031,
            "book_valuer_per_share": 14.31,
            "book_valuer_per_share_4q_avg": 14.71,
            "equity": 15514949,
            "current_ratio": 77.58,
            "debt_ratio": 57.56,
            "inventory_turnover_ratio": 3.91,
            "account_receivable_turnover_ratio": 4.4,
            "reinvestment_rate": -276.21,
            "research_to_sale_ratio": 0.88,
            "price_fair": 65.8,
            "eps_avg_yearly": 1.88,
            "eps_latest_yearly": 0.88,
            "eps_growth_yearly": 5273.93
        },
        "20204": {
            "year_quarter": 20204,
            "year": 2020,
            "quarter": 4,
            "eps": -0.54,
            "eps_growth_year": null,
            "eps_4q": -1.22,
            "eps_4q_growth_year": -3267.05,
            "roe": -4.86,
            "roe_4q": -9.450000000000001,
            "gross_profit": -113835,
            "gross_margin": -2.14,
            "gross_margin_4q_avg": 2.88,
            "net_income": -739268,
            "revenue": 5314800,
            "common_shares": 8857031,
            "book_valuer_per_share": 13.88,
            "book_valuer_per_share_4q_avg": 14.3,
            "equity": 14911806,
            "current_ratio": 70.54,
            "debt_ratio": 56.28,
            "inventory_turnover_ratio": 4.82,
            "account_receivable_turnover_ratio": 4.85,
            "reinvestment_rate": -328.6,
            "research_to_sale_ratio": 0.68,
            "price_fair": 65.8,
            "eps_avg_yearly": 1.88,
            "eps_latest_yearly": 0.88,
            "eps_growth_yearly": 5273.93
        },
        "20211": {
            "year_quarter": 20211,
            "year": 2021,
            "quarter": 1,
            "eps": 0.64,
            "eps_growth_year": null,
            "eps_4q": -0.27,
            "eps_4q_growth_year": null,
            "roe": 5.91,
            "roe_4q": -1.2000000000000002,
            "gross_profit": 889820,
            "gross_margin": 13.53,
            "gross_margin_4q_avg": 5.89,
            "net_income": 908519,
            "revenue": 6574763,
            "common_shares": 8857031,
            "book_valuer_per_share": 14.56,
            "book_valuer_per_share_4q_avg": 14.28,
            "equity": 15839392,
            "current_ratio": 85.24,
            "debt_ratio": 54.66,
            "inventory_turnover_ratio": 4.7,
            "account_receivable_turnover_ratio": 4.71,
            "reinvestment_rate": -292.39,
            "research_to_sale_ratio": 0.74,
            "price_fair": 64.93,
            "eps_avg_yearly": 1.86,
            "eps_latest_yearly": 0.88,
            "eps_growth_yearly": 5611.74
        },
        "20212": {
            "year_quarter": 20212,
            "year": 2021,
            "quarter": 2,
            "eps": 0.06,
            "eps_growth_year": null,
            "eps_4q": -0.04,
            "eps_4q_growth_year": null,
            "roe": 0.24,
            "roe_4q": -0.22999999999999998,
            "gross_profit": 513441,
            "gross_margin": 7.06,
            "gross_margin_4q_avg": 5.67,
            "net_income": 37575,
            "revenue": 7275444,
            "common_shares": 8857031,
            "book_valuer_per_share": 14.71,
            "book_valuer_per_share_4q_avg": 14.37,
            "equity": 15936169,
            "current_ratio": 82.77,
            "debt_ratio": 53.23,
            "inventory_turnover_ratio": 5.1,
            "account_receivable_turnover_ratio": 4.58,
            "reinvestment_rate": -304.12,
            "research_to_sale_ratio": 0.64,
            "price_fair": 65.8,
            "eps_avg_yearly": 1.88,
            "eps_latest_yearly": 0.24,
            "eps_growth_yearly": 5615.47
        },
        "20213": {
            "year_quarter": 20213,
            "year": 2021,
            "quarter": 3,
            "eps": 0.26,
            "eps_growth_year": null,
            "eps_4q": 0.41,
            "eps_4q_growth_year": null,
            "roe": 1.57,
            "roe_4q": 2.8600000000000003,
            "gross_profit": 659262,
            "gross_margin": 9.44,
            "gross_margin_4q_avg": 6.97,
            "net_income": 250802,
            "revenue": 6983380,
            "common_shares": 8857031,
            "book_valuer_per_share": 14.79,
            "book_valuer_per_share_4q_avg": 14.49,
            "equity": 16014735,
            "current_ratio": 71.57,
            "debt_ratio": 53.45,
            "inventory_turnover_ratio": 5.52,
            "account_receivable_turnover_ratio": 4.72,
            "reinvestment_rate": -404.98,
            "research_to_sale_ratio": 0.69,
            "price_fair": 50.4,
            "eps_avg_yearly": 1.44,
            "eps_latest_yearly": 1.04,
            "eps_growth_yearly": 132.14
        },
        "20214": {
            "year_quarter": 20214,
            "year": 2021,
            "quarter": 4,
            "eps": 0.07,
            "eps_growth_year": null,
            "eps_4q": 1.03,
            "eps_4q_growth_year": null,
            "roe": -0.06,
            "roe_4q": 7.66,
            "gross_profit": 489522,
            "gross_margin": 7.36,
            "gross_margin_4q_avg": 9.35,
            "net_income": -10141,
            "revenue": 6648132,
            "common_shares": 8857031,
            "book_valuer_per_share": 14.64,
            "book_valuer_per_share_4q_avg": 14.68,
            "equity": 15920602,
            "current_ratio": 72.52,
            "debt_ratio": 52.86,
            "inventory_turnover_ratio": 4.98,
            "account_receivable_turnover_ratio": 4.93,
            "reinvestment_rate": -475.96,
            "research_to_sale_ratio": 0.79,
            "price_fair": 45.85,
            "eps_avg_yearly": 1.31,
            "eps_latest_yearly": 0.28,
            "eps_growth_yearly": 131.12
        },
        "20221": {
            "year_quarter": 20221,
            "year": 2022,
            "quarter": 1,
            "eps": -0.08,
            "eps_growth_year": -112.5,
            "eps_4q": 0.3,
            "eps_4q_growth_year": null,
            "roe": -1.63,
            "roe_4q": 0.1200000000000001,
            "gross_profit": 177964,
            "gross_margin": 2.73,
            "gross_margin_4q_avg": 6.65,
            "net_income": -259865,
            "revenue": 6525184,
            "common_shares": 8857031,
            "book_valuer_per_share": 14.87,
            "book_valuer_per_share_4q_avg": 14.75,
            "equity": 16042942,
            "current_ratio": 69.04,
            "debt_ratio": 53.76,
            "inventory_turnover_ratio": 4.36,
            "account_receivable_turnover_ratio": 5,
            "reinvestment_rate": -273.26,
            "research_to_sale_ratio": 0.79,
            "price_fair": 38.6,
            "eps_avg_yearly": 1.1,
            "eps_latest_yearly": 0.28,
            "eps_growth_yearly": 87.52
        },
        "20222": {
            "year_quarter": 20222,
            "year": 2022,
            "quarter": 2,
            "eps": -0.22,
            "eps_growth_year": -466.67,
            "eps_4q": 0.04,
            "eps_4q_growth_year": null,
            "roe": -2.73,
            "roe_4q": -2.8499999999999988,
            "gross_profit": -53691,
            "gross_margin": -0.97,
            "gross_margin_4q_avg": 4.64,
            "net_income": -419167,
            "revenue": 5519393,
            "common_shares": 8857031,
            "book_valuer_per_share": 13.65,
            "book_valuer_per_share_4q_avg": 14.49,
            "equity": 14685387,
            "current_ratio": 55.92,
            "debt_ratio": 56.67,
            "inventory_turnover_ratio": 3.58,
            "account_receivable_turnover_ratio": 4.39,
            "reinvestment_rate": -979.3,
            "research_to_sale_ratio": 0.93,
            "price_fair": 31.97,
            "eps_avg_yearly": 0.91,
            "eps_latest_yearly": 0.28,
            "eps_growth_yearly": 114.66
        },
        "20223": {
            "year_quarter": 20223,
            "year": 2022,
            "quarter": 3,
            "eps": -0.29,
            "eps_growth_year": -211.54,
            "eps_4q": -0.52,
            "eps_4q_growth_year": -225.32,
            "roe": -3.48,
            "roe_4q": -7.8999999999999995,
            "gross_profit": -152097,
            "gross_margin": -3.09,
            "gross_margin_4q_avg": 1.51,
            "net_income": -502520,
            "revenue": 4915975,
            "common_shares": 8857031,
            "book_valuer_per_share": 13.34,
            "book_valuer_per_share_4q_avg": 14.13,
            "equity": 14200764,
            "current_ratio": 66.22,
            "debt_ratio": 59.14,
            "inventory_turnover_ratio": 3.55,
            "account_receivable_turnover_ratio": 4.16,
            "reinvestment_rate": null,
            "research_to_sale_ratio": 0.97,
            "price_fair": 20.72,
            "eps_avg_yearly": 0.59,
            "eps_latest_yearly": 0.28,
            "eps_growth_yearly": 127.6
        },
        "20224": {
            "year_quarter": 20224,
            "year": 2022,
            "quarter": 4,
            "eps": 0.64,
            "eps_growth_year": 767.69,
            "eps_4q": 0.04,
            "eps_4q_growth_year": -95.68,
            "roe": 2.75,
            "roe_4q": -5.09,
            "gross_profit": -27191,
            "gross_margin": -0.53,
            "gross_margin_4q_avg": -0.47,
            "net_income": 391527,
            "revenue": 5120547,
            "common_shares": 8857031,
            "book_valuer_per_share": 13.68,
            "book_valuer_per_share_4q_avg": 13.89,
            "equity": 14294735,
            "current_ratio": 65,
            "debt_ratio": 59.05,
            "inventory_turnover_ratio": 4.08,
            "account_receivable_turnover_ratio": 4.56,
            "reinvestment_rate": null,
            "research_to_sale_ratio": 0.85,
            "price_fair": 21.35,
            "eps_avg_yearly": 0.61,
            "eps_latest_yearly": 0.28,
            "eps_growth_yearly": 238.86
        },
        "20231": {
            "year_quarter": 20231,
            "year": 2023,
            "quarter": 1,
            "eps": 0.72,
            "eps_growth_year": null,
            "eps_4q": 0.85,
            "eps_4q_growth_year": 177.68,
            "roe": 3.4,
            "roe_4q": -0.05999999999999961,
            "gross_profit": 136992,
            "gross_margin": 2.62,
            "gross_margin_4q_avg": -0.49,
            "net_income": 496884,
            "revenue": 5224684,
            "common_shares": 8857031,
            "book_valuer_per_share": 14.53,
            "book_valuer_per_share_4q_avg": 13.8,
            "equity": 14920840,
            "current_ratio": 68.64,
            "debt_ratio": 57.52,
            "inventory_turnover_ratio": 4.33,
            "account_receivable_turnover_ratio": 4.72,
            "reinvestment_rate": -974.25,
            "research_to_sale_ratio": 0.97,
            "price_fair": 38.85,
            "eps_avg_yearly": 1.11,
            "eps_latest_yearly": 2.88,
            "eps_growth_yearly": 182.13
        }
    },
    "months": {
        "2001-06": {
            "month": "2001-06",
            "price": "8.03",
            "revenue": 258573
        },
        "2001-07": {
            "month": "2001-07",
            "price": "6.99",
            "revenue": 404413
        },
        "2001-08": {
            "month": "2001-08",
            "price": "8.31",
            "revenue": 370377
        },
        "2001-09": {
            "month": "2001-09",
            "price": "8.63",
            "revenue": 395971
        },
        "2001-10": {
            "month": "2001-10",
            "price": "8.39",
            "revenue": 380449
        },
        "2001-11": {
            "month": "2001-11",
            "price": "8.86",
            "revenue": 392740
        },
        "2001-12": {
            "month": "2001-12",
            "price": "10.58",
            "revenue": 305630
        },
        "2002-01": {
            "month": "2002-01",
            "price": "11.79",
            "revenue": 363445
        },
        "2002-02": {
            "month": "2002-02",
            "price": "10.89",
            "revenue": 351703
        },
        "2002-03": {
            "month": "2002-03",
            "price": "15.89",
            "revenue": 430115
        },
        "2002-04": {
            "month": "2002-04",
            "price": "23.60",
            "revenue": 471302
        },
        "2002-05": {
            "month": "2002-05",
            "price": "20.93",
            "revenue": 470737
        },
        "2002-06": {
            "month": "2002-06",
            "price": "20.42",
            "revenue": 451574
        },
        "2002-07": {
            "month": "2002-07",
            "price": "23.39",
            "revenue": 394774
        },
        "2002-08": {
            "month": "2002-08",
            "price": "24.80",
            "revenue": 566141
        },
        "2002-09": {
            "month": "2002-09",
            "price": "21.90",
            "revenue": 647888
        },
        "2002-10": {
            "month": "2002-10",
            "price": "19.63",
            "revenue": 595036
        },
        "2002-11": {
            "month": "2002-11",
            "price": "24.48",
            "revenue": 538462
        },
        "2002-12": {
            "month": "2002-12",
            "price": "30.50",
            "revenue": 536942
        },
        "2003-01": {
            "month": "2003-01",
            "price": "39.77",
            "revenue": 533840
        },
        "2003-02": {
            "month": "2003-02",
            "price": "37.15",
            "revenue": 539895
        },
        "2003-03": {
            "month": "2003-03",
            "price": "35.10",
            "revenue": 581338
        },
        "2003-04": {
            "month": "2003-04",
            "price": "34.10",
            "revenue": 383816
        },
        "2003-05": {
            "month": "2003-05",
            "price": "33.56",
            "revenue": 514177
        },
        "2003-06": {
            "month": "2003-06",
            "price": "35.75",
            "revenue": 669030
        },
        "2003-07": {
            "month": "2003-07",
            "price": "37.10",
            "revenue": 700477
        },
        "2003-08": {
            "month": "2003-08",
            "price": "38.52",
            "revenue": 754669
        },
        "2003-09": {
            "month": "2003-09",
            "price": "37.42",
            "revenue": 695964
        },
        "2003-10": {
            "month": "2003-10",
            "price": "41.97",
            "revenue": 730863
        },
        "2003-11": {
            "month": "2003-11",
            "price": "42.18",
            "revenue": 705289
        },
        "2003-12": {
            "month": "2003-12",
            "price": "42.53",
            "revenue": 687415
        },
        "2004-01": {
            "month": "2004-01",
            "price": "45.15",
            "revenue": 750366
        },
        "2004-02": {
            "month": "2004-02",
            "price": "42.40",
            "revenue": 757679
        },
        "2004-03": {
            "month": "2004-03",
            "price": "40.44",
            "revenue": 777675
        },
        "2004-04": {
            "month": "2004-04",
            "price": "41.10",
            "revenue": 748909
        },
        "2004-05": {
            "month": "2004-05",
            "price": "34.70",
            "revenue": 813005
        },
        "2004-06": {
            "month": "2004-06",
            "price": "33.59",
            "revenue": 808223
        },
        "2004-07": {
            "month": "2004-07",
            "price": "31.72",
            "revenue": 988050
        },
        "2004-08": {
            "month": "2004-08",
            "price": "30.80",
            "revenue": 992029
        },
        "2004-09": {
            "month": "2004-09",
            "price": "36.46",
            "revenue": 986504
        },
        "2004-10": {
            "month": "2004-10",
            "price": "36.78",
            "revenue": 1175379
        },
        "2004-11": {
            "month": "2004-11",
            "price": "33.95",
            "revenue": 1086125
        },
        "2004-12": {
            "month": "2004-12",
            "price": "34.23",
            "revenue": 644897
        },
        "2005-01": {
            "month": "2005-01",
            "price": "33.73",
            "revenue": 1033326
        },
        "2005-02": {
            "month": "2005-02",
            "price": "33.36",
            "revenue": 921907
        },
        "2005-03": {
            "month": "2005-03",
            "price": "33.38",
            "revenue": 1151434
        },
        "2005-04": {
            "month": "2005-04",
            "price": "30.92",
            "revenue": 722699
        },
        "2005-05": {
            "month": "2005-05",
            "price": "29.42",
            "revenue": 654303
        },
        "2005-06": {
            "month": "2005-06",
            "price": "30.11",
            "revenue": 826611
        },
        "2005-07": {
            "month": "2005-07",
            "price": "29.47",
            "revenue": 900897
        },
        "2005-08": {
            "month": "2005-08",
            "price": "25.12",
            "revenue": 898789
        },
        "2005-09": {
            "month": "2005-09",
            "price": "22.27",
            "revenue": 1128161
        },
        "2005-10": {
            "month": "2005-10",
            "price": "22.02",
            "revenue": 986722
        },
        "2005-11": {
            "month": "2005-11",
            "price": "22.15",
            "revenue": 735150
        },
        "2005-12": {
            "month": "2005-12",
            "price": "21.70",
            "revenue": 1043757
        },
        "2006-01": {
            "month": "2006-01",
            "price": "21.60",
            "revenue": 793079
        },
        "2006-02": {
            "month": "2006-02",
            "price": "21.76",
            "revenue": 824729
        },
        "2006-03": {
            "month": "2006-03",
            "price": "20.60",
            "revenue": 768710
        },
        "2006-04": {
            "month": "2006-04",
            "price": "21.64",
            "revenue": 607783
        },
        "2006-05": {
            "month": "2006-05",
            "price": "21.74",
            "revenue": 859943
        },
        "2006-06": {
            "month": "2006-06",
            "price": "20.85",
            "revenue": 990266
        },
        "2006-07": {
            "month": "2006-07",
            "price": "19.35",
            "revenue": 971719
        },
        "2006-08": {
            "month": "2006-08",
            "price": "18.17",
            "revenue": 1062586
        },
        "2006-09": {
            "month": "2006-09",
            "price": "18.11",
            "revenue": 881761
        },
        "2006-10": {
            "month": "2006-10",
            "price": "20.15",
            "revenue": 873857
        },
        "2006-11": {
            "month": "2006-11",
            "price": "20.37",
            "revenue": 986691
        },
        "2006-12": {
            "month": "2006-12",
            "price": "21.40",
            "revenue": 1059657
        },
        "2007-01": {
            "month": "2007-01",
            "price": "21.23",
            "revenue": 1045946
        },
        "2007-02": {
            "month": "2007-02",
            "price": "21.89",
            "revenue": 830157
        },
        "2007-03": {
            "month": "2007-03",
            "price": "22.63",
            "revenue": 1092821
        },
        "2007-04": {
            "month": "2007-04",
            "price": "26.04",
            "revenue": 1164756
        },
        "2007-05": {
            "month": "2007-05",
            "price": "26.13",
            "revenue": 1206843
        },
        "2007-06": {
            "month": "2007-06",
            "price": "27.50",
            "revenue": 1019213
        },
        "2007-07": {
            "month": "2007-07",
            "price": "29.51",
            "revenue": 1072885
        },
        "2007-08": {
            "month": "2007-08",
            "price": "29.15",
            "revenue": 1045807
        },
        "2007-09": {
            "month": "2007-09",
            "price": "39.29",
            "revenue": 1035882
        },
        "2007-10": {
            "month": "2007-10",
            "price": "48.75",
            "revenue": 1040725
        },
        "2007-11": {
            "month": "2007-11",
            "price": "42.17",
            "revenue": 1341322
        },
        "2007-12": {
            "month": "2007-12",
            "price": "37.62",
            "revenue": 1472365
        },
        "2008-01": {
            "month": "2008-01",
            "price": "32.28",
            "revenue": 1331839
        },
        "2008-02": {
            "month": "2008-02",
            "price": "28.90",
            "revenue": 1314886
        },
        "2008-03": {
            "month": "2008-03",
            "price": "32.96",
            "revenue": 1432770
        },
        "2008-04": {
            "month": "2008-04",
            "price": "33.19",
            "revenue": 1198030
        },
        "2008-05": {
            "month": "2008-05",
            "price": "41.39",
            "revenue": 1415042
        },
        "2008-06": {
            "month": "2008-06",
            "price": "38.73",
            "revenue": 1525659
        },
        "2008-07": {
            "month": "2008-07",
            "price": "30.81",
            "revenue": 1311202
        },
        "2008-08": {
            "month": "2008-08",
            "price": "23.81",
            "revenue": 1041124
        },
        "2008-09": {
            "month": "2008-09",
            "price": "19.41",
            "revenue": 969201
        },
        "2008-10": {
            "month": "2008-10",
            "price": "14.63",
            "revenue": 696866
        },
        "2008-11": {
            "month": "2008-11",
            "price": "13.62",
            "revenue": 430491
        },
        "2008-12": {
            "month": "2008-12",
            "price": "13.99",
            "revenue": 677574
        },
        "2009-01": {
            "month": "2009-01",
            "price": "13.69",
            "revenue": 724125
        },
        "2009-02": {
            "month": "2009-02",
            "price": "13.64",
            "revenue": 710210
        },
        "2009-03": {
            "month": "2009-03",
            "price": "15.08",
            "revenue": 730965
        },
        "2009-04": {
            "month": "2009-04",
            "price": "17.62",
            "revenue": 871637
        },
        "2009-05": {
            "month": "2009-05",
            "price": "18.71",
            "revenue": 571674
        },
        "2009-06": {
            "month": "2009-06",
            "price": "20.19",
            "revenue": 681523
        },
        "2009-07": {
            "month": "2009-07",
            "price": "19.29",
            "revenue": 940499
        },
        "2009-08": {
            "month": "2009-08",
            "price": "19.36",
            "revenue": 853541
        },
        "2009-09": {
            "month": "2009-09",
            "price": "20.12",
            "revenue": 872258
        },
        "2009-10": {
            "month": "2009-10",
            "price": "23.27",
            "revenue": 993469
        },
        "2009-11": {
            "month": "2009-11",
            "price": "23.94",
            "revenue": 935585
        },
        "2009-12": {
            "month": "2009-12",
            "price": "25.15",
            "revenue": 952507
        },
        "2010-01": {
            "month": "2010-01",
            "price": "27.44",
            "revenue": 1084405
        },
        "2010-02": {
            "month": "2010-02",
            "price": "24.60",
            "revenue": 977145
        },
        "2010-03": {
            "month": "2010-03",
            "price": "26.05",
            "revenue": 1224587
        },
        "2010-04": {
            "month": "2010-04",
            "price": "27.52",
            "revenue": 1139700
        },
        "2010-05": {
            "month": "2010-05",
            "price": "24.68",
            "revenue": 1040758
        },
        "2010-06": {
            "month": "2010-06",
            "price": "23.53",
            "revenue": 987999
        },
        "2010-07": {
            "month": "2010-07",
            "price": "23.87",
            "revenue": 1060163
        },
        "2010-08": {
            "month": "2010-08",
            "price": "25.14",
            "revenue": 1095727
        },
        "2010-09": {
            "month": "2010-09",
            "price": "26.15",
            "revenue": 893599
        },
        "2010-10": {
            "month": "2010-10",
            "price": "30.93",
            "revenue": 1036184
        },
        "2010-11": {
            "month": "2010-11",
            "price": "33.33",
            "revenue": 1078566
        },
        "2010-12": {
            "month": "2010-12",
            "price": "36.43",
            "revenue": 791336
        },
        "2011-01": {
            "month": "2011-01",
            "price": "39.44",
            "revenue": 1168208
        },
        "2011-02": {
            "month": "2011-02",
            "price": "43.84",
            "revenue": 1118352
        },
        "2011-03": {
            "month": "2011-03",
            "price": "41.84",
            "revenue": 1272825
        },
        "2011-04": {
            "month": "2011-04",
            "price": "39.17",
            "revenue": 1126939
        },
        "2011-05": {
            "month": "2011-05",
            "price": "40.77",
            "revenue": 1189660
        },
        "2011-06": {
            "month": "2011-06",
            "price": "42.34",
            "revenue": 1176698
        },
        "2011-07": {
            "month": "2011-07",
            "price": "47.36",
            "revenue": 968763
        },
        "2011-08": {
            "month": "2011-08",
            "price": "48.39",
            "revenue": 1238695
        },
        "2011-09": {
            "month": "2011-09",
            "price": "42.90",
            "revenue": 1263712
        },
        "2011-10": {
            "month": "2011-10",
            "price": "37.79",
            "revenue": 1045785
        },
        "2011-11": {
            "month": "2011-11",
            "price": "40.58",
            "revenue": 1148239
        },
        "2011-12": {
            "month": "2011-12",
            "price": "38.11",
            "revenue": 1156882
        },
        "2012-01": {
            "month": "2012-01",
            "price": "40.09",
            "revenue": 975010
        },
        "2012-02": {
            "month": "2012-02",
            "price": "42.17",
            "revenue": 1122103
        },
        "2012-03": {
            "month": "2012-03",
            "price": "39.26",
            "revenue": 1357126
        },
        "2012-04": {
            "month": "2012-04",
            "price": "36.58",
            "revenue": 978590
        },
        "2012-05": {
            "month": "2012-05",
            "price": "35.60",
            "revenue": 1071961
        },
        "2012-06": {
            "month": "2012-06",
            "price": "35.06",
            "revenue": 888765
        },
        "2012-07": {
            "month": "2012-07",
            "price": "37.59",
            "revenue": 944711
        },
        "2012-08": {
            "month": "2012-08",
            "price": "34.70",
            "revenue": 916444
        },
        "2012-09": {
            "month": "2012-09",
            "price": "33.86",
            "revenue": 970591
        },
        "2012-10": {
            "month": "2012-10",
            "price": "33.17",
            "revenue": 1079837
        },
        "2012-11": {
            "month": "2012-11",
            "price": "34.04",
            "revenue": 1068665
        },
        "2012-12": {
            "month": "2012-12",
            "price": "34.82",
            "revenue": 897953
        },
        "2013-01": {
            "month": "2013-01",
            "price": "35.03",
            "revenue": 1348354
        },
        "2013-02": {
            "month": "2013-02",
            "price": "33.95",
            "revenue": 1108045
        },
        "2013-03": {
            "month": "2013-03",
            "price": "31.69",
            "revenue": 1088535
        },
        "2013-04": {
            "month": "2013-04",
            "price": "31.47",
            "revenue": 1269924
        },
        "2013-05": {
            "month": "2013-05",
            "price": "31.90",
            "revenue": 1212006
        },
        "2013-06": {
            "month": "2013-06",
            "price": "28.91",
            "revenue": 1139521
        },
        "2013-07": {
            "month": "2013-07",
            "price": "28.55",
            "revenue": 1570481
        },
        "2013-08": {
            "month": "2013-08",
            "price": "29.19",
            "revenue": 1363836
        },
        "2013-09": {
            "month": "2013-09",
            "price": "29.62",
            "revenue": 1393332
        },
        "2013-10": {
            "month": "2013-10",
            "price": "31.28",
            "revenue": 1296441
        },
        "2013-11": {
            "month": "2013-11",
            "price": "30.68",
            "revenue": 1286307
        },
        "2013-12": {
            "month": "2013-12",
            "price": "31.96",
            "revenue": 1357155
        },
        "2014-01": {
            "month": "2014-01",
            "price": "31.33",
            "revenue": 1256013
        },
        "2014-02": {
            "month": "2014-02",
            "price": "30.44",
            "revenue": 1109006
        },
        "2014-03": {
            "month": "2014-03",
            "price": "29.97",
            "revenue": 1239209
        },
        "2014-04": {
            "month": "2014-04",
            "price": "30.48",
            "revenue": 1272889
        },
        "2014-05": {
            "month": "2014-05",
            "price": "29.77",
            "revenue": 1258353
        },
        "2014-06": {
            "month": "2014-06",
            "price": "30.44",
            "revenue": 1327246
        },
        "2014-07": {
            "month": "2014-07",
            "price": "30.54",
            "revenue": 1247516
        },
        "2014-08": {
            "month": "2014-08",
            "price": "28.12",
            "revenue": 1114352
        },
        "2014-09": {
            "month": "2014-09",
            "price": "26.78",
            "revenue": 928266
        },
        "2014-10": {
            "month": "2014-10",
            "price": "23.42",
            "revenue": 971857
        },
        "2014-11": {
            "month": "2014-11",
            "price": "23.19",
            "revenue": 1184159
        },
        "2014-12": {
            "month": "2014-12",
            "price": "25.15",
            "revenue": 1217468
        },
        "2015-01": {
            "month": "2015-01",
            "price": "28.12",
            "revenue": 732702
        },
        "2015-02": {
            "month": "2015-02",
            "price": "28.62",
            "revenue": 745353
        },
        "2015-03": {
            "month": "2015-03",
            "price": "28.22",
            "revenue": 1361897
        },
        "2015-04": {
            "month": "2015-04",
            "price": "27.08",
            "revenue": 1412486
        },
        "2015-05": {
            "month": "2015-05",
            "price": "26.36",
            "revenue": 1369866
        },
        "2015-06": {
            "month": "2015-06",
            "price": "24.89",
            "revenue": 1287904
        },
        "2015-07": {
            "month": "2015-07",
            "price": "21.38",
            "revenue": 1153278
        },
        "2015-08": {
            "month": "2015-08",
            "price": "21.82",
            "revenue": 1191056
        },
        "2015-09": {
            "month": "2015-09",
            "price": "24.46",
            "revenue": 1230654
        },
        "2015-10": {
            "month": "2015-10",
            "price": "24.41",
            "revenue": 1232249
        },
        "2015-11": {
            "month": "2015-11",
            "price": "22.85",
            "revenue": 1018618
        },
        "2015-12": {
            "month": "2015-12",
            "price": "20.81",
            "revenue": 1188412
        },
        "2016-01": {
            "month": "2016-01",
            "price": "19.55",
            "revenue": 1049911
        },
        "2016-02": {
            "month": "2016-02",
            "price": "20.46",
            "revenue": 916007
        },
        "2016-03": {
            "month": "2016-03",
            "price": "21.95",
            "revenue": 1469682
        },
        "2016-04": {
            "month": "2016-04",
            "price": "20.89",
            "revenue": 1295902
        },
        "2016-05": {
            "month": "2016-05",
            "price": "19.70",
            "revenue": 1053287
        },
        "2016-06": {
            "month": "2016-06",
            "price": "19.80",
            "revenue": 1576403
        },
        "2016-07": {
            "month": "2016-07",
            "price": "20.42",
            "revenue": 1721898
        },
        "2016-08": {
            "month": "2016-08",
            "price": "19.60",
            "revenue": 1678847
        },
        "2016-09": {
            "month": "2016-09",
            "price": "19.92",
            "revenue": 1855128
        },
        "2016-10": {
            "month": "2016-10",
            "price": "20.31",
            "revenue": 1852566
        },
        "2016-11": {
            "month": "2016-11",
            "price": "20.40",
            "revenue": 2352451
        },
        "2016-12": {
            "month": "2016-12",
            "price": "23.13",
            "revenue": 2708972
        },
        "2017-01": {
            "month": "2017-01",
            "price": "25.46",
            "revenue": 2412818
        },
        "2017-02": {
            "month": "2017-02",
            "price": "27.98",
            "revenue": 2506748
        },
        "2017-03": {
            "month": "2017-03",
            "price": "24.43",
            "revenue": 2196766
        },
        "2017-04": {
            "month": "2017-04",
            "price": "22.86",
            "revenue": 1911681
        },
        "2017-05": {
            "month": "2017-05",
            "price": "22.48",
            "revenue": 2291016
        },
        "2017-06": {
            "month": "2017-06",
            "price": "23.98",
            "revenue": 2429709
        },
        "2017-07": {
            "month": "2017-07",
            "price": "26.95",
            "revenue": 2666111
        },
        "2017-08": {
            "month": "2017-08",
            "price": "26.49",
            "revenue": 2769883
        },
        "2017-09": {
            "month": "2017-09",
            "price": "25.82",
            "revenue": 2797894
        },
        "2017-10": {
            "month": "2017-10",
            "price": "25.27",
            "revenue": 2493335
        },
        "2017-11": {
            "month": "2017-11",
            "price": "29.66",
            "revenue": 2400216
        },
        "2017-12": {
            "month": "2017-12",
            "price": "30.75",
            "revenue": 2043633
        },
        "2018-01": {
            "month": "2018-01",
            "price": "30.62",
            "revenue": 2377805
        },
        "2018-02": {
            "month": "2018-02",
            "price": "30.00",
            "revenue": 2541816
        },
        "2018-03": {
            "month": "2018-03",
            "price": "29.74",
            "revenue": 2966451
        },
        "2018-04": {
            "month": "2018-04",
            "price": "31.82",
            "revenue": 3032037
        },
        "2018-05": {
            "month": "2018-05",
            "price": "32.97",
            "revenue": 2343133
        },
        "2018-06": {
            "month": "2018-06",
            "price": "32.34",
            "revenue": 2213814
        },
        "2018-07": {
            "month": "2018-07",
            "price": "32.43",
            "revenue": 2746019
        },
        "2018-08": {
            "month": "2018-08",
            "price": "32.76",
            "revenue": 3125161
        },
        "2018-09": {
            "month": "2018-09",
            "price": "32.81",
            "revenue": 2947407
        },
        "2018-10": {
            "month": "2018-10",
            "price": "31.63",
            "revenue": 2806309
        },
        "2018-11": {
            "month": "2018-11",
            "price": "26.14",
            "revenue": 2469867
        },
        "2018-12": {
            "month": "2018-12",
            "price": "25.90",
            "revenue": 2545998
        },
        "2019-01": {
            "month": "2019-01",
            "price": "25.71",
            "revenue": 2324372
        },
        "2019-02": {
            "month": "2019-02",
            "price": "26.34",
            "revenue": 1872331
        },
        "2019-03": {
            "month": "2019-03",
            "price": "25.86",
            "revenue": 2403265
        },
        "2019-04": {
            "month": "2019-04",
            "price": "26.08",
            "revenue": 2212407
        },
        "2019-05": {
            "month": "2019-05",
            "price": "24.83",
            "revenue": 2131594
        },
        "2019-06": {
            "month": "2019-06",
            "price": "25.20",
            "revenue": 1925689
        },
        "2019-07": {
            "month": "2019-07",
            "price": "24.09",
            "revenue": 2187072
        },
        "2019-08": {
            "month": "2019-08",
            "price": "21.70",
            "revenue": 1808661
        },
        "2019-09": {
            "month": "2019-09",
            "price": "22.16",
            "revenue": 1401602
        },
        "2019-10": {
            "month": "2019-10",
            "price": "22.36",
            "revenue": 1298296
        },
        "2019-11": {
            "month": "2019-11",
            "price": "21.33",
            "revenue": 1660453
        },
        "2019-12": {
            "month": "2019-12",
            "price": "20.89",
            "revenue": 1115485
        },
        "2020-01": {
            "month": "2020-01",
            "price": "20.62",
            "revenue": 1391398
        },
        "2020-02": {
            "month": "2020-02",
            "price": "19.62",
            "revenue": 1475719
        },
        "2020-03": {
            "month": "2020-03",
            "price": "16.87",
            "revenue": 1444652
        },
        "2020-04": {
            "month": "2020-04",
            "price": "15.34",
            "revenue": 1478763
        },
        "2020-05": {
            "month": "2020-05",
            "price": "16.79",
            "revenue": 1797573
        },
        "2020-06": {
            "month": "2020-06",
            "price": "17.03",
            "revenue": 1614180
        },
        "2020-07": {
            "month": "2020-07",
            "price": "16.52",
            "revenue": 1306235
        },
        "2020-08": {
            "month": "2020-08",
            "price": "16.41",
            "revenue": 1300138
        },
        "2020-09": {
            "month": "2020-09",
            "price": "17.07",
            "revenue": 1639701
        },
        "2020-10": {
            "month": "2020-10",
            "price": "16.48",
            "revenue": 1779869
        },
        "2020-11": {
            "month": "2020-11",
            "price": "17.23",
            "revenue": 1834052
        },
        "2020-12": {
            "month": "2020-12",
            "price": "19.02",
            "revenue": 1700879
        },
        "2021-01": {
            "month": "2021-01",
            "price": "18.60",
            "revenue": 2011182
        },
        "2021-02": {
            "month": "2021-02",
            "price": "19.45",
            "revenue": 1856217
        },
        "2021-03": {
            "month": "2021-03",
            "price": "20.11",
            "revenue": 2707364
        },
        "2021-04": {
            "month": "2021-04",
            "price": "21.76",
            "revenue": 2601336
        },
        "2021-05": {
            "month": "2021-05",
            "price": "21.72",
            "revenue": 2476338
        },
        "2021-06": {
            "month": "2021-06",
            "price": "21.91",
            "revenue": 2197770
        },
        "2021-07": {
            "month": "2021-07",
            "price": "23.46",
            "revenue": 2439130
        },
        "2021-08": {
            "month": "2021-08",
            "price": "21.56",
            "revenue": 2370831
        },
        "2021-09": {
            "month": "2021-09",
            "price": "21.42",
            "revenue": 2173419
        },
        "2021-10": {
            "month": "2021-10",
            "price": "24.18",
            "revenue": 2529249
        },
        "2021-11": {
            "month": "2021-11",
            "price": "23.54",
            "revenue": 2092658
        },
        "2021-12": {
            "month": "2021-12",
            "price": "22.16",
            "revenue": 2026225
        },
        "2022-01": {
            "month": "2022-01",
            "price": "21.93",
            "revenue": 2009754
        },
        "2022-02": {
            "month": "2022-02",
            "price": "21.99",
            "revenue": 2336045
        },
        "2022-03": {
            "month": "2022-03",
            "price": "22.28",
            "revenue": 2179385
        },
        "2022-04": {
            "month": "2022-04",
            "price": "21.54",
            "revenue": 2268161
        },
        "2022-05": {
            "month": "2022-05",
            "price": "19.25",
            "revenue": 1776762
        },
        "2022-06": {
            "month": "2022-06",
            "price": "19.41",
            "revenue": 1474470
        },
        "2022-07": {
            "month": "2022-07",
            "price": "17.41",
            "revenue": 1121107
        },
        "2022-08": {
            "month": "2022-08",
            "price": "17.57",
            "revenue": 1852131
        },
        "2022-09": {
            "month": "2022-09",
            "price": "18.06",
            "revenue": 1942737
        },
        "2022-10": {
            "month": "2022-10",
            "price": "17.26",
            "revenue": 1770525
        },
        "2022-11": {
            "month": "2022-11",
            "price": "17.75",
            "revenue": 1768274
        },
        "2022-12": {
            "month": "2022-12",
            "price": "18.58",
            "revenue": 1581748
        },
        "2023-01": {
            "month": "2023-01",
            "price": "18.57",
            "revenue": 1544402
        },
        "2023-02": {
            "month": "2023-02",
            "price": "18.88",
            "revenue": 1900471
        },
        "2023-03": {
            "month": "2023-03",
            "price": "19.26",
            "revenue": 1779811
        },
        "2023-04": {
            "month": "2023-04",
            "price": "20.47",
            "revenue": 1843658
        },
        "2023-05": {
            "month": "2023-05",
            "price": "21.30",
            "revenue": 1869771
        }
    }
}
