{
    "summary": {
        "stock_name": "永光",
        "stock_id": "1711",
        "category": "化工",
        "main_business": "色料化學品,特用化學品,醫藥化學品,電子化學品",
        "website_url": "https://www.ecic.com/",
        "ceo": "陳偉望",
        "pe_ratio": 38,
        "report_year_from": 2001,
        "report_year_to": 2023,
        "age": 22,
        "eps_negative_percentage": 0,
        "eps_growth_avg": {
            "last_all": 9.62,
            "last_2y": 12.92,
            "last_4y": 7.9,
            "last_8y": -1.95,
            "last_12y": 3.7,
            "last_16y": 7.2,
            "last_20y": 9.62,
            "at_2006_last_3y": -3.51,
            "at_2007_last_3y": -11.22,
            "at_2008_last_3y": -22.82,
            "at_2009_last_3y": 18.58,
            "at_2010_last_3y": 35.61,
            "at_2011_last_3y": 33.52,
            "at_2012_last_3y": 38.28,
            "at_2013_last_3y": 16.41,
            "at_2014_last_3y": -3.78,
            "at_2015_last_3y": 0.3,
            "at_2016_last_3y": -5.38,
            "at_2017_last_3y": -14.26,
            "at_2018_last_3y": -10.43,
            "at_2019_last_3y": -10.79,
            "at_2020_last_3y": -15.64,
            "at_2021_last_3y": 15.11,
            "at_2022_last_3y": 7.64,
            "at_2023_last_3y": 7.64,
            "at_2006_last_all": 17.19,
            "at_2007_last_all": 11.87,
            "at_2008_last_all": 7.72,
            "at_2009_last_all": 19.25,
            "at_2010_last_all": 25.38,
            "at_2011_last_all": 20.53,
            "at_2012_last_all": 18.83,
            "at_2013_last_all": 18.3,
            "at_2014_last_all": 16.41,
            "at_2015_last_all": 14.75,
            "at_2016_last_all": 12.37,
            "at_2017_last_all": 10.16,
            "at_2018_last_all": 10.09,
            "at_2019_last_all": 9.07,
            "at_2020_last_all": 6.48,
            "at_2021_last_all": 11.15,
            "at_2022_last_all": 9.62,
            "at_2023_last_all": 9.62
        },
        "latest_eps": 0.53,
        "latest_price": 20.05,
        "latest_roe": 3.5,
        "latest_gross_margin": 20.58,
        "latest_equity": 8753739,
        "latest_revenue": 1942030,
        "latest_gross_profit": 399653,
        "latest_net_income": 39915,
        "latest_debt_ratio": 33.55,
        "latest_current_ratio": 245.57,
        "latest_account_receivable_turnover_ratio": 1.26,
        "latest_inventory_turnover_ratio": 0.39,
        "latest_reinvestment_rate": -88.04,
        "latest_research_to_sale_ratio": 4.08
    },
    "eps_dividends": {
        "1990": {
            "cash": 0,
            "stock": 3,
            "eps": 0
        },
        "1991": {
            "cash": 0,
            "stock": 2,
            "eps": 0
        },
        "1992": {
            "cash": 0,
            "stock": 2,
            "eps": 0
        },
        "1993": {
            "cash": 0,
            "stock": 1.5,
            "eps": 0
        },
        "1994": {
            "cash": 0,
            "stock": 1,
            "eps": 0
        },
        "1995": {
            "cash": 0,
            "stock": 1,
            "eps": 0
        },
        "1996": {
            "cash": 0,
            "stock": 0.5,
            "eps": 0
        },
        "1997": {
            "cash": 0,
            "stock": 1.5,
            "eps": 0
        },
        "1998": {
            "cash": 0,
            "stock": 1.5,
            "eps": 0
        },
        "1999": {
            "cash": 0,
            "stock": 1,
            "eps": 0
        },
        "2000": {
            "cash": 0,
            "stock": 1,
            "eps": 0
        },
        "2001": {
            "cash": 0,
            "stock": 0.35,
            "eps": 0.3
        },
        "2002": {
            "cash": 0.15,
            "stock": 0.15,
            "eps": 0.62
        },
        "2003": {
            "cash": 0.5,
            "stock": 0,
            "eps": 0.72
        },
        "2004": {
            "cash": 0.5,
            "stock": 0,
            "eps": 0.93
        },
        "2005": {
            "cash": 0.5,
            "stock": 0,
            "eps": 0.32
        },
        "2006": {
            "cash": 0.5,
            "stock": 0,
            "eps": 0.34
        },
        "2007": {
            "cash": 0.3,
            "stock": 0,
            "eps": 0.29
        },
        "2008": {
            "cash": 0.3,
            "stock": 0,
            "eps": 0.24
        },
        "2009": {
            "cash": 0.2,
            "stock": 0,
            "eps": 0.82
        },
        "2010": {
            "cash": 0.7,
            "stock": 0,
            "eps": 1.43
        },
        "2011": {
            "cash": 1.1,
            "stock": 1.5,
            "eps": 1.1
        },
        "2012": {
            "cash": 0,
            "stock": 0,
            "eps": 1.12
        },
        "2013": {
            "cash": 0.5,
            "stock": 0.5,
            "eps": 1.26
        },
        "2014": {
            "cash": 0.5,
            "stock": 0.5,
            "eps": 1.18
        },
        "2015": {
            "cash": 0.5,
            "stock": 0.5,
            "eps": 1.1
        },
        "2016": {
            "cash": 0.5,
            "stock": 0.5,
            "eps": 0.87
        },
        "2017": {
            "cash": 0.5,
            "stock": 0,
            "eps": 0.67
        },
        "2018": {
            "cash": 0.5,
            "stock": 0,
            "eps": 0.73
        },
        "2019": {
            "cash": 0.5,
            "stock": 0,
            "eps": 0.67
        },
        "2020": {
            "cash": 0.3,
            "stock": 0,
            "eps": 0.4
        },
        "2021": {
            "cash": 0.3,
            "stock": 0,
            "eps": 0.86
        },
        "2022": {
            "cash": 0.5,
            "stock": 0,
            "eps": 0.68
        },
        "2023": {
            "cash": 0.35,
            "stock": 0,
            "eps": 0.07
        }
    },
    "dividends": {
        "1990-04-27": {
            "cash": 0,
            "stock": 3
        },
        "1991-05-24": {
            "cash": 0,
            "stock": 2
        },
        "1992-05-15": {
            "cash": 0,
            "stock": 2
        },
        "1993-05-21": {
            "cash": 0,
            "stock": 1.5
        },
        "1994-05-26": {
            "cash": 0,
            "stock": 1
        },
        "1995-05-26": {
            "cash": 0,
            "stock": 1
        },
        "1996-05-24": {
            "cash": 0,
            "stock": 0.5
        },
        "1997-05-22": {
            "cash": 0,
            "stock": 1.5
        },
        "1998-05-22": {
            "cash": 0,
            "stock": 1.5
        },
        "1999-05-20": {
            "cash": 0,
            "stock": 1
        },
        "2000-05-19": {
            "cash": 0,
            "stock": 1
        },
        "2001-05-18": {
            "cash": 0,
            "stock": 0.35
        },
        "2002-06-21": {
            "cash": 0.15,
            "stock": 0.15
        },
        "2003-03-06": {
            "cash": 0.5,
            "stock": 0
        },
        "2004-03-11": {
            "cash": 0.5,
            "stock": 0
        },
        "2005-03-24": {
            "cash": 0.5,
            "stock": 0
        },
        "2006-03-28": {
            "cash": 0.5,
            "stock": 0
        },
        "2007-03-22": {
            "cash": 0.3,
            "stock": 0
        },
        "2008-03-20": {
            "cash": 0.3,
            "stock": 0
        },
        "2009-03-19": {
            "cash": 0.2,
            "stock": 0
        },
        "2010-03-18": {
            "cash": 0.7,
            "stock": 0
        },
        "2011-01-01": {
            "cash": 0.5,
            "stock": 0.5
        },
        "2011-03-29": {
            "cash": 0.6,
            "stock": 1
        },
        "2013-03-28": {
            "cash": 0.5,
            "stock": 0.5
        },
        "2014-09-05": {
            "cash": 0.5,
            "stock": 0.5
        },
        "2015-08-31": {
            "cash": 0.5,
            "stock": 0.5
        },
        "2016-08-29": {
            "cash": 0.5,
            "stock": 0.5
        },
        "2017-07-21": {
            "cash": 0.5,
            "stock": 0
        },
        "2018-07-27": {
            "cash": 0.5,
            "stock": 0
        },
        "2019-07-17": {
            "cash": 0.5,
            "stock": 0
        },
        "2020-07-15": {
            "cash": 0.3,
            "stock": 0
        },
        "2021-07-14": {
            "cash": 0.3,
            "stock": 0
        },
        "2022-07-14": {
            "cash": 0.5,
            "stock": 0
        },
        "2023-07-13": {
            "cash": 0.35,
            "stock": 0
        }
    },
    "prices": {
        "200101": "10.10",
        "200102": "10.04",
        "200103": "12.43",
        "200104": "11.93",
        "200105": "10.77",
        "200106": "9.11",
        "200107": "7.38",
        "200108": "7.82",
        "200109": "7.09",
        "200110": "7.03",
        "200111": "6.90",
        "200112": "7.58",
        "200201": "8.15",
        "200202": "8.23",
        "200203": "9.14",
        "200204": "10.89",
        "200205": "9.98",
        "200206": "10.72",
        "200207": "10.89",
        "200208": "9.45",
        "200209": "8.78",
        "200210": "9.10",
        "200211": "10.38",
        "200212": "10.73",
        "200301": "11.75",
        "200302": "10.88",
        "200303": "10.54",
        "200304": "10.24",
        "200305": "9.12",
        "200306": "10.62",
        "200307": "10.14",
        "200308": "10.35",
        "200309": "10.12",
        "200310": "10.46",
        "200311": "11.34",
        "200312": "10.95",
        "200401": "11.23",
        "200402": "12.54",
        "200403": "13.24",
        "200404": "13.65",
        "200405": "11.56",
        "200406": "11.11",
        "200407": "11.12",
        "200408": "11.41",
        "200409": "12.52",
        "200410": "12.15",
        "200411": "11.85",
        "200412": "11.97",
        "200501": "12.15",
        "200502": "11.75",
        "200503": "10.86",
        "200504": "10.07",
        "200505": "9.59",
        "200506": "9.91",
        "200507": "9.54",
        "200508": "9.22",
        "200509": "8.76",
        "200510": "8.79",
        "200511": "8.84",
        "200512": "9.09",
        "200601": "9.80",
        "200602": "10.55",
        "200603": "10.22",
        "200604": "12.51",
        "200605": "13.27",
        "200606": "11.61",
        "200607": "11.76",
        "200608": "11.53",
        "200609": "10.80",
        "200610": "11.64",
        "200611": "11.62",
        "200612": "14.03",
        "200701": "17.83",
        "200702": "17.74",
        "200703": "17.86",
        "200704": "20.85",
        "200705": "19.36",
        "200706": "20.48",
        "200707": "32.41",
        "200708": "29.01",
        "200709": "26.68",
        "200710": "30.72",
        "200711": "24.72",
        "200712": "21.20",
        "200801": "17.88",
        "200802": "15.97",
        "200803": "18.35",
        "200804": "20.19",
        "200805": "20.03",
        "200806": "18.39",
        "200807": "17.47",
        "200808": "17.03",
        "200809": "14.73",
        "200810": "13.33",
        "200811": "10.36",
        "200812": "9.66",
        "200901": "9.41",
        "200902": "9.14",
        "200903": "10.12",
        "200904": "11.49",
        "200905": "12.72",
        "200906": "16.33",
        "200907": "18.73",
        "200908": "17.12",
        "200909": "19.59",
        "200910": "22.92",
        "200911": "27.62",
        "200912": "33.82",
        "201001": "31.05",
        "201002": "26.09",
        "201003": "29.59",
        "201004": "32.38",
        "201005": "29.82",
        "201006": "29.07",
        "201007": "28.65",
        "201008": "30.73",
        "201009": "37.99",
        "201010": "36.43",
        "201011": "34.06",
        "201012": "33.16",
        "201101": "33.50",
        "201102": "31.82",
        "201103": "29.57",
        "201104": "28.97",
        "201105": "27.21",
        "201106": "26.07",
        "201107": "25.44",
        "201108": "19.85",
        "201109": "16.94",
        "201110": "17.15",
        "201111": "17.89",
        "201112": "16.04",
        "201201": "16.16",
        "201202": "20.64",
        "201203": "21.06",
        "201204": "19.09",
        "201205": "18.76",
        "201206": "18.13",
        "201207": "17.47",
        "201208": "18.99",
        "201209": "19.68",
        "201210": "18.68",
        "201211": "18.30",
        "201212": "20.24",
        "201301": "21.04",
        "201302": "21.16",
        "201303": "21.21",
        "201304": "20.58",
        "201305": "20.88",
        "201306": "20.72",
        "201307": "20.54",
        "201308": "20.42",
        "201309": "23.94",
        "201310": "26.20",
        "201311": "25.24",
        "201312": "24.30",
        "201401": "25.33",
        "201402": "25.88",
        "201403": "26.71",
        "201404": "29.66",
        "201405": "29.84",
        "201406": "32.09",
        "201407": "34.46",
        "201408": "32.62",
        "201409": "30.97",
        "201410": "26.50",
        "201411": "24.35",
        "201412": "25.51",
        "201501": "27.14",
        "201502": "27.38",
        "201503": "28.43",
        "201504": "28.24",
        "201505": "25.86",
        "201506": "24.41",
        "201507": "22.37",
        "201508": "17.47",
        "201509": "16.80",
        "201510": "18.76",
        "201511": "21.15",
        "201512": "20.72",
        "201601": "19.50",
        "201602": "20.76",
        "201603": "20.88",
        "201604": "20.76",
        "201605": "19.75",
        "201606": "20.71",
        "201607": "21.24",
        "201608": "20.25",
        "201609": "20.44",
        "201610": "20.23",
        "201611": "19.64",
        "201612": "20.15",
        "201701": "20.15",
        "201702": "21.08",
        "201703": "21.68",
        "201704": "19.77",
        "201705": "19.00",
        "201706": "18.57",
        "201707": "18.14",
        "201708": "17.58",
        "201709": "19.32",
        "201710": "18.97",
        "201711": "18.65",
        "201712": "18.76",
        "201801": "19.14",
        "201802": "17.67",
        "201803": "17.87",
        "201804": "17.87",
        "201805": "18.44",
        "201806": "18.90",
        "201807": "18.09",
        "201808": "17.94",
        "201809": "17.92",
        "201810": "16.44",
        "201811": "16.03",
        "201812": "15.90",
        "201901": "16.08",
        "201902": "16.50",
        "201903": "16.84",
        "201904": "16.97",
        "201905": "16.66",
        "201906": "16.84",
        "201907": "17.30",
        "201908": "16.28",
        "201909": "16.43",
        "201910": "16.05",
        "201911": "15.75",
        "201912": "15.62",
        "202001": "15.58",
        "202002": "15.14",
        "202003": "13.25",
        "202004": "13.15",
        "202005": "14.99",
        "202006": "14.70",
        "202007": "16.57",
        "202008": "16.29",
        "202009": "16.43",
        "202010": "16.35",
        "202011": "16.59",
        "202012": "16.64",
        "202101": "16.19",
        "202102": "16.14",
        "202103": "16.58",
        "202104": "18.59",
        "202105": "18.29",
        "202106": "19.31",
        "202107": "20.19",
        "202108": "18.62",
        "202109": "23.22",
        "202110": "25.85",
        "202111": "27.41",
        "202112": "26.40",
        "202201": "25.55",
        "202202": "25.57",
        "202203": "25.65",
        "202204": "24.38",
        "202205": "23.32",
        "202206": "21.84",
        "202207": "19.27",
        "202208": "20.42",
        "202209": "19.58",
        "202210": "17.42",
        "202211": "17.87",
        "202212": "18.82",
        "202301": "18.50",
        "202302": "18.98",
        "202303": "18.75",
        "202304": "19.79",
        "202305": "20.73"
    },
    "quarters": {
        "20011": {
            "year_quarter": 20011,
            "year": 2001,
            "quarter": 1,
            "eps": 0.12,
            "eps_growth_year": -20,
            "eps_4q": 0.43,
            "eps_4q_growth_year": -45.29,
            "roe": 0.89,
            "roe_4q": 0.89,
            "gross_profit": 217636,
            "gross_margin": 22.6,
            "gross_margin_4q_avg": 22.6,
            "net_income": 42900,
            "revenue": 962828,
            "common_shares": 3743720,
            "book_valuer_per_share": 12.92,
            "book_valuer_per_share_4q_avg": 12.92,
            "equity": 4836430,
            "current_ratio": 158.58,
            "debt_ratio": 34.51,
            "inventory_turnover_ratio": 0.51,
            "account_receivable_turnover_ratio": null,
            "reinvestment_rate": null,
            "research_to_sale_ratio": null,
            "price_fair": 0,
            "eps_avg_yearly": 0,
            "eps_latest_yearly": 0,
            "eps_growth_yearly": 0
        },
        "20012": {
            "year_quarter": 20012,
            "year": 2001,
            "quarter": 2,
            "eps": 0.09,
            "eps_growth_year": -35.71,
            "eps_4q": 0.36,
            "eps_4q_growth_year": -35.92,
            "roe": 0.68,
            "roe_4q": 1.57,
            "gross_profit": 244754,
            "gross_margin": 23.12,
            "gross_margin_4q_avg": 22.86,
            "net_income": 32917,
            "revenue": 1058789,
            "common_shares": 3743720,
            "book_valuer_per_share": 12.89,
            "book_valuer_per_share_4q_avg": 12.91,
            "equity": 4826003,
            "current_ratio": 157,
            "debt_ratio": 34.51,
            "inventory_turnover_ratio": 0.64,
            "account_receivable_turnover_ratio": null,
            "reinvestment_rate": null,
            "research_to_sale_ratio": null,
            "price_fair": 0,
            "eps_avg_yearly": 0,
            "eps_latest_yearly": 0,
            "eps_growth_yearly": 0
        },
        "20013": {
            "year_quarter": 20013,
            "year": 2001,
            "quarter": 3,
            "eps": 0.1,
            "eps_growth_year": 233.33,
            "eps_4q": 0.43,
            "eps_4q_growth_year": -13.87,
            "roe": 0.78,
            "roe_4q": 2.35,
            "gross_profit": 235581,
            "gross_margin": 23.4,
            "gross_margin_4q_avg": 23.04,
            "net_income": 37684,
            "revenue": 1006674,
            "common_shares": 3878600,
            "book_valuer_per_share": 12.54,
            "book_valuer_per_share_4q_avg": 12.78,
            "equity": 4865550,
            "current_ratio": 161.22,
            "debt_ratio": 32.06,
            "inventory_turnover_ratio": 0.68,
            "account_receivable_turnover_ratio": null,
            "reinvestment_rate": null,
            "research_to_sale_ratio": null,
            "price_fair": 0,
            "eps_avg_yearly": 0,
            "eps_latest_yearly": 0,
            "eps_growth_yearly": 0
        },
        "20014": {
            "year_quarter": 20014,
            "year": 2001,
            "quarter": 4,
            "eps": -0.01,
            "eps_growth_year": -107.69,
            "eps_4q": 0.29,
            "eps_4q_growth_year": -33.98,
            "roe": -0.06,
            "roe_4q": 2.29,
            "gross_profit": 210911,
            "gross_margin": 22.61,
            "gross_margin_4q_avg": 22.93,
            "net_income": -3130,
            "revenue": 932942,
            "common_shares": 3878600,
            "book_valuer_per_share": 12.48,
            "book_valuer_per_share_4q_avg": 12.71,
            "equity": 4839983,
            "current_ratio": 152.29,
            "debt_ratio": 31.09,
            "inventory_turnover_ratio": 0.7,
            "account_receivable_turnover_ratio": null,
            "reinvestment_rate": null,
            "research_to_sale_ratio": null,
            "price_fair": 0,
            "eps_avg_yearly": 0,
            "eps_latest_yearly": 0,
            "eps_growth_yearly": 0
        },
        "20021": {
            "year_quarter": 20021,
            "year": 2002,
            "quarter": 1,
            "eps": 0.06,
            "eps_growth_year": -50,
            "eps_4q": 0.25,
            "eps_4q_growth_year": -40.24,
            "roe": 0.43,
            "roe_4q": 1.83,
            "gross_profit": 195805,
            "gross_margin": 21.67,
            "gross_margin_4q_avg": 22.7,
            "net_income": 20844,
            "revenue": 903539,
            "common_shares": 3878600,
            "book_valuer_per_share": 12.51,
            "book_valuer_per_share_4q_avg": 12.61,
            "equity": 4853962,
            "current_ratio": 160.28,
            "debt_ratio": 29.89,
            "inventory_turnover_ratio": 0.7,
            "account_receivable_turnover_ratio": null,
            "reinvestment_rate": null,
            "research_to_sale_ratio": null,
            "price_fair": 0,
            "eps_avg_yearly": 0,
            "eps_latest_yearly": 0,
            "eps_growth_yearly": 0
        },
        "20022": {
            "year_quarter": 20022,
            "year": 2002,
            "quarter": 2,
            "eps": 0.3,
            "eps_growth_year": 233.33,
            "eps_4q": 0.44,
            "eps_4q_growth_year": 21.4,
            "roe": 2.44,
            "roe_4q": 3.59,
            "gross_profit": 322633,
            "gross_margin": 27.28,
            "gross_margin_4q_avg": 23.74,
            "net_income": 117877,
            "revenue": 1182777,
            "common_shares": 3878600,
            "book_valuer_per_share": 12.44,
            "book_valuer_per_share_4q_avg": 12.49,
            "equity": 4825687,
            "current_ratio": 158.68,
            "debt_ratio": 31.41,
            "inventory_turnover_ratio": 0.86,
            "account_receivable_turnover_ratio": null,
            "reinvestment_rate": null,
            "research_to_sale_ratio": null,
            "price_fair": 42,
            "eps_avg_yearly": 1.2,
            "eps_latest_yearly": 1.2,
            "eps_growth_yearly": 1600
        },
        "20023": {
            "year_quarter": 20023,
            "year": 2002,
            "quarter": 3,
            "eps": 0.16,
            "eps_growth_year": 60,
            "eps_4q": 0.51,
            "eps_4q_growth_year": 19.63,
            "roe": 1.28,
            "roe_4q": 4.09,
            "gross_profit": 237654,
            "gross_margin": 24.6,
            "gross_margin_4q_avg": 24.04,
            "net_income": 61999,
            "revenue": 965909,
            "common_shares": 3842300,
            "book_valuer_per_share": 12.66,
            "book_valuer_per_share_4q_avg": 12.52,
            "equity": 4864778,
            "current_ratio": 187.07,
            "debt_ratio": 27.42,
            "inventory_turnover_ratio": 0.73,
            "account_receivable_turnover_ratio": null,
            "reinvestment_rate": null,
            "research_to_sale_ratio": null,
            "price_fair": 32.2,
            "eps_avg_yearly": 0.92,
            "eps_latest_yearly": 0.64,
            "eps_growth_yearly": 706.67
        },
        "20024": {
            "year_quarter": 20024,
            "year": 2002,
            "quarter": 4,
            "eps": 0.1,
            "eps_growth_year": null,
            "eps_4q": 0.66,
            "eps_4q_growth_year": 127.67,
            "roe": 0.73,
            "roe_4q": 4.879999999999999,
            "gross_profit": 255359,
            "gross_margin": 26.01,
            "gross_margin_4q_avg": 24.89,
            "net_income": 35828,
            "revenue": 981737,
            "common_shares": 3842300,
            "book_valuer_per_share": 12.88,
            "book_valuer_per_share_4q_avg": 12.62,
            "equity": 4975789,
            "current_ratio": 168.15,
            "debt_ratio": 28.64,
            "inventory_turnover_ratio": 0.6,
            "account_receivable_turnover_ratio": null,
            "reinvestment_rate": 153.1,
            "research_to_sale_ratio": null,
            "price_fair": 26.13,
            "eps_avg_yearly": 0.75,
            "eps_latest_yearly": 0.4,
            "eps_growth_yearly": 421.11
        },
        "20031": {
            "year_quarter": 20031,
            "year": 2003,
            "quarter": 1,
            "eps": 0.09,
            "eps_growth_year": 50,
            "eps_4q": 0.65,
            "eps_4q_growth_year": 155.83,
            "roe": 0.7,
            "roe_4q": 5.15,
            "gross_profit": 193461,
            "gross_margin": 21.15,
            "gross_margin_4q_avg": 24.76,
            "net_income": 34644,
            "revenue": 914618,
            "common_shares": 3842300,
            "book_valuer_per_share": 12.97,
            "book_valuer_per_share_4q_avg": 12.74,
            "equity": 4984119,
            "current_ratio": 193.43,
            "debt_ratio": 24.45,
            "inventory_turnover_ratio": 0.55,
            "account_receivable_turnover_ratio": null,
            "reinvestment_rate": 95.94,
            "research_to_sale_ratio": null,
            "price_fair": 22.75,
            "eps_avg_yearly": 0.65,
            "eps_latest_yearly": 0.36,
            "eps_growth_yearly": 305.83
        },
        "20032": {
            "year_quarter": 20032,
            "year": 2003,
            "quarter": 2,
            "eps": 0.28,
            "eps_growth_year": -6.67,
            "eps_4q": 0.65,
            "eps_4q_growth_year": 46.31,
            "roe": 2.06,
            "roe_4q": 4.77,
            "gross_profit": 266995,
            "gross_margin": 23.4,
            "gross_margin_4q_avg": 23.79,
            "net_income": 101564,
            "revenue": 1140854,
            "common_shares": 3842300,
            "book_valuer_per_share": 12.73,
            "book_valuer_per_share_4q_avg": 12.81,
            "equity": 4892136,
            "current_ratio": 178.12,
            "debt_ratio": 27.24,
            "inventory_turnover_ratio": 0.72,
            "account_receivable_turnover_ratio": null,
            "reinvestment_rate": 54.49,
            "research_to_sale_ratio": null,
            "price_fair": 26.04,
            "eps_avg_yearly": 0.74,
            "eps_latest_yearly": 1.12,
            "eps_growth_yearly": 413.56
        },
        "20033": {
            "year_quarter": 20033,
            "year": 2003,
            "quarter": 3,
            "eps": 0.25,
            "eps_growth_year": 56.25,
            "eps_4q": 0.72,
            "eps_4q_growth_year": 41.35,
            "roe": 1.85,
            "roe_4q": 5.34,
            "gross_profit": 232345,
            "gross_margin": 22.48,
            "gross_margin_4q_avg": 23.26,
            "net_income": 91359,
            "revenue": 1033638,
            "common_shares": 3742300,
            "book_valuer_per_share": 13.35,
            "book_valuer_per_share_4q_avg": 12.98,
            "equity": 4996161,
            "current_ratio": 206.54,
            "debt_ratio": 24.39,
            "inventory_turnover_ratio": 0.66,
            "account_receivable_turnover_ratio": null,
            "reinvestment_rate": 20.29,
            "research_to_sale_ratio": null,
            "price_fair": 27.53,
            "eps_avg_yearly": 0.79,
            "eps_latest_yearly": 1,
            "eps_growth_yearly": 337.49
        },
        "20034": {
            "year_quarter": 20034,
            "year": 2003,
            "quarter": 4,
            "eps": 0.1,
            "eps_growth_year": 0,
            "eps_4q": 0.7,
            "eps_4q_growth_year": 5.8,
            "roe": 0.75,
            "roe_4q": 5.36,
            "gross_profit": 248154,
            "gross_margin": 23.1,
            "gross_margin_4q_avg": 22.53,
            "net_income": 38021,
            "revenue": 1074456,
            "common_shares": 3742300,
            "book_valuer_per_share": 13.48,
            "book_valuer_per_share_4q_avg": 13.13,
            "equity": 5078804,
            "current_ratio": 184.56,
            "debt_ratio": 26.36,
            "inventory_turnover_ratio": 0.61,
            "account_receivable_turnover_ratio": null,
            "reinvestment_rate": -2.25,
            "research_to_sale_ratio": null,
            "price_fair": 25.6,
            "eps_avg_yearly": 0.73,
            "eps_latest_yearly": 0.4,
            "eps_growth_yearly": 254.99
        },
        "20041": {
            "year_quarter": 20041,
            "year": 2004,
            "quarter": 1,
            "eps": 0.25,
            "eps_growth_year": 177.78,
            "eps_4q": 0.88,
            "eps_4q_growth_year": 34.64,
            "roe": 1.81,
            "roe_4q": 6.470000000000001,
            "gross_profit": 234493,
            "gross_margin": 23.23,
            "gross_margin_4q_avg": 23.05,
            "net_income": 92284,
            "revenue": 1009649,
            "common_shares": 3742300,
            "book_valuer_per_share": 13.71,
            "book_valuer_per_share_4q_avg": 13.32,
            "equity": 5129345,
            "current_ratio": 218.85,
            "debt_ratio": 21.68,
            "inventory_turnover_ratio": 0.56,
            "account_receivable_turnover_ratio": null,
            "reinvestment_rate": -77.7,
            "research_to_sale_ratio": null,
            "price_fair": 26.78,
            "eps_avg_yearly": 0.77,
            "eps_latest_yearly": 1,
            "eps_growth_yearly": 298.12
        },
        "20042": {
            "year_quarter": 20042,
            "year": 2004,
            "quarter": 2,
            "eps": 0.35,
            "eps_growth_year": 25,
            "eps_4q": 0.94,
            "eps_4q_growth_year": 46.32,
            "roe": 2.56,
            "roe_4q": 6.970000000000001,
            "gross_profit": 285264,
            "gross_margin": 24.72,
            "gross_margin_4q_avg": 23.38,
            "net_income": 130589,
            "revenue": 1153934,
            "common_shares": 3742300,
            "book_valuer_per_share": 13.51,
            "book_valuer_per_share_4q_avg": 13.51,
            "equity": 5053995,
            "current_ratio": 192.99,
            "debt_ratio": 24.56,
            "inventory_turnover_ratio": 0.68,
            "account_receivable_turnover_ratio": null,
            "reinvestment_rate": -103.95,
            "research_to_sale_ratio": null,
            "price_fair": 29.24,
            "eps_avg_yearly": 0.84,
            "eps_latest_yearly": 1.4,
            "eps_growth_yearly": 282.77
        },
        "20043": {
            "year_quarter": 20043,
            "year": 2004,
            "quarter": 3,
            "eps": 0.33,
            "eps_growth_year": 32,
            "eps_4q": 1.04,
            "eps_4q_growth_year": 43.75,
            "roe": 2.38,
            "roe_4q": 7.5,
            "gross_profit": 237923,
            "gross_margin": 21.9,
            "gross_margin_4q_avg": 23.24,
            "net_income": 121925,
            "revenue": 1086393,
            "common_shares": 3742300,
            "book_valuer_per_share": 13.84,
            "book_valuer_per_share_4q_avg": 13.64,
            "equity": 5178257,
            "current_ratio": 206.96,
            "debt_ratio": 23.19,
            "inventory_turnover_ratio": 0.66,
            "account_receivable_turnover_ratio": null,
            "reinvestment_rate": -105.18,
            "research_to_sale_ratio": null,
            "price_fair": 30.94,
            "eps_avg_yearly": 0.88,
            "eps_latest_yearly": 1.32,
            "eps_growth_yearly": 252.21
        },
        "20044": {
            "year_quarter": 20044,
            "year": 2004,
            "quarter": 4,
            "eps": 0,
            "eps_growth_year": -100,
            "eps_4q": 0.9,
            "eps_4q_growth_year": 29.12,
            "roe": -0.01,
            "roe_4q": 6.74,
            "gross_profit": 187395,
            "gross_margin": 16.68,
            "gross_margin_4q_avg": 21.63,
            "net_income": -367,
            "revenue": 1123527,
            "common_shares": 3742300,
            "book_valuer_per_share": 13.79,
            "book_valuer_per_share_4q_avg": 13.71,
            "equity": 5229681,
            "current_ratio": 184.56,
            "debt_ratio": 25.72,
            "inventory_turnover_ratio": 0.64,
            "account_receivable_turnover_ratio": null,
            "reinvestment_rate": -83.69,
            "research_to_sale_ratio": null,
            "price_fair": 30.94,
            "eps_avg_yearly": 0.88,
            "eps_latest_yearly": 1.32,
            "eps_growth_yearly": 252.21
        },
        "20051": {
            "year_quarter": 20051,
            "year": 2005,
            "quarter": 1,
            "eps": -0.02,
            "eps_growth_year": -108,
            "eps_4q": 0.85,
            "eps_4q_growth_year": -2.87,
            "roe": -0.11,
            "roe_4q": 4.82,
            "gross_profit": 128562,
            "gross_margin": 12.78,
            "gross_margin_4q_avg": 19.02,
            "net_income": -5793,
            "revenue": 1006000,
            "common_shares": 3757950,
            "book_valuer_per_share": 13.76,
            "book_valuer_per_share_4q_avg": 13.73,
            "equity": 5170386,
            "current_ratio": 222.16,
            "debt_ratio": 20.07,
            "inventory_turnover_ratio": 0.58,
            "account_receivable_turnover_ratio": null,
            "reinvestment_rate": -141.08,
            "research_to_sale_ratio": null,
            "price_fair": 30.94,
            "eps_avg_yearly": 0.88,
            "eps_latest_yearly": 1.32,
            "eps_growth_yearly": 252.21
        },
        "20052": {
            "year_quarter": 20052,
            "year": 2005,
            "quarter": 2,
            "eps": 0.08,
            "eps_growth_year": -77.14,
            "eps_4q": 0.41,
            "eps_4q_growth_year": -56.92,
            "roe": 0.56,
            "roe_4q": 2.82,
            "gross_profit": 196150,
            "gross_margin": 16.16,
            "gross_margin_4q_avg": 16.88,
            "net_income": 28350,
            "revenue": 1213868,
            "common_shares": 3757950,
            "book_valuer_per_share": 13.24,
            "book_valuer_per_share_4q_avg": 13.66,
            "equity": 4974058,
            "current_ratio": 187.73,
            "debt_ratio": 23.64,
            "inventory_turnover_ratio": 0.77,
            "account_receivable_turnover_ratio": null,
            "reinvestment_rate": -146.24,
            "research_to_sale_ratio": null,
            "price_fair": 30.94,
            "eps_avg_yearly": 0.88,
            "eps_latest_yearly": 1.32,
            "eps_growth_yearly": 252.21
        },
        "20053": {
            "year_quarter": 20053,
            "year": 2005,
            "quarter": 3,
            "eps": 0.14,
            "eps_growth_year": -57.58,
            "eps_4q": 0.2,
            "eps_4q_growth_year": -80.87,
            "roe": 1.07,
            "roe_4q": 1.51,
            "gross_profit": 203516,
            "gross_margin": 18.44,
            "gross_margin_4q_avg": 16.02,
            "net_income": 53378,
            "revenue": 1103534,
            "common_shares": 3757950,
            "book_valuer_per_share": 13.42,
            "book_valuer_per_share_4q_avg": 13.55,
            "equity": 5044720,
            "current_ratio": 194.79,
            "debt_ratio": 23.1,
            "inventory_turnover_ratio": 0.69,
            "account_receivable_turnover_ratio": null,
            "reinvestment_rate": -143.93,
            "research_to_sale_ratio": null,
            "price_fair": 29.91,
            "eps_avg_yearly": 0.85,
            "eps_latest_yearly": 0.56,
            "eps_growth_yearly": 256.55
        },
        "20054": {
            "year_quarter": 20054,
            "year": 2005,
            "quarter": 4,
            "eps": 0.12,
            "eps_growth_year": null,
            "eps_4q": 0.32,
            "eps_4q_growth_year": -64.62,
            "roe": 0.88,
            "roe_4q": 2.4000000000000004,
            "gross_profit": 232047,
            "gross_margin": 20.34,
            "gross_margin_4q_avg": 16.93,
            "net_income": 45762,
            "revenue": 1140730,
            "common_shares": 3757950,
            "book_valuer_per_share": 13.54,
            "book_valuer_per_share_4q_avg": 13.49,
            "equity": 5339622,
            "current_ratio": 189.33,
            "debt_ratio": 28.51,
            "inventory_turnover_ratio": 0.54,
            "account_receivable_turnover_ratio": null,
            "reinvestment_rate": -77.64,
            "research_to_sale_ratio": null,
            "price_fair": 28.82,
            "eps_avg_yearly": 0.82,
            "eps_latest_yearly": 0.48,
            "eps_growth_yearly": 230.41
        },
        "20061": {
            "year_quarter": 20061,
            "year": 2006,
            "quarter": 1,
            "eps": 0.14,
            "eps_growth_year": null,
            "eps_4q": 0.49,
            "eps_4q_growth_year": -42.52,
            "roe": 0.98,
            "roe_4q": 3.4899999999999998,
            "gross_profit": 208212,
            "gross_margin": 17.54,
            "gross_margin_4q_avg": 18.12,
            "net_income": 51160,
            "revenue": 1186779,
            "common_shares": 3759510,
            "book_valuer_per_share": 13.7,
            "book_valuer_per_share_4q_avg": 13.48,
            "equity": 5149450,
            "current_ratio": 216.73,
            "debt_ratio": 20.54,
            "inventory_turnover_ratio": 0.59,
            "account_receivable_turnover_ratio": null,
            "reinvestment_rate": -128.12,
            "research_to_sale_ratio": null,
            "price_fair": 28.11,
            "eps_avg_yearly": 0.8,
            "eps_latest_yearly": 0.56,
            "eps_growth_yearly": 217.81
        },
        "20062": {
            "year_quarter": 20062,
            "year": 2006,
            "quarter": 2,
            "eps": 0.24,
            "eps_growth_year": 200,
            "eps_4q": 0.64,
            "eps_4q_growth_year": 58.51,
            "roe": 1.75,
            "roe_4q": 4.68,
            "gross_profit": 266896,
            "gross_margin": 19.1,
            "gross_margin_4q_avg": 18.86,
            "net_income": 89153,
            "revenue": 1397214,
            "common_shares": 3759510,
            "book_valuer_per_share": 13.38,
            "book_valuer_per_share_4q_avg": 13.51,
            "equity": 5029539,
            "current_ratio": 175.75,
            "debt_ratio": 26.81,
            "inventory_turnover_ratio": 0.82,
            "account_receivable_turnover_ratio": null,
            "reinvestment_rate": -125.85,
            "research_to_sale_ratio": null,
            "price_fair": 27.46,
            "eps_avg_yearly": 0.78,
            "eps_latest_yearly": 0.96,
            "eps_growth_yearly": 116.72
        },
        "20063": {
            "year_quarter": 20063,
            "year": 2006,
            "quarter": 3,
            "eps": 0.13,
            "eps_growth_year": -7.14,
            "eps_4q": 0.64,
            "eps_4q_growth_year": 224.64,
            "roe": 0.93,
            "roe_4q": 4.54,
            "gross_profit": 234881,
            "gross_margin": 18.67,
            "gross_margin_4q_avg": 18.91,
            "net_income": 47114,
            "revenue": 1258219,
            "common_shares": 3764580,
            "book_valuer_per_share": 13.54,
            "book_valuer_per_share_4q_avg": 13.54,
            "equity": 5097824,
            "current_ratio": 166.05,
            "debt_ratio": 28.02,
            "inventory_turnover_ratio": 0.67,
            "account_receivable_turnover_ratio": null,
            "reinvestment_rate": -120.36,
            "research_to_sale_ratio": null,
            "price_fair": 27.14,
            "eps_avg_yearly": 0.78,
            "eps_latest_yearly": 0.52,
            "eps_growth_yearly": 116.97
        },
        "20064": {
            "year_quarter": 20064,
            "year": 2006,
            "quarter": 4,
            "eps": -0.17,
            "eps_growth_year": -241.67,
            "eps_4q": 0.28,
            "eps_4q_growth_year": -11.4,
            "roe": -1.25,
            "roe_4q": 2.41,
            "gross_profit": 175778,
            "gross_margin": 15.96,
            "gross_margin_4q_avg": 17.82,
            "net_income": -65204,
            "revenue": 1101633,
            "common_shares": 3781650,
            "book_valuer_per_share": 13.34,
            "book_valuer_per_share_4q_avg": 13.49,
            "equity": 5303275,
            "current_ratio": 164.63,
            "debt_ratio": 33.7,
            "inventory_turnover_ratio": 0.47,
            "account_receivable_turnover_ratio": null,
            "reinvestment_rate": -80.59,
            "research_to_sale_ratio": null,
            "price_fair": 28.23,
            "eps_avg_yearly": 0.81,
            "eps_latest_yearly": 0.52,
            "eps_growth_yearly": 139.22
        },
        "20071": {
            "year_quarter": 20071,
            "year": 2007,
            "quarter": 1,
            "eps": -0.07,
            "eps_growth_year": -150,
            "eps_4q": 0.13,
            "eps_4q_growth_year": -74.29,
            "roe": -0.49,
            "roe_4q": 0.9400000000000001,
            "gross_profit": 118832,
            "gross_margin": 9.38,
            "gross_margin_4q_avg": 15.78,
            "net_income": -25417,
            "revenue": 1266706,
            "common_shares": 3834820,
            "book_valuer_per_share": 13.25,
            "book_valuer_per_share_4q_avg": 13.38,
            "equity": 5080007,
            "current_ratio": 167.74,
            "debt_ratio": 26.75,
            "inventory_turnover_ratio": 0.59,
            "account_receivable_turnover_ratio": null,
            "reinvestment_rate": -128.02,
            "research_to_sale_ratio": null,
            "price_fair": 29.65,
            "eps_avg_yearly": 0.85,
            "eps_latest_yearly": 0.52,
            "eps_growth_yearly": 155.51
        },
        "20072": {
            "year_quarter": 20072,
            "year": 2007,
            "quarter": 2,
            "eps": 0.14,
            "eps_growth_year": -41.67,
            "eps_4q": 0.02,
            "eps_4q_growth_year": -96.53,
            "roe": 1.03,
            "roe_4q": 0.22000000000000008,
            "gross_profit": 229033,
            "gross_margin": 13.94,
            "gross_margin_4q_avg": 14.49,
            "net_income": 51767,
            "revenue": 1643571,
            "common_shares": 3834820,
            "book_valuer_per_share": 13.06,
            "book_valuer_per_share_4q_avg": 13.3,
            "equity": 5009543,
            "current_ratio": 153.4,
            "debt_ratio": 30.65,
            "inventory_turnover_ratio": 0.95,
            "account_receivable_turnover_ratio": null,
            "reinvestment_rate": -125.23,
            "research_to_sale_ratio": null,
            "price_fair": 28.7,
            "eps_avg_yearly": 0.82,
            "eps_latest_yearly": 0.52,
            "eps_growth_yearly": 86.62
        },
        "20073": {
            "year_quarter": 20073,
            "year": 2007,
            "quarter": 3,
            "eps": 0.12,
            "eps_growth_year": -7.69,
            "eps_4q": 0.02,
            "eps_4q_growth_year": -97.4,
            "roe": 0.9,
            "roe_4q": 0.19000000000000017,
            "gross_profit": 178271,
            "gross_margin": 12.16,
            "gross_margin_4q_avg": 12.86,
            "net_income": 45142,
            "revenue": 1466076,
            "common_shares": 3844540,
            "book_valuer_per_share": 13.18,
            "book_valuer_per_share_4q_avg": 13.21,
            "equity": 5066072,
            "current_ratio": 195.82,
            "debt_ratio": 31.02,
            "inventory_turnover_ratio": 0.85,
            "account_receivable_turnover_ratio": null,
            "reinvestment_rate": -127.22,
            "research_to_sale_ratio": null,
            "price_fair": 26.88,
            "eps_avg_yearly": 0.77,
            "eps_latest_yearly": 0.48,
            "eps_growth_yearly": 85.19
        },
        "20074": {
            "year_quarter": 20074,
            "year": 2007,
            "quarter": 4,
            "eps": 0.1,
            "eps_growth_year": null,
            "eps_4q": 0.29,
            "eps_4q_growth_year": 1.43,
            "roe": 0.73,
            "roe_4q": 2.17,
            "gross_profit": 208105,
            "gross_margin": 13.78,
            "gross_margin_4q_avg": 12.32,
            "net_income": 38278,
            "revenue": 1510217,
            "common_shares": 3846720,
            "book_valuer_per_share": 13.33,
            "book_valuer_per_share_4q_avg": 13.21,
            "equity": 5360034,
            "current_ratio": 183.92,
            "debt_ratio": 36.99,
            "inventory_turnover_ratio": 0.63,
            "account_receivable_turnover_ratio": null,
            "reinvestment_rate": -48.09,
            "research_to_sale_ratio": null,
            "price_fair": 26.88,
            "eps_avg_yearly": 0.77,
            "eps_latest_yearly": 0.4,
            "eps_growth_yearly": 102.52
        },
        "20081": {
            "year_quarter": 20081,
            "year": 2008,
            "quarter": 1,
            "eps": 0.03,
            "eps_growth_year": null,
            "eps_4q": 0.62,
            "eps_4q_growth_year": 393.33,
            "roe": 0.13,
            "roe_4q": 2.79,
            "gross_profit": 302150,
            "gross_margin": 17.01,
            "gross_margin_4q_avg": 14.22,
            "net_income": 7021,
            "revenue": 1776714,
            "common_shares": 3876500,
            "book_valuer_per_share": 13.25,
            "book_valuer_per_share_4q_avg": 13.21,
            "equity": 5357852,
            "current_ratio": 183.53,
            "debt_ratio": 36.8,
            "inventory_turnover_ratio": 0.59,
            "account_receivable_turnover_ratio": null,
            "reinvestment_rate": -7.32,
            "research_to_sale_ratio": null,
            "price_fair": 16.68,
            "eps_avg_yearly": 0.68,
            "eps_latest_yearly": 0.12,
            "eps_growth_yearly": 14.52
        },
        "20082": {
            "year_quarter": 20082,
            "year": 2008,
            "quarter": 2,
            "eps": 0.24,
            "eps_growth_year": 71.43,
            "eps_4q": 0.45,
            "eps_4q_growth_year": 1936.75,
            "roe": 1.82,
            "roe_4q": 3.58,
            "gross_profit": 402510,
            "gross_margin": 18.38,
            "gross_margin_4q_avg": 15.33,
            "net_income": 97321,
            "revenue": 2189492,
            "common_shares": 3876500,
            "book_valuer_per_share": 13.17,
            "book_valuer_per_share_4q_avg": 13.23,
            "equity": 5317172,
            "current_ratio": 188.92,
            "debt_ratio": 37.5,
            "inventory_turnover_ratio": 0.74,
            "account_receivable_turnover_ratio": null,
            "reinvestment_rate": 2.48,
            "research_to_sale_ratio": null,
            "price_fair": 22.26,
            "eps_avg_yearly": 0.64,
            "eps_latest_yearly": 0.96,
            "eps_growth_yearly": 278.52
        },
        "20083": {
            "year_quarter": 20083,
            "year": 2008,
            "quarter": 3,
            "eps": 0.14,
            "eps_growth_year": 16.67,
            "eps_4q": 0.52,
            "eps_4q_growth_year": 3001.56,
            "roe": 0.97,
            "roe_4q": 3.65,
            "gross_profit": 353103,
            "gross_margin": 20.3,
            "gross_margin_4q_avg": 17.37,
            "net_income": 52230,
            "revenue": 1739116,
            "common_shares": 3882760,
            "book_valuer_per_share": 13.52,
            "book_valuer_per_share_4q_avg": 13.32,
            "equity": 5472259,
            "current_ratio": 183.14,
            "debt_ratio": 39.9,
            "inventory_turnover_ratio": 0.54,
            "account_receivable_turnover_ratio": null,
            "reinvestment_rate": 16.64,
            "research_to_sale_ratio": null,
            "price_fair": 19.6,
            "eps_avg_yearly": 0.56,
            "eps_latest_yearly": 0.56,
            "eps_growth_yearly": 264.14
        },
        "20084": {
            "year_quarter": 20084,
            "year": 2008,
            "quarter": 4,
            "eps": -0.17,
            "eps_growth_year": -270,
            "eps_4q": 0.23,
            "eps_4q_growth_year": -18.91,
            "roe": -1.22,
            "roe_4q": 1.7000000000000002,
            "gross_profit": 201901,
            "gross_margin": 14.66,
            "gross_margin_4q_avg": 17.59,
            "net_income": -66594,
            "revenue": 1376905,
            "common_shares": 3883420,
            "book_valuer_per_share": 13.38,
            "book_valuer_per_share_4q_avg": 13.33,
            "equity": 5413596,
            "current_ratio": 188.77,
            "debt_ratio": 37.76,
            "inventory_turnover_ratio": 0.42,
            "account_receivable_turnover_ratio": 2.02,
            "reinvestment_rate": -70.54,
            "research_to_sale_ratio": null,
            "price_fair": 19.6,
            "eps_avg_yearly": 0.56,
            "eps_latest_yearly": 0.56,
            "eps_growth_yearly": 264.14
        },
        "20091": {
            "year_quarter": 20091,
            "year": 2009,
            "quarter": 1,
            "eps": -0.13,
            "eps_growth_year": -533.33,
            "eps_4q": 0.07,
            "eps_4q_growth_year": -88.12,
            "roe": -0.95,
            "roe_4q": 0.6200000000000001,
            "gross_profit": 142077,
            "gross_margin": 11.48,
            "gross_margin_4q_avg": 16.21,
            "net_income": -51189,
            "revenue": 1237880,
            "common_shares": 3883420,
            "book_valuer_per_share": 13.37,
            "book_valuer_per_share_4q_avg": 13.36,
            "equity": 5411638,
            "current_ratio": 201.85,
            "debt_ratio": 33.32,
            "inventory_turnover_ratio": 0.42,
            "account_receivable_turnover_ratio": 1.82,
            "reinvestment_rate": 44.99,
            "research_to_sale_ratio": null,
            "price_fair": 19.6,
            "eps_avg_yearly": 0.56,
            "eps_latest_yearly": 0.56,
            "eps_growth_yearly": 264.14
        },
        "20092": {
            "year_quarter": 20092,
            "year": 2009,
            "quarter": 2,
            "eps": 0.24,
            "eps_growth_year": 0,
            "eps_4q": 0.07,
            "eps_4q_growth_year": -83.83,
            "roe": 1.8,
            "roe_4q": 0.6000000000000001,
            "gross_profit": 331919,
            "gross_margin": 19.71,
            "gross_margin_4q_avg": 16.54,
            "net_income": 97504,
            "revenue": 1683904,
            "common_shares": 3883420,
            "book_valuer_per_share": 13.41,
            "book_valuer_per_share_4q_avg": 13.42,
            "equity": 5426630,
            "current_ratio": 203.23,
            "debt_ratio": 33.47,
            "inventory_turnover_ratio": 0.59,
            "account_receivable_turnover_ratio": 2.5,
            "reinvestment_rate": 42.04,
            "research_to_sale_ratio": null,
            "price_fair": 19.6,
            "eps_avg_yearly": 0.56,
            "eps_latest_yearly": 0.56,
            "eps_growth_yearly": 264.14
        },
        "20093": {
            "year_quarter": 20093,
            "year": 2009,
            "quarter": 3,
            "eps": 0.31,
            "eps_growth_year": 121.43,
            "eps_4q": 0.26,
            "eps_4q_growth_year": -50.19,
            "roe": 2.11,
            "roe_4q": 1.74,
            "gross_profit": 396314,
            "gross_margin": 23.06,
            "gross_margin_4q_avg": 17.23,
            "net_income": 116169,
            "revenue": 1718502,
            "common_shares": 3889520,
            "book_valuer_per_share": 13.74,
            "book_valuer_per_share_4q_avg": 13.48,
            "equity": 5568822,
            "current_ratio": 222.51,
            "debt_ratio": 29.43,
            "inventory_turnover_ratio": 0.65,
            "account_receivable_turnover_ratio": 1.26,
            "reinvestment_rate": 38.85,
            "research_to_sale_ratio": null,
            "price_fair": 21.98,
            "eps_avg_yearly": 0.63,
            "eps_latest_yearly": 1.24,
            "eps_growth_yearly": 245.81
        },
        "20094": {
            "year_quarter": 20094,
            "year": 2009,
            "quarter": 4,
            "eps": 0.4,
            "eps_growth_year": null,
            "eps_4q": 0.82,
            "eps_4q_growth_year": 250.65,
            "roe": 2.98,
            "roe_4q": 5.9399999999999995,
            "gross_profit": 473883,
            "gross_margin": 25.74,
            "gross_margin_4q_avg": 20,
            "net_income": 168290,
            "revenue": 1841196,
            "common_shares": 3899210,
            "book_valuer_per_share": 14.04,
            "book_valuer_per_share_4q_avg": 13.64,
            "equity": 5713082,
            "current_ratio": 222.38,
            "debt_ratio": 31.2,
            "inventory_turnover_ratio": 0.68,
            "account_receivable_turnover_ratio": 1.91,
            "reinvestment_rate": 30.81,
            "research_to_sale_ratio": null,
            "price_fair": 25.9,
            "eps_avg_yearly": 0.74,
            "eps_latest_yearly": 1.6,
            "eps_growth_yearly": 263.14
        },
        "20101": {
            "year_quarter": 20101,
            "year": 2010,
            "quarter": 1,
            "eps": null,
            "eps_growth_year": null,
            "eps_4q": null,
            "eps_4q_growth_year": null,
            "roe": null,
            "roe_4q": 6.89,
            "gross_profit": 490265,
            "gross_margin": null,
            "gross_margin_4q_avg": 17.13,
            "net_income": 179449,
            "revenue": 2000750,
            "common_shares": 3901620,
            "book_valuer_per_share": 14.48,
            "book_valuer_per_share_4q_avg": 13.92,
            "equity": 5884097,
            "current_ratio": 220.28,
            "debt_ratio": 30.65,
            "inventory_turnover_ratio": null,
            "account_receivable_turnover_ratio": null,
            "reinvestment_rate": null,
            "research_to_sale_ratio": null,
            "price_fair": 26.6,
            "eps_avg_yearly": 0.76,
            "eps_latest_yearly": 1.6,
            "eps_growth_yearly": 284.97
        },
        "20102": {
            "year_quarter": 20102,
            "year": 2010,
            "quarter": 2,
            "eps": 0.71,
            "eps_growth_year": 193.85,
            "eps_4q": 1.42,
            "eps_4q_growth_year": 1827.08,
            "roe": 4.66,
            "roe_4q": 9.75,
            "gross_profit": 616253,
            "gross_margin": 29.16,
            "gross_margin_4q_avg": 19.49,
            "net_income": 275155,
            "revenue": 2113381,
            "common_shares": 3901620,
            "book_valuer_per_share": 14.56,
            "book_valuer_per_share_4q_avg": 14.21,
            "equity": 5926198,
            "current_ratio": 192.28,
            "debt_ratio": 35.52,
            "inventory_turnover_ratio": 0.67,
            "account_receivable_turnover_ratio": 1.9,
            "reinvestment_rate": 99.87,
            "research_to_sale_ratio": null,
            "price_fair": 25.73,
            "eps_avg_yearly": 0.74,
            "eps_latest_yearly": 1.6,
            "eps_growth_yearly": 284.87
        },
        "20103": {
            "year_quarter": 20103,
            "year": 2010,
            "quarter": 3,
            "eps": 0.48,
            "eps_growth_year": 56.45,
            "eps_4q": 1.59,
            "eps_4q_growth_year": 516.96,
            "roe": 3.28,
            "roe_4q": 10.92,
            "gross_profit": 512404,
            "gross_margin": 20.72,
            "gross_margin_4q_avg": 18.91,
            "net_income": 196868,
            "revenue": 2472941,
            "common_shares": 3901620,
            "book_valuer_per_share": 14.97,
            "book_valuer_per_share_4q_avg": 14.51,
            "equity": 6084866,
            "current_ratio": 195.79,
            "debt_ratio": 33.23,
            "inventory_turnover_ratio": 0.82,
            "account_receivable_turnover_ratio": 1.14,
            "reinvestment_rate": 101.51,
            "research_to_sale_ratio": 2.72,
            "price_fair": 31.85,
            "eps_avg_yearly": 0.91,
            "eps_latest_yearly": 1.92,
            "eps_growth_yearly": 291.59
        },
        "20104": {
            "year_quarter": 20104,
            "year": 2010,
            "quarter": 4,
            "eps": 0.24,
            "eps_growth_year": -39.05,
            "eps_4q": 1.43,
            "eps_4q_growth_year": 75.86,
            "roe": 1.63,
            "roe_4q": 9.57,
            "gross_profit": 419339,
            "gross_margin": 29.93,
            "gross_margin_4q_avg": 19.95,
            "net_income": 99087,
            "revenue": 1401092,
            "common_shares": 3901620,
            "book_valuer_per_share": 14.94,
            "book_valuer_per_share_4q_avg": 14.74,
            "equity": 6067737,
            "current_ratio": 189.82,
            "debt_ratio": 33.94,
            "inventory_turnover_ratio": 0.39,
            "account_receivable_turnover_ratio": 0.72,
            "reinvestment_rate": 55.34,
            "research_to_sale_ratio": 5.91,
            "price_fair": 32.04,
            "eps_avg_yearly": 0.92,
            "eps_latest_yearly": 0.96,
            "eps_growth_yearly": 236.97
        },
        "20111": {
            "year_quarter": 20111,
            "year": 2011,
            "quarter": 1,
            "eps": 0.31,
            "eps_growth_year": null,
            "eps_4q": 1.75,
            "eps_4q_growth_year": null,
            "roe": 2.05,
            "roe_4q": 11.62,
            "gross_profit": 420257,
            "gross_margin": 22.75,
            "gross_margin_4q_avg": 25.64,
            "net_income": 126794,
            "revenue": 1847571,
            "common_shares": 3901620,
            "book_valuer_per_share": 15.55,
            "book_valuer_per_share_4q_avg": 15.01,
            "equity": 6326183,
            "current_ratio": 170.88,
            "debt_ratio": 34.95,
            "inventory_turnover_ratio": 0.55,
            "account_receivable_turnover_ratio": 0.99,
            "reinvestment_rate": 124.92,
            "research_to_sale_ratio": 3.69,
            "price_fair": 33.18,
            "eps_avg_yearly": 0.95,
            "eps_latest_yearly": 1.24,
            "eps_growth_yearly": 224.94
        },
        "20112": {
            "year_quarter": 20112,
            "year": 2011,
            "quarter": 2,
            "eps": 0.41,
            "eps_growth_year": -41.46,
            "eps_4q": 1.36,
            "eps_4q_growth_year": -4.15,
            "roe": 2.86,
            "roe_4q": 9.82,
            "gross_profit": 419443,
            "gross_margin": 22.25,
            "gross_margin_4q_avg": 23.91,
            "net_income": 179514,
            "revenue": 1885089,
            "common_shares": 3901620,
            "book_valuer_per_share": 15.27,
            "book_valuer_per_share_4q_avg": 15.18,
            "equity": 6221226,
            "current_ratio": 145.54,
            "debt_ratio": 39.02,
            "inventory_turnover_ratio": 0.55,
            "account_receivable_turnover_ratio": 0.93,
            "reinvestment_rate": 145.77,
            "research_to_sale_ratio": 4.19,
            "price_fair": 35.38,
            "eps_avg_yearly": 1.01,
            "eps_latest_yearly": 1.64,
            "eps_growth_yearly": 216.22
        },
        "20113": {
            "year_quarter": 20113,
            "year": 2011,
            "quarter": 3,
            "eps": 0.23,
            "eps_growth_year": -52.87,
            "eps_4q": 1.15,
            "eps_4q_growth_year": -28.01,
            "roe": 1.55,
            "roe_4q": 8.09,
            "gross_profit": 377864,
            "gross_margin": 20.91,
            "gross_margin_4q_avg": 23.96,
            "net_income": 97057,
            "revenue": 1806815,
            "common_shares": 4291782,
            "book_valuer_per_share": 14,
            "book_valuer_per_share_4q_avg": 14.94,
            "equity": 6278113,
            "current_ratio": 147.41,
            "debt_ratio": 37.84,
            "inventory_turnover_ratio": 0.53,
            "account_receivable_turnover_ratio": 0.89,
            "reinvestment_rate": 140.33,
            "research_to_sale_ratio": 4.45,
            "price_fair": 36.78,
            "eps_avg_yearly": 1.05,
            "eps_latest_yearly": 0.92,
            "eps_growth_yearly": 205.45
        },
        "20114": {
            "year_quarter": 20114,
            "year": 2011,
            "quarter": 4,
            "eps": 0.15,
            "eps_growth_year": -39.45,
            "eps_4q": 1.07,
            "eps_4q_growth_year": -25.18,
            "roe": 0.96,
            "roe_4q": 7.419999999999999,
            "gross_profit": 347827,
            "gross_margin": 19.38,
            "gross_margin_4q_avg": 21.32,
            "net_income": 60525,
            "revenue": 1794715,
            "common_shares": 4291782,
            "book_valuer_per_share": 14.22,
            "book_valuer_per_share_4q_avg": 14.76,
            "equity": 6371315,
            "current_ratio": 191.91,
            "debt_ratio": 35.95,
            "inventory_turnover_ratio": 0.56,
            "account_receivable_turnover_ratio": 0.93,
            "reinvestment_rate": 93.68,
            "research_to_sale_ratio": 4.42,
            "price_fair": 37.42,
            "eps_avg_yearly": 1.07,
            "eps_latest_yearly": 0.6,
            "eps_growth_yearly": 198.86
        },
        "20121": {
            "year_quarter": 20121,
            "year": 2012,
            "quarter": 1,
            "eps": 0.22,
            "eps_growth_year": -29.03,
            "eps_4q": 1.01,
            "eps_4q_growth_year": -41.96,
            "roe": 1.39,
            "roe_4q": 6.76,
            "gross_profit": 381944,
            "gross_margin": 20.21,
            "gross_margin_4q_avg": 20.69,
            "net_income": 92820,
            "revenue": 1890116,
            "common_shares": 4291782,
            "book_valuer_per_share": 15.61,
            "book_valuer_per_share_4q_avg": 14.78,
            "equity": 6956757,
            "current_ratio": 195.73,
            "debt_ratio": 33.5,
            "inventory_turnover_ratio": 0.62,
            "account_receivable_turnover_ratio": 0.95,
            "reinvestment_rate": 121.49,
            "research_to_sale_ratio": 3.78,
            "price_fair": 39.84,
            "eps_avg_yearly": 1.14,
            "eps_latest_yearly": 0.88,
            "eps_growth_yearly": 241.29
        },
        "20122": {
            "year_quarter": 20122,
            "year": 2012,
            "quarter": 2,
            "eps": 0.29,
            "eps_growth_year": -29.13,
            "eps_4q": 0.86,
            "eps_4q_growth_year": -36.39,
            "roe": 2,
            "roe_4q": 5.8999999999999995,
            "gross_profit": 534623,
            "gross_margin": 25.45,
            "gross_margin_4q_avg": 21.49,
            "net_income": 137933,
            "revenue": 2100601,
            "common_shares": 4291782,
            "book_valuer_per_share": 15.19,
            "book_valuer_per_share_4q_avg": 14.76,
            "equity": 6818867,
            "current_ratio": 175.75,
            "debt_ratio": 37.42,
            "inventory_turnover_ratio": 0.65,
            "account_receivable_turnover_ratio": 0.97,
            "reinvestment_rate": 117.13,
            "research_to_sale_ratio": 4.07,
            "price_fair": 3.47,
            "eps_avg_yearly": 1.16,
            "eps_latest_yearly": 1.16,
            "eps_growth_yearly": -1.69
        },
        "20123": {
            "year_quarter": 20123,
            "year": 2012,
            "quarter": 3,
            "eps": 0.38,
            "eps_growth_year": 65.19,
            "eps_4q": 1.02,
            "eps_4q_growth_year": -10.67,
            "roe": 2.53,
            "roe_4q": 6.879999999999999,
            "gross_profit": 480700,
            "gross_margin": 23,
            "gross_margin_4q_avg": 22.01,
            "net_income": 173346,
            "revenue": 2090279,
            "common_shares": 4506371,
            "book_valuer_per_share": 14.6,
            "book_valuer_per_share_4q_avg": 14.91,
            "equity": 6882412,
            "current_ratio": 191,
            "debt_ratio": 35.34,
            "inventory_turnover_ratio": 0.64,
            "account_receivable_turnover_ratio": 0.94,
            "reinvestment_rate": 102.68,
            "research_to_sale_ratio": 3.75,
            "price_fair": 43.22,
            "eps_avg_yearly": 1.24,
            "eps_latest_yearly": 1.52,
            "eps_growth_yearly": 24.75
        },
        "20124": {
            "year_quarter": 20124,
            "year": 2012,
            "quarter": 4,
            "eps": 0.23,
            "eps_growth_year": 56.39,
            "eps_4q": 1.11,
            "eps_4q_growth_year": 3.91,
            "roe": 1.5,
            "roe_4q": 7.419999999999999,
            "gross_profit": 401534,
            "gross_margin": 20.79,
            "gross_margin_4q_avg": 22.36,
            "net_income": 102521,
            "revenue": 1931047,
            "common_shares": 4506371,
            "book_valuer_per_share": 14.35,
            "book_valuer_per_share_4q_avg": 14.94,
            "equity": 6766734,
            "current_ratio": 193.12,
            "debt_ratio": 35.4,
            "inventory_turnover_ratio": 0.6,
            "account_receivable_turnover_ratio": 0.92,
            "reinvestment_rate": 93.59,
            "research_to_sale_ratio": 4.5,
            "price_fair": 23.76,
            "eps_avg_yearly": 1.22,
            "eps_latest_yearly": 0.92,
            "eps_growth_yearly": 9.53
        },
        "20131": {
            "year_quarter": 20131,
            "year": 2013,
            "quarter": 1,
            "eps": 0.19,
            "eps_growth_year": -13.64,
            "eps_4q": 1.09,
            "eps_4q_growth_year": 7.36,
            "roe": 1.06,
            "roe_4q": 7.09,
            "gross_profit": 433370,
            "gross_margin": 21.99,
            "gross_margin_4q_avg": 22.81,
            "net_income": 71900,
            "revenue": 1970668,
            "common_shares": 4506371,
            "book_valuer_per_share": 14.58,
            "book_valuer_per_share_4q_avg": 14.68,
            "equity": 6862218,
            "current_ratio": 207.34,
            "debt_ratio": 35.88,
            "inventory_turnover_ratio": 0.59,
            "account_receivable_turnover_ratio": 1.05,
            "reinvestment_rate": 92.9,
            "research_to_sale_ratio": 4.08,
            "price_fair": 15.89,
            "eps_avg_yearly": 1.18,
            "eps_latest_yearly": 0.76,
            "eps_growth_yearly": 3.45
        },
        "20132": {
            "year_quarter": 20132,
            "year": 2013,
            "quarter": 2,
            "eps": 0.34,
            "eps_growth_year": 16.2,
            "eps_4q": 1.1,
            "eps_4q_growth_year": 26.81,
            "roe": 2.45,
            "roe_4q": 7.539999999999999,
            "gross_profit": 556438,
            "gross_margin": 24.38,
            "gross_margin_4q_avg": 22.54,
            "net_income": 167109,
            "revenue": 2282312,
            "common_shares": 4506371,
            "book_valuer_per_share": 14.39,
            "book_valuer_per_share_4q_avg": 14.48,
            "equity": 6778127,
            "current_ratio": 190.69,
            "debt_ratio": 37.96,
            "inventory_turnover_ratio": 0.66,
            "account_receivable_turnover_ratio": 1.28,
            "reinvestment_rate": 94.14,
            "research_to_sale_ratio": 3.88,
            "price_fair": 41.8,
            "eps_avg_yearly": 1.19,
            "eps_latest_yearly": 1.36,
            "eps_growth_yearly": 25.76
        },
        "20133": {
            "year_quarter": 20133,
            "year": 2013,
            "quarter": 3,
            "eps": 0.41,
            "eps_growth_year": 8.59,
            "eps_4q": 1.14,
            "eps_4q_growth_year": 11.5,
            "roe": 2.81,
            "roe_4q": 7.82,
            "gross_profit": 538343,
            "gross_margin": 24.23,
            "gross_margin_4q_avg": 22.85,
            "net_income": 194847,
            "revenue": 2222114,
            "common_shares": 4731690,
            "book_valuer_per_share": 14.38,
            "book_valuer_per_share_4q_avg": 14.43,
            "equity": 7103111,
            "current_ratio": 196.17,
            "debt_ratio": 37.14,
            "inventory_turnover_ratio": 0.64,
            "account_receivable_turnover_ratio": 1.24,
            "reinvestment_rate": 100.72,
            "research_to_sale_ratio": 3.87,
            "price_fair": 40.73,
            "eps_avg_yearly": 1.22,
            "eps_latest_yearly": 1.64,
            "eps_growth_yearly": 23.31
        },
        "20134": {
            "year_quarter": 20134,
            "year": 2013,
            "quarter": 4,
            "eps": 0.32,
            "eps_growth_year": 38.81,
            "eps_4q": 1.24,
            "eps_4q_growth_year": 11.49,
            "roe": 2.15,
            "roe_4q": 8.47,
            "gross_profit": 571163,
            "gross_margin": 24.9,
            "gross_margin_4q_avg": 23.88,
            "net_income": 155373,
            "revenue": 2293886,
            "common_shares": 4731690,
            "book_valuer_per_share": 14.84,
            "book_valuer_per_share_4q_avg": 14.55,
            "equity": 7323115,
            "current_ratio": 185.24,
            "debt_ratio": 37.16,
            "inventory_turnover_ratio": 0.62,
            "account_receivable_turnover_ratio": 1.28,
            "reinvestment_rate": 88.57,
            "research_to_sale_ratio": 4.08,
            "price_fair": 22.49,
            "eps_avg_yearly": 1.2,
            "eps_latest_yearly": 1.28,
            "eps_growth_yearly": 8.74
        },
        "20141": {
            "year_quarter": 20141,
            "year": 2014,
            "quarter": 1,
            "eps": 0.4,
            "eps_growth_year": 110.53,
            "eps_4q": 1.47,
            "eps_4q_growth_year": 35.06,
            "roe": 2.65,
            "roe_4q": 10.059999999999999,
            "gross_profit": 570917,
            "gross_margin": 24.37,
            "gross_margin_4q_avg": 24.47,
            "net_income": 198659,
            "revenue": 2342416,
            "common_shares": 4731690,
            "book_valuer_per_share": 15.56,
            "book_valuer_per_share_4q_avg": 14.79,
            "equity": 7667017,
            "current_ratio": 181.14,
            "debt_ratio": 37.55,
            "inventory_turnover_ratio": 0.57,
            "account_receivable_turnover_ratio": 1.23,
            "reinvestment_rate": 122.42,
            "research_to_sale_ratio": 3.54,
            "price_fair": 30.45,
            "eps_avg_yearly": 1.23,
            "eps_latest_yearly": 1.6,
            "eps_growth_yearly": 14.82
        },
        "20142": {
            "year_quarter": 20142,
            "year": 2014,
            "quarter": 2,
            "eps": 0.49,
            "eps_growth_year": 44.12,
            "eps_4q": 1.57,
            "eps_4q_growth_year": 43.34,
            "roe": 3.27,
            "roe_4q": 10.88,
            "gross_profit": 729867,
            "gross_margin": 25.68,
            "gross_margin_4q_avg": 24.8,
            "net_income": 252060,
            "revenue": 2842628,
            "common_shares": 4731690,
            "book_valuer_per_share": 15.75,
            "book_valuer_per_share_4q_avg": 15.13,
            "equity": 7748703,
            "current_ratio": 155.86,
            "debt_ratio": 39.77,
            "inventory_turnover_ratio": 0.64,
            "account_receivable_turnover_ratio": 1.39,
            "reinvestment_rate": 110.89,
            "research_to_sale_ratio": 3.31,
            "price_fair": 37.57,
            "eps_avg_yearly": 1.27,
            "eps_latest_yearly": 1.96,
            "eps_growth_yearly": 19.52
        },
        "20143": {
            "year_quarter": 20143,
            "year": 2014,
            "quarter": 3,
            "eps": 0.3,
            "eps_growth_year": -26.83,
            "eps_4q": 1.48,
            "eps_4q_growth_year": 29.74,
            "roe": 1.89,
            "roe_4q": 9.96,
            "gross_profit": 533543,
            "gross_margin": 22.27,
            "gross_margin_4q_avg": 24.31,
            "net_income": 146131,
            "revenue": 2395979,
            "common_shares": 4968274,
            "book_valuer_per_share": 14.9,
            "book_valuer_per_share_4q_avg": 15.26,
            "equity": 7729924,
            "current_ratio": 154.75,
            "debt_ratio": 40.42,
            "inventory_turnover_ratio": 0.53,
            "account_receivable_turnover_ratio": 1.16,
            "reinvestment_rate": 108.96,
            "research_to_sale_ratio": 4.06,
            "price_fair": 34.28,
            "eps_avg_yearly": 1.23,
            "eps_latest_yearly": 1.2,
            "eps_growth_yearly": 17.93
        },
        "20144": {
            "year_quarter": 20144,
            "year": 2014,
            "quarter": 4,
            "eps": -0.01,
            "eps_growth_year": -103.97,
            "eps_4q": 1.16,
            "eps_4q_growth_year": -6.34,
            "roe": -0.11,
            "roe_4q": 7.699999999999999,
            "gross_profit": 413563,
            "gross_margin": 17.83,
            "gross_margin_4q_avg": 22.54,
            "net_income": -8624,
            "revenue": 2318855,
            "common_shares": 4968274,
            "book_valuer_per_share": 14.93,
            "book_valuer_per_share_4q_avg": 15.29,
            "equity": 7741700,
            "current_ratio": 143.91,
            "debt_ratio": 39.19,
            "inventory_turnover_ratio": 0.55,
            "account_receivable_turnover_ratio": 1.19,
            "reinvestment_rate": 121.15,
            "research_to_sale_ratio": 4.34,
            "price_fair": 43.59,
            "eps_avg_yearly": 1.25,
            "eps_latest_yearly": 1.2,
            "eps_growth_yearly": 32.45
        },
        "20151": {
            "year_quarter": 20151,
            "year": 2015,
            "quarter": 1,
            "eps": 0.29,
            "eps_growth_year": -27.5,
            "eps_4q": 1.07,
            "eps_4q_growth_year": -27.18,
            "roe": 1.89,
            "roe_4q": 6.9399999999999995,
            "gross_profit": 572571,
            "gross_margin": 23.53,
            "gross_margin_4q_avg": 22.33,
            "net_income": 147829,
            "revenue": 2432856,
            "common_shares": 4968274,
            "book_valuer_per_share": 15.18,
            "book_valuer_per_share_4q_avg": 15.19,
            "equity": 7866285,
            "current_ratio": 144.88,
            "debt_ratio": 38.91,
            "inventory_turnover_ratio": 0.57,
            "account_receivable_turnover_ratio": 1.25,
            "reinvestment_rate": 103.9,
            "research_to_sale_ratio": 3.8,
            "price_fair": 43.6,
            "eps_avg_yearly": 1.25,
            "eps_latest_yearly": 1.2,
            "eps_growth_yearly": 26.44
        },
        "20152": {
            "year_quarter": 20152,
            "year": 2015,
            "quarter": 2,
            "eps": 0.22,
            "eps_growth_year": -55.1,
            "eps_4q": 0.77,
            "eps_4q_growth_year": -51.21,
            "roe": 1.52,
            "roe_4q": 5.19,
            "gross_profit": 543433,
            "gross_margin": 22.05,
            "gross_margin_4q_avg": 21.42,
            "net_income": 118756,
            "revenue": 2464246,
            "common_shares": 4968274,
            "book_valuer_per_share": 14.92,
            "book_valuer_per_share_4q_avg": 14.98,
            "equity": 7733381,
            "current_ratio": 135.67,
            "debt_ratio": 41.5,
            "inventory_turnover_ratio": 0.59,
            "account_receivable_turnover_ratio": 1.2,
            "reinvestment_rate": 89.32,
            "research_to_sale_ratio": 4.01,
            "price_fair": 24.22,
            "eps_avg_yearly": 1.19,
            "eps_latest_yearly": 0.88,
            "eps_growth_yearly": 10.33
        },
        "20153": {
            "year_quarter": 20153,
            "year": 2015,
            "quarter": 3,
            "eps": 0.36,
            "eps_growth_year": 20,
            "eps_4q": 0.84,
            "eps_4q_growth_year": -43,
            "roe": 2.42,
            "roe_4q": 5.72,
            "gross_profit": 558936,
            "gross_margin": 24.63,
            "gross_margin_4q_avg": 22.01,
            "net_income": 188095,
            "revenue": 2269669,
            "common_shares": 5216688,
            "book_valuer_per_share": 14.39,
            "book_valuer_per_share_4q_avg": 14.86,
            "equity": 7838570,
            "current_ratio": 147.56,
            "debt_ratio": 40.37,
            "inventory_turnover_ratio": 0.53,
            "account_receivable_turnover_ratio": 1.11,
            "reinvestment_rate": 85.65,
            "research_to_sale_ratio": 4.34,
            "price_fair": 43,
            "eps_avg_yearly": 1.23,
            "eps_latest_yearly": 1.44,
            "eps_growth_yearly": 41.05
        },
        "20154": {
            "year_quarter": 20154,
            "year": 2015,
            "quarter": 4,
            "eps": 0.23,
            "eps_growth_year": null,
            "eps_4q": 1.08,
            "eps_4q_growth_year": -6.92,
            "roe": 1.5,
            "roe_4q": 7.329999999999999,
            "gross_profit": 609574,
            "gross_margin": 25.71,
            "gross_margin_4q_avg": 23.98,
            "net_income": 118982,
            "revenue": 2370650,
            "common_shares": 5216688,
            "book_valuer_per_share": 14.66,
            "book_valuer_per_share_4q_avg": 14.79,
            "equity": 7973964,
            "current_ratio": 141.35,
            "debt_ratio": 40.31,
            "inventory_turnover_ratio": 0.55,
            "account_receivable_turnover_ratio": 1.2,
            "reinvestment_rate": 102.08,
            "research_to_sale_ratio": 4.49,
            "price_fair": 43.8,
            "eps_avg_yearly": 1.25,
            "eps_latest_yearly": 0.92,
            "eps_growth_yearly": 40.67
        },
        "20161": {
            "year_quarter": 20161,
            "year": 2016,
            "quarter": 1,
            "eps": 0.3,
            "eps_growth_year": 3.45,
            "eps_4q": 1.1,
            "eps_4q_growth_year": 3.13,
            "roe": 2,
            "roe_4q": 7.4399999999999995,
            "gross_profit": 589205,
            "gross_margin": 25.68,
            "gross_margin_4q_avg": 24.52,
            "net_income": 160542,
            "revenue": 2294258,
            "common_shares": 5216688,
            "book_valuer_per_share": 14.88,
            "book_valuer_per_share_4q_avg": 14.71,
            "equity": 8089427,
            "current_ratio": 147.07,
            "debt_ratio": 38.95,
            "inventory_turnover_ratio": 0.54,
            "account_receivable_turnover_ratio": 1.21,
            "reinvestment_rate": 73.79,
            "research_to_sale_ratio": 4.3,
            "price_fair": 44.6,
            "eps_avg_yearly": 1.27,
            "eps_latest_yearly": 1.2,
            "eps_growth_yearly": 36.03
        },
        "20162": {
            "year_quarter": 20162,
            "year": 2016,
            "quarter": 2,
            "eps": 0.24,
            "eps_growth_year": 9.09,
            "eps_4q": 1.08,
            "eps_4q_growth_year": 41.44,
            "roe": 1.7,
            "roe_4q": 7.62,
            "gross_profit": 600179,
            "gross_margin": 23.95,
            "gross_margin_4q_avg": 24.99,
            "net_income": 137459,
            "revenue": 2505694,
            "common_shares": 5216688,
            "book_valuer_per_share": 14.83,
            "book_valuer_per_share_4q_avg": 14.69,
            "equity": 8065416,
            "current_ratio": 144.35,
            "debt_ratio": 39.94,
            "inventory_turnover_ratio": 0.62,
            "account_receivable_turnover_ratio": 1.34,
            "reinvestment_rate": 82.97,
            "research_to_sale_ratio": 4.17,
            "price_fair": 39.35,
            "eps_avg_yearly": 1.26,
            "eps_latest_yearly": 0.96,
            "eps_growth_yearly": 21.23
        },
        "20163": {
            "year_quarter": 20163,
            "year": 2016,
            "quarter": 3,
            "eps": 0.26,
            "eps_growth_year": -27.78,
            "eps_4q": 1,
            "eps_4q_growth_year": 18.67,
            "roe": 1.73,
            "roe_4q": 6.93,
            "gross_profit": 493087,
            "gross_margin": 21.5,
            "gross_margin_4q_avg": 24.21,
            "net_income": 139471,
            "revenue": 2293494,
            "common_shares": 5477522,
            "book_valuer_per_share": 14.18,
            "book_valuer_per_share_4q_avg": 14.64,
            "equity": 8090173,
            "current_ratio": 152.56,
            "debt_ratio": 40.84,
            "inventory_turnover_ratio": 0.58,
            "account_receivable_turnover_ratio": 1.25,
            "reinvestment_rate": 86.16,
            "research_to_sale_ratio": 4.53,
            "price_fair": 30.33,
            "eps_avg_yearly": 1.23,
            "eps_latest_yearly": 1.04,
            "eps_growth_yearly": 14.74
        },
        "20164": {
            "year_quarter": 20164,
            "year": 2016,
            "quarter": 4,
            "eps": 0.07,
            "eps_growth_year": -69.64,
            "eps_4q": 0.86,
            "eps_4q_growth_year": -21.07,
            "roe": 0.45,
            "roe_4q": 5.88,
            "gross_profit": 416431,
            "gross_margin": 17.66,
            "gross_margin_4q_avg": 22.2,
            "net_income": 36362,
            "revenue": 2357428,
            "common_shares": 5477522,
            "book_valuer_per_share": 13.98,
            "book_valuer_per_share_4q_avg": 14.47,
            "equity": 7980135,
            "current_ratio": 151.54,
            "debt_ratio": 41.34,
            "inventory_turnover_ratio": 0.59,
            "account_receivable_turnover_ratio": 1.33,
            "reinvestment_rate": 88.15,
            "research_to_sale_ratio": 4.22,
            "price_fair": 17.87,
            "eps_avg_yearly": 1.18,
            "eps_latest_yearly": 0.28,
            "eps_growth_yearly": 5.14
        },
        "20171": {
            "year_quarter": 20171,
            "year": 2017,
            "quarter": 1,
            "eps": 0.17,
            "eps_growth_year": -43.33,
            "eps_4q": 0.74,
            "eps_4q_growth_year": -32.98,
            "roe": 1.18,
            "roe_4q": 5.06,
            "gross_profit": 489878,
            "gross_margin": 21.13,
            "gross_margin_4q_avg": 21.06,
            "net_income": 94656,
            "revenue": 2318070,
            "common_shares": 5477522,
            "book_valuer_per_share": 14.09,
            "book_valuer_per_share_4q_avg": 14.27,
            "equity": 8037046,
            "current_ratio": 156.48,
            "debt_ratio": 39.96,
            "inventory_turnover_ratio": 0.55,
            "account_receivable_turnover_ratio": 1.34,
            "reinvestment_rate": 81.11,
            "research_to_sale_ratio": 4.2,
            "price_fair": 41.1,
            "eps_avg_yearly": 1.17,
            "eps_latest_yearly": 0.68,
            "eps_growth_yearly": 50.93
        },
        "20172": {
            "year_quarter": 20172,
            "year": 2017,
            "quarter": 2,
            "eps": 0.1,
            "eps_growth_year": -58.33,
            "eps_4q": 0.6,
            "eps_4q_growth_year": -45.14,
            "roe": 0.66,
            "roe_4q": 4.02,
            "gross_profit": 488270,
            "gross_margin": 21.44,
            "gross_margin_4q_avg": 20.43,
            "net_income": 52209,
            "revenue": 2276990,
            "common_shares": 5477522,
            "book_valuer_per_share": 13.77,
            "book_valuer_per_share_4q_avg": 14.01,
            "equity": 7855815,
            "current_ratio": 164.13,
            "debt_ratio": 41.33,
            "inventory_turnover_ratio": 0.54,
            "account_receivable_turnover_ratio": 1.35,
            "reinvestment_rate": 87.11,
            "research_to_sale_ratio": 4.52,
            "price_fair": 29.42,
            "eps_avg_yearly": 1.11,
            "eps_latest_yearly": 0.4,
            "eps_growth_yearly": 16.61
        },
        "20173": {
            "year_quarter": 20173,
            "year": 2017,
            "quarter": 3,
            "eps": 0.2,
            "eps_growth_year": -23.08,
            "eps_4q": 0.54,
            "eps_4q_growth_year": -46.49,
            "roe": 1.43,
            "roe_4q": 3.7199999999999998,
            "gross_profit": 462012,
            "gross_margin": 20.93,
            "gross_margin_4q_avg": 20.29,
            "net_income": 113155,
            "revenue": 2207348,
            "common_shares": 5477522,
            "book_valuer_per_share": 13.94,
            "book_valuer_per_share_4q_avg": 13.95,
            "equity": 7948199,
            "current_ratio": 193.07,
            "debt_ratio": 40.89,
            "inventory_turnover_ratio": 0.52,
            "account_receivable_turnover_ratio": 1.32,
            "reinvestment_rate": 84.32,
            "research_to_sale_ratio": 4.68,
            "price_fair": 36.6,
            "eps_avg_yearly": 1.05,
            "eps_latest_yearly": 0.8,
            "eps_growth_yearly": 39.29
        },
        "20174": {
            "year_quarter": 20174,
            "year": 2017,
            "quarter": 4,
            "eps": 0.2,
            "eps_growth_year": 191.71,
            "eps_4q": 0.67,
            "eps_4q_growth_year": -21.85,
            "roe": 1.38,
            "roe_4q": 4.6499999999999995,
            "gross_profit": 530112,
            "gross_margin": 22.4,
            "gross_margin_4q_avg": 21.48,
            "net_income": 110224,
            "revenue": 2367072,
            "common_shares": 5477522,
            "book_valuer_per_share": 14.1,
            "book_valuer_per_share_4q_avg": 13.98,
            "equity": 8036778,
            "current_ratio": 184.53,
            "debt_ratio": 41.44,
            "inventory_turnover_ratio": 0.54,
            "account_receivable_turnover_ratio": 1.35,
            "reinvestment_rate": 75.64,
            "research_to_sale_ratio": 4.35,
            "price_fair": 35.4,
            "eps_avg_yearly": 1.01,
            "eps_latest_yearly": 0.8,
            "eps_growth_yearly": 45.57
        },
        "20181": {
            "year_quarter": 20181,
            "year": 2018,
            "quarter": 1,
            "eps": 0.19,
            "eps_growth_year": 11.76,
            "eps_4q": 0.69,
            "eps_4q_growth_year": -6.79,
            "roe": 1.28,
            "roe_4q": 4.75,
            "gross_profit": 505659,
            "gross_margin": 21.81,
            "gross_margin_4q_avg": 21.65,
            "net_income": 104281,
            "revenue": 2318092,
            "common_shares": 5477522,
            "book_valuer_per_share": 14.43,
            "book_valuer_per_share_4q_avg": 14.06,
            "equity": 8217222,
            "current_ratio": 188.98,
            "debt_ratio": 40.48,
            "inventory_turnover_ratio": 0.53,
            "account_receivable_turnover_ratio": 1.3,
            "reinvestment_rate": 7.37,
            "research_to_sale_ratio": 4.46,
            "price_fair": 33.3,
            "eps_avg_yearly": 0.95,
            "eps_latest_yearly": 0.76,
            "eps_growth_yearly": 37
        },
        "20182": {
            "year_quarter": 20182,
            "year": 2018,
            "quarter": 2,
            "eps": 0.17,
            "eps_growth_year": 70,
            "eps_4q": 0.76,
            "eps_4q_growth_year": 28.48,
            "roe": 1.2,
            "roe_4q": 5.29,
            "gross_profit": 570729,
            "gross_margin": 22.17,
            "gross_margin_4q_avg": 21.83,
            "net_income": 97492,
            "revenue": 2574209,
            "common_shares": 5477522,
            "book_valuer_per_share": 14.05,
            "book_valuer_per_share_4q_avg": 14.13,
            "equity": 8010943,
            "current_ratio": 159.28,
            "debt_ratio": 42.65,
            "inventory_turnover_ratio": 0.59,
            "account_receivable_turnover_ratio": 1.35,
            "reinvestment_rate": -14.09,
            "research_to_sale_ratio": 4.4,
            "price_fair": 30.1,
            "eps_avg_yearly": 0.86,
            "eps_latest_yearly": 0.68,
            "eps_growth_yearly": 27.56
        },
        "20183": {
            "year_quarter": 20183,
            "year": 2018,
            "quarter": 3,
            "eps": 0.25,
            "eps_growth_year": 25,
            "eps_4q": 0.82,
            "eps_4q_growth_year": 52.38,
            "roe": 1.8,
            "roe_4q": 5.66,
            "gross_profit": 578194,
            "gross_margin": 23.12,
            "gross_margin_4q_avg": 22.38,
            "net_income": 143568,
            "revenue": 2500406,
            "common_shares": 5477522,
            "book_valuer_per_share": 13.96,
            "book_valuer_per_share_4q_avg": 14.14,
            "equity": 7964724,
            "current_ratio": 165.21,
            "debt_ratio": 42.82,
            "inventory_turnover_ratio": 0.56,
            "account_receivable_turnover_ratio": 1.22,
            "reinvestment_rate": -18.45,
            "research_to_sale_ratio": 4.34,
            "price_fair": 29.6,
            "eps_avg_yearly": 0.85,
            "eps_latest_yearly": 1,
            "eps_growth_yearly": 52.08
        },
        "20184": {
            "year_quarter": 20184,
            "year": 2018,
            "quarter": 4,
            "eps": 0.12,
            "eps_growth_year": -41.59,
            "eps_4q": 0.73,
            "eps_4q_growth_year": 9.79,
            "roe": 0.79,
            "roe_4q": 5.07,
            "gross_profit": 510636,
            "gross_margin": 22.92,
            "gross_margin_4q_avg": 22.51,
            "net_income": 62579,
            "revenue": 2228312,
            "common_shares": 5477522,
            "book_valuer_per_share": 13.87,
            "book_valuer_per_share_4q_avg": 14.08,
            "equity": 7913196,
            "current_ratio": 161.58,
            "debt_ratio": 42.9,
            "inventory_turnover_ratio": 0.47,
            "account_receivable_turnover_ratio": 1.16,
            "reinvestment_rate": -33.44,
            "research_to_sale_ratio": 4.75,
            "price_fair": 28.75,
            "eps_avg_yearly": 0.82,
            "eps_latest_yearly": 0.48,
            "eps_growth_yearly": 34.74
        },
        "20191": {
            "year_quarter": 20191,
            "year": 2019,
            "quarter": 1,
            "eps": 0.23,
            "eps_growth_year": 21.05,
            "eps_4q": 0.77,
            "eps_4q_growth_year": 12.07,
            "roe": 1.58,
            "roe_4q": 5.37,
            "gross_profit": 523967,
            "gross_margin": 22.75,
            "gross_margin_4q_avg": 22.74,
            "net_income": 126531,
            "revenue": 2303364,
            "common_shares": 5477522,
            "book_valuer_per_share": 14.29,
            "book_valuer_per_share_4q_avg": 14.04,
            "equity": 8146916,
            "current_ratio": 166.39,
            "debt_ratio": 42.68,
            "inventory_turnover_ratio": 0.48,
            "account_receivable_turnover_ratio": 1.28,
            "reinvestment_rate": -40.64,
            "research_to_sale_ratio": 4.37,
            "price_fair": 28.96,
            "eps_avg_yearly": 0.83,
            "eps_latest_yearly": 0.92,
            "eps_growth_yearly": 55.49
        },
        "20192": {
            "year_quarter": 20192,
            "year": 2019,
            "quarter": 2,
            "eps": 0.18,
            "eps_growth_year": 5.88,
            "eps_4q": 0.77,
            "eps_4q_growth_year": 1.33,
            "roe": 1.18,
            "roe_4q": 5.35,
            "gross_profit": 551488,
            "gross_margin": 22.47,
            "gross_margin_4q_avg": 22.82,
            "net_income": 95747,
            "revenue": 2454455,
            "common_shares": 5477522,
            "book_valuer_per_share": 13.95,
            "book_valuer_per_share_4q_avg": 14.02,
            "equity": 8016308,
            "current_ratio": 147.89,
            "debt_ratio": 44.19,
            "inventory_turnover_ratio": 0.51,
            "account_receivable_turnover_ratio": 1.3,
            "reinvestment_rate": -49.21,
            "research_to_sale_ratio": 4.49,
            "price_fair": 28.61,
            "eps_avg_yearly": 0.82,
            "eps_latest_yearly": 0.72,
            "eps_growth_yearly": 56.09
        },
        "20193": {
            "year_quarter": 20193,
            "year": 2019,
            "quarter": 3,
            "eps": 0.17,
            "eps_growth_year": -32,
            "eps_4q": 0.69,
            "eps_4q_growth_year": -15.52,
            "roe": 1.09,
            "roe_4q": 4.640000000000001,
            "gross_profit": 494371,
            "gross_margin": 21.14,
            "gross_margin_4q_avg": 22.32,
            "net_income": 87869,
            "revenue": 2338207,
            "common_shares": 5477522,
            "book_valuer_per_share": 14.2,
            "book_valuer_per_share_4q_avg": 14.08,
            "equity": 8148083,
            "current_ratio": 144.92,
            "debt_ratio": 42.67,
            "inventory_turnover_ratio": 0.49,
            "account_receivable_turnover_ratio": 1.22,
            "reinvestment_rate": -50.76,
            "research_to_sale_ratio": 4.96,
            "price_fair": 26.95,
            "eps_avg_yearly": 0.77,
            "eps_latest_yearly": 0.68,
            "eps_growth_yearly": 38.79
        },
        "20194": {
            "year_quarter": 20194,
            "year": 2019,
            "quarter": 4,
            "eps": 0.09,
            "eps_growth_year": -24.57,
            "eps_4q": 0.66,
            "eps_4q_growth_year": -9.84,
            "roe": 0.48,
            "roe_4q": 4.33,
            "gross_profit": 467514,
            "gross_margin": 20.91,
            "gross_margin_4q_avg": 21.82,
            "net_income": 39090,
            "revenue": 2236050,
            "common_shares": 5477522,
            "book_valuer_per_share": 14.28,
            "book_valuer_per_share_4q_avg": 14.18,
            "equity": 8138719,
            "current_ratio": 158.25,
            "debt_ratio": 40.26,
            "inventory_turnover_ratio": 0.49,
            "account_receivable_turnover_ratio": 1.27,
            "reinvestment_rate": -82.66,
            "research_to_sale_ratio": 4.79,
            "price_fair": 25.73,
            "eps_avg_yearly": 0.74,
            "eps_latest_yearly": 0.36,
            "eps_growth_yearly": 36.05
        },
        "20201": {
            "year_quarter": 20201,
            "year": 2020,
            "quarter": 1,
            "eps": 0.12,
            "eps_growth_year": -47.83,
            "eps_4q": 0.55,
            "eps_4q_growth_year": -28.86,
            "roe": 0.83,
            "roe_4q": 3.58,
            "gross_profit": 452193,
            "gross_margin": 19.92,
            "gross_margin_4q_avg": 21.11,
            "net_income": 66643,
            "revenue": 2270477,
            "common_shares": 5477522,
            "book_valuer_per_share": 13.74,
            "book_valuer_per_share_4q_avg": 14.04,
            "equity": 7847237,
            "current_ratio": 172.03,
            "debt_ratio": 41.01,
            "inventory_turnover_ratio": 0.54,
            "account_receivable_turnover_ratio": 1.35,
            "reinvestment_rate": -92.16,
            "research_to_sale_ratio": 4.34,
            "price_fair": 24.15,
            "eps_avg_yearly": 0.69,
            "eps_latest_yearly": 0.48,
            "eps_growth_yearly": 36.78
        },
        "20202": {
            "year_quarter": 20202,
            "year": 2020,
            "quarter": 2,
            "eps": 0.07,
            "eps_growth_year": -61.11,
            "eps_4q": 0.44,
            "eps_4q_growth_year": -42.63,
            "roe": 0.43,
            "roe_4q": 2.83,
            "gross_profit": 301947,
            "gross_margin": 19.82,
            "gross_margin_4q_avg": 20.45,
            "net_income": 33993,
            "revenue": 1523357,
            "common_shares": 5477522,
            "book_valuer_per_share": 14.06,
            "book_valuer_per_share_4q_avg": 14.07,
            "equity": 8016026,
            "current_ratio": 189.26,
            "debt_ratio": 40.34,
            "inventory_turnover_ratio": 0.36,
            "account_receivable_turnover_ratio": 1,
            "reinvestment_rate": -107.51,
            "research_to_sale_ratio": 6.16,
            "price_fair": 22.66,
            "eps_avg_yearly": 0.65,
            "eps_latest_yearly": 0.28,
            "eps_growth_yearly": 31.36
        },
        "20203": {
            "year_quarter": 20203,
            "year": 2020,
            "quarter": 3,
            "eps": 0.05,
            "eps_growth_year": -70.59,
            "eps_4q": 0.32,
            "eps_4q_growth_year": -53.34,
            "roe": 0.29,
            "roe_4q": 2.03,
            "gross_profit": 334960,
            "gross_margin": 17.98,
            "gross_margin_4q_avg": 19.66,
            "net_income": 23516,
            "revenue": 1862553,
            "common_shares": 5477522,
            "book_valuer_per_share": 14.34,
            "book_valuer_per_share_4q_avg": 14.11,
            "equity": 8162211,
            "current_ratio": 211.58,
            "debt_ratio": 37.65,
            "inventory_turnover_ratio": 0.44,
            "account_receivable_turnover_ratio": 1.34,
            "reinvestment_rate": -117.74,
            "research_to_sale_ratio": 4.86,
            "price_fair": 19.12,
            "eps_avg_yearly": 0.6,
            "eps_latest_yearly": 0.2,
            "eps_growth_yearly": 22.14
        },
        "20204": {
            "year_quarter": 20204,
            "year": 2020,
            "quarter": 4,
            "eps": 0.16,
            "eps_growth_year": 75.88,
            "eps_4q": 0.39,
            "eps_4q_growth_year": -41.16,
            "roe": 0.98,
            "roe_4q": 2.53,
            "gross_profit": 479722,
            "gross_margin": 22.71,
            "gross_margin_4q_avg": 20.11,
            "net_income": 80870,
            "revenue": 2112679,
            "common_shares": 5477522,
            "book_valuer_per_share": 14.76,
            "book_valuer_per_share_4q_avg": 14.23,
            "equity": 8388383,
            "current_ratio": 209.4,
            "debt_ratio": 36.58,
            "inventory_turnover_ratio": 0.5,
            "account_receivable_turnover_ratio": 1.39,
            "reinvestment_rate": -117.72,
            "research_to_sale_ratio": 4.19,
            "price_fair": 21.61,
            "eps_avg_yearly": 0.62,
            "eps_latest_yearly": 0.64,
            "eps_growth_yearly": 95.41
        },
        "20211": {
            "year_quarter": 20211,
            "year": 2021,
            "quarter": 1,
            "eps": 0.22,
            "eps_growth_year": 83.33,
            "eps_4q": 0.49,
            "eps_4q_growth_year": -10.56,
            "roe": 1.41,
            "roe_4q": 3.11,
            "gross_profit": 562055,
            "gross_margin": 24.64,
            "gross_margin_4q_avg": 21.29,
            "net_income": 120538,
            "revenue": 2280803,
            "common_shares": 5477522,
            "book_valuer_per_share": 15.25,
            "book_valuer_per_share_4q_avg": 14.6,
            "equity": 8653302,
            "current_ratio": 196.14,
            "debt_ratio": 37.17,
            "inventory_turnover_ratio": 0.55,
            "account_receivable_turnover_ratio": 1.34,
            "reinvestment_rate": -119.68,
            "research_to_sale_ratio": 3.85,
            "price_fair": 22.05,
            "eps_avg_yearly": 0.63,
            "eps_latest_yearly": 0.88,
            "eps_growth_yearly": 69.07
        },
        "20212": {
            "year_quarter": 20212,
            "year": 2021,
            "quarter": 2,
            "eps": 0.31,
            "eps_growth_year": 342.86,
            "eps_4q": 0.73,
            "eps_4q_growth_year": 64.4,
            "roe": 1.98,
            "roe_4q": 4.659999999999999,
            "gross_profit": 564979,
            "gross_margin": 24.05,
            "gross_margin_4q_avg": 22.35,
            "net_income": 173169,
            "revenue": 2349495,
            "common_shares": 5477522,
            "book_valuer_per_share": 15.6,
            "book_valuer_per_share_4q_avg": 14.99,
            "equity": 8849075,
            "current_ratio": 190.78,
            "debt_ratio": 35.76,
            "inventory_turnover_ratio": 0.57,
            "account_receivable_turnover_ratio": 1.28,
            "reinvestment_rate": -125.65,
            "research_to_sale_ratio": 3.85,
            "price_fair": 23.89,
            "eps_avg_yearly": 0.68,
            "eps_latest_yearly": 1.24,
            "eps_growth_yearly": 89.59
        },
        "20213": {
            "year_quarter": 20213,
            "year": 2021,
            "quarter": 3,
            "eps": 0.19,
            "eps_growth_year": 280,
            "eps_4q": 0.88,
            "eps_4q_growth_year": 172.36,
            "roe": 1.22,
            "roe_4q": 5.59,
            "gross_profit": 544770,
            "gross_margin": 24.82,
            "gross_margin_4q_avg": 24.06,
            "net_income": 108732,
            "revenue": 2195177,
            "common_shares": 5477522,
            "book_valuer_per_share": 15.8,
            "book_valuer_per_share_4q_avg": 15.35,
            "equity": 8957454,
            "current_ratio": 206.51,
            "debt_ratio": 35.05,
            "inventory_turnover_ratio": 0.5,
            "account_receivable_turnover_ratio": 1.2,
            "reinvestment_rate": -133.65,
            "research_to_sale_ratio": 4.52,
            "price_fair": 23.8,
            "eps_avg_yearly": 0.68,
            "eps_latest_yearly": 0.76,
            "eps_growth_yearly": 54.91
        },
        "20214": {
            "year_quarter": 20214,
            "year": 2021,
            "quarter": 4,
            "eps": 0.14,
            "eps_growth_year": -9.05,
            "eps_4q": 0.86,
            "eps_4q_growth_year": 121.76,
            "roe": 0.88,
            "roe_4q": 5.49,
            "gross_profit": 541678,
            "gross_margin": 22.8,
            "gross_margin_4q_avg": 24.08,
            "net_income": 79390,
            "revenue": 2375513,
            "common_shares": 5477522,
            "book_valuer_per_share": 16.08,
            "book_valuer_per_share_4q_avg": 15.68,
            "equity": 9106274,
            "current_ratio": 205.9,
            "debt_ratio": 35.58,
            "inventory_turnover_ratio": 0.53,
            "account_receivable_turnover_ratio": 1.31,
            "reinvestment_rate": -140.96,
            "research_to_sale_ratio": 5.02,
            "price_fair": 23.28,
            "eps_avg_yearly": 0.67,
            "eps_latest_yearly": 0.56,
            "eps_growth_yearly": 48.33
        },
        "20221": {
            "year_quarter": 20221,
            "year": 2022,
            "quarter": 1,
            "eps": 0.22,
            "eps_growth_year": 0,
            "eps_4q": 0.86,
            "eps_4q_growth_year": 75.85,
            "roe": 1.39,
            "roe_4q": 5.470000000000001,
            "gross_profit": 548819,
            "gross_margin": 22.75,
            "gross_margin_4q_avg": 23.61,
            "net_income": 124873,
            "revenue": 2412233,
            "common_shares": 5477522,
            "book_valuer_per_share": 15.57,
            "book_valuer_per_share_4q_avg": 15.76,
            "equity": 8838716,
            "current_ratio": 202.69,
            "debt_ratio": 36.54,
            "inventory_turnover_ratio": 0.52,
            "account_receivable_turnover_ratio": 1.26,
            "reinvestment_rate": -72.91,
            "research_to_sale_ratio": 3.55,
            "price_fair": 23.54,
            "eps_avg_yearly": 0.67,
            "eps_latest_yearly": 0.88,
            "eps_growth_yearly": 63.87
        },
        "20222": {
            "year_quarter": 20222,
            "year": 2022,
            "quarter": 2,
            "eps": 0.21,
            "eps_growth_year": -32.26,
            "eps_4q": 0.77,
            "eps_4q_growth_year": 5.29,
            "roe": 1.44,
            "roe_4q": 4.93,
            "gross_profit": 528541,
            "gross_margin": 22.74,
            "gross_margin_4q_avg": 23.28,
            "net_income": 125470,
            "revenue": 2323801,
            "common_shares": 5477522,
            "book_valuer_per_share": 15.14,
            "book_valuer_per_share_4q_avg": 15.65,
            "equity": 8615536,
            "current_ratio": 192.93,
            "debt_ratio": 37.91,
            "inventory_turnover_ratio": 0.48,
            "account_receivable_turnover_ratio": 1.21,
            "reinvestment_rate": -71.14,
            "research_to_sale_ratio": 3.97,
            "price_fair": 23.89,
            "eps_avg_yearly": 0.68,
            "eps_latest_yearly": 0.84,
            "eps_growth_yearly": 65.36
        },
        "20223": {
            "year_quarter": 20223,
            "year": 2022,
            "quarter": 3,
            "eps": 0.15,
            "eps_growth_year": -21.05,
            "eps_4q": 0.73,
            "eps_4q_growth_year": -17.01,
            "roe": 1.05,
            "roe_4q": 4.76,
            "gross_profit": 485681,
            "gross_margin": 21.78,
            "gross_margin_4q_avg": 22.52,
            "net_income": 90790,
            "revenue": 2230065,
            "common_shares": 5477522,
            "book_valuer_per_share": 15.2,
            "book_valuer_per_share_4q_avg": 15.5,
            "equity": 8662503,
            "current_ratio": 225.79,
            "debt_ratio": 36.04,
            "inventory_turnover_ratio": 0.45,
            "account_receivable_turnover_ratio": 1.22,
            "reinvestment_rate": -78.74,
            "research_to_sale_ratio": 4.41,
            "price_fair": 23.01,
            "eps_avg_yearly": 0.66,
            "eps_latest_yearly": 0.6,
            "eps_growth_yearly": 46.45
        },
        "20224": {
            "year_quarter": 20224,
            "year": 2022,
            "quarter": 4,
            "eps": 0.1,
            "eps_growth_year": -31.58,
            "eps_4q": 0.68,
            "eps_4q_growth_year": -20.83,
            "roe": 0.59,
            "roe_4q": 4.47,
            "gross_profit": 432130,
            "gross_margin": 22.44,
            "gross_margin_4q_avg": 22.43,
            "net_income": 51407,
            "revenue": 1925603,
            "common_shares": 5477522,
            "book_valuer_per_share": 15.44,
            "book_valuer_per_share_4q_avg": 15.34,
            "equity": 8806697,
            "current_ratio": 249.32,
            "debt_ratio": 32.94,
            "inventory_turnover_ratio": 0.38,
            "account_receivable_turnover_ratio": 1.16,
            "reinvestment_rate": -85.42,
            "research_to_sale_ratio": 4.78,
            "price_fair": 22.84,
            "eps_avg_yearly": 0.65,
            "eps_latest_yearly": 0.4,
            "eps_growth_yearly": 51.12
        },
        "20231": {
            "year_quarter": 20231,
            "year": 2023,
            "quarter": 1,
            "eps": 0.07,
            "eps_growth_year": -68.18,
            "eps_4q": 0.53,
            "eps_4q_growth_year": -38.41,
            "roe": 0.45,
            "roe_4q": 3.53,
            "gross_profit": 399653,
            "gross_margin": 20.58,
            "gross_margin_4q_avg": 21.89,
            "net_income": 39915,
            "revenue": 1942030,
            "common_shares": 5477522,
            "book_valuer_per_share": 15.38,
            "book_valuer_per_share_4q_avg": 15.29,
            "equity": 8753739,
            "current_ratio": 245.57,
            "debt_ratio": 33.55,
            "inventory_turnover_ratio": 0.39,
            "account_receivable_turnover_ratio": 1.26,
            "reinvestment_rate": -88.04,
            "research_to_sale_ratio": 4.08,
            "price_fair": 18.81,
            "eps_avg_yearly": 0.61,
            "eps_latest_yearly": 0.28,
            "eps_growth_yearly": 20.7
        }
    },
    "months": {
        "2001-06": {
            "month": "2001-06",
            "price": "9.11",
            "revenue": 347560
        },
        "2001-07": {
            "month": "2001-07",
            "price": "7.38",
            "revenue": 339594
        },
        "2001-08": {
            "month": "2001-08",
            "price": "7.82",
            "revenue": 356464
        },
        "2001-09": {
            "month": "2001-09",
            "price": "7.09",
            "revenue": 310616
        },
        "2001-10": {
            "month": "2001-10",
            "price": "7.03",
            "revenue": 364523
        },
        "2001-11": {
            "month": "2001-11",
            "price": "6.90",
            "revenue": 304618
        },
        "2001-12": {
            "month": "2001-12",
            "price": "7.58",
            "revenue": 263803
        },
        "2002-01": {
            "month": "2002-01",
            "price": "8.15",
            "revenue": 286912
        },
        "2002-02": {
            "month": "2002-02",
            "price": "8.23",
            "revenue": 231362
        },
        "2002-03": {
            "month": "2002-03",
            "price": "9.14",
            "revenue": 385265
        },
        "2002-04": {
            "month": "2002-04",
            "price": "10.89",
            "revenue": 417420
        },
        "2002-05": {
            "month": "2002-05",
            "price": "9.98",
            "revenue": 421228
        },
        "2002-06": {
            "month": "2002-06",
            "price": "10.72",
            "revenue": 344129
        },
        "2002-07": {
            "month": "2002-07",
            "price": "10.89",
            "revenue": 323948
        },
        "2002-08": {
            "month": "2002-08",
            "price": "9.45",
            "revenue": 316702
        },
        "2002-09": {
            "month": "2002-09",
            "price": "8.78",
            "revenue": 325258
        },
        "2002-10": {
            "month": "2002-10",
            "price": "9.10",
            "revenue": 350412
        },
        "2002-11": {
            "month": "2002-11",
            "price": "10.38",
            "revenue": 327767
        },
        "2002-12": {
            "month": "2002-12",
            "price": "10.73",
            "revenue": 303559
        },
        "2003-01": {
            "month": "2003-01",
            "price": "11.75",
            "revenue": 276433
        },
        "2003-02": {
            "month": "2003-02",
            "price": "10.88",
            "revenue": 274257
        },
        "2003-03": {
            "month": "2003-03",
            "price": "10.54",
            "revenue": 363928
        },
        "2003-04": {
            "month": "2003-04",
            "price": "10.24",
            "revenue": 390254
        },
        "2003-05": {
            "month": "2003-05",
            "price": "9.12",
            "revenue": 419940
        },
        "2003-06": {
            "month": "2003-06",
            "price": "10.62",
            "revenue": 330660
        },
        "2003-07": {
            "month": "2003-07",
            "price": "10.14",
            "revenue": 335193
        },
        "2003-08": {
            "month": "2003-08",
            "price": "10.35",
            "revenue": 349727
        },
        "2003-09": {
            "month": "2003-09",
            "price": "10.12",
            "revenue": 348717
        },
        "2003-10": {
            "month": "2003-10",
            "price": "10.46",
            "revenue": 417851
        },
        "2003-11": {
            "month": "2003-11",
            "price": "11.34",
            "revenue": 300446
        },
        "2003-12": {
            "month": "2003-12",
            "price": "10.95",
            "revenue": 356160
        },
        "2004-01": {
            "month": "2004-01",
            "price": "11.23",
            "revenue": 277188
        },
        "2004-02": {
            "month": "2004-02",
            "price": "12.54",
            "revenue": 335894
        },
        "2004-03": {
            "month": "2004-03",
            "price": "13.24",
            "revenue": 396568
        },
        "2004-04": {
            "month": "2004-04",
            "price": "13.65",
            "revenue": 372785
        },
        "2004-05": {
            "month": "2004-05",
            "price": "11.56",
            "revenue": 401312
        },
        "2004-06": {
            "month": "2004-06",
            "price": "11.11",
            "revenue": 379837
        },
        "2004-07": {
            "month": "2004-07",
            "price": "11.12",
            "revenue": 394225
        },
        "2004-08": {
            "month": "2004-08",
            "price": "11.41",
            "revenue": 314587
        },
        "2004-09": {
            "month": "2004-09",
            "price": "12.52",
            "revenue": 377581
        },
        "2004-10": {
            "month": "2004-10",
            "price": "12.15",
            "revenue": 376589
        },
        "2004-11": {
            "month": "2004-11",
            "price": "11.85",
            "revenue": 372483
        },
        "2004-12": {
            "month": "2004-12",
            "price": "11.97",
            "revenue": 374454
        },
        "2005-01": {
            "month": "2005-01",
            "price": "12.15",
            "revenue": 312897
        },
        "2005-02": {
            "month": "2005-02",
            "price": "11.75",
            "revenue": 288258
        },
        "2005-03": {
            "month": "2005-03",
            "price": "10.86",
            "revenue": 404845
        },
        "2005-04": {
            "month": "2005-04",
            "price": "10.07",
            "revenue": 415298
        },
        "2005-05": {
            "month": "2005-05",
            "price": "9.59",
            "revenue": 404899
        },
        "2005-06": {
            "month": "2005-06",
            "price": "9.91",
            "revenue": 393670
        },
        "2005-07": {
            "month": "2005-07",
            "price": "9.54",
            "revenue": 346458
        },
        "2005-08": {
            "month": "2005-08",
            "price": "9.22",
            "revenue": 355193
        },
        "2005-09": {
            "month": "2005-09",
            "price": "8.76",
            "revenue": 401885
        },
        "2005-10": {
            "month": "2005-10",
            "price": "8.79",
            "revenue": 396333
        },
        "2005-11": {
            "month": "2005-11",
            "price": "8.84",
            "revenue": 369247
        },
        "2005-12": {
            "month": "2005-12",
            "price": "9.09",
            "revenue": 375149
        },
        "2006-01": {
            "month": "2006-01",
            "price": "9.80",
            "revenue": 314487
        },
        "2006-02": {
            "month": "2006-02",
            "price": "10.55",
            "revenue": 332456
        },
        "2006-03": {
            "month": "2006-03",
            "price": "10.22",
            "revenue": 539836
        },
        "2006-04": {
            "month": "2006-04",
            "price": "12.51",
            "revenue": 478229
        },
        "2006-05": {
            "month": "2006-05",
            "price": "13.27",
            "revenue": 481465
        },
        "2006-06": {
            "month": "2006-06",
            "price": "11.61",
            "revenue": 437520
        },
        "2006-07": {
            "month": "2006-07",
            "price": "11.76",
            "revenue": 400544
        },
        "2006-08": {
            "month": "2006-08",
            "price": "11.53",
            "revenue": 473889
        },
        "2006-09": {
            "month": "2006-09",
            "price": "10.80",
            "revenue": 383787
        },
        "2006-10": {
            "month": "2006-10",
            "price": "11.64",
            "revenue": 398205
        },
        "2006-11": {
            "month": "2006-11",
            "price": "11.62",
            "revenue": 373023
        },
        "2006-12": {
            "month": "2006-12",
            "price": "14.03",
            "revenue": 330405
        },
        "2007-01": {
            "month": "2007-01",
            "price": "17.83",
            "revenue": 420126
        },
        "2007-02": {
            "month": "2007-02",
            "price": "17.74",
            "revenue": 290488
        },
        "2007-03": {
            "month": "2007-03",
            "price": "17.86",
            "revenue": 556092
        },
        "2007-04": {
            "month": "2007-04",
            "price": "20.85",
            "revenue": 546353
        },
        "2007-05": {
            "month": "2007-05",
            "price": "19.36",
            "revenue": 588869
        },
        "2007-06": {
            "month": "2007-06",
            "price": "20.48",
            "revenue": 508349
        },
        "2007-07": {
            "month": "2007-07",
            "price": "32.41",
            "revenue": 531151
        },
        "2007-08": {
            "month": "2007-08",
            "price": "29.01",
            "revenue": 508050
        },
        "2007-09": {
            "month": "2007-09",
            "price": "26.68",
            "revenue": 426875
        },
        "2007-10": {
            "month": "2007-10",
            "price": "30.72",
            "revenue": 563740
        },
        "2007-11": {
            "month": "2007-11",
            "price": "24.72",
            "revenue": 526520
        },
        "2007-12": {
            "month": "2007-12",
            "price": "21.20",
            "revenue": 419957
        },
        "2008-01": {
            "month": "2008-01",
            "price": "17.88",
            "revenue": 443158
        },
        "2008-02": {
            "month": "2008-02",
            "price": "15.97",
            "revenue": 462270
        },
        "2008-03": {
            "month": "2008-03",
            "price": "18.35",
            "revenue": 635747
        },
        "2008-04": {
            "month": "2008-04",
            "price": "20.19",
            "revenue": 556656
        },
        "2008-05": {
            "month": "2008-05",
            "price": "20.03",
            "revenue": 618609
        },
        "2008-06": {
            "month": "2008-06",
            "price": "18.39",
            "revenue": 671250
        },
        "2008-07": {
            "month": "2008-07",
            "price": "17.47",
            "revenue": 477955
        },
        "2008-08": {
            "month": "2008-08",
            "price": "17.03",
            "revenue": 452836
        },
        "2008-09": {
            "month": "2008-09",
            "price": "14.73",
            "revenue": 394105
        },
        "2008-10": {
            "month": "2008-10",
            "price": "13.33",
            "revenue": 370521
        },
        "2008-11": {
            "month": "2008-11",
            "price": "10.36",
            "revenue": 317033
        },
        "2008-12": {
            "month": "2008-12",
            "price": "9.66",
            "revenue": 319052
        },
        "2009-01": {
            "month": "2009-01",
            "price": "9.41",
            "revenue": 221717
        },
        "2009-02": {
            "month": "2009-02",
            "price": "9.14",
            "revenue": 329482
        },
        "2009-03": {
            "month": "2009-03",
            "price": "10.12",
            "revenue": 376838
        },
        "2009-04": {
            "month": "2009-04",
            "price": "11.49",
            "revenue": 480473
        },
        "2009-05": {
            "month": "2009-05",
            "price": "12.72",
            "revenue": 428720
        },
        "2009-06": {
            "month": "2009-06",
            "price": "16.33",
            "revenue": 449009
        },
        "2009-07": {
            "month": "2009-07",
            "price": "18.73",
            "revenue": 436976
        },
        "2009-08": {
            "month": "2009-08",
            "price": "17.12",
            "revenue": 465454
        },
        "2009-09": {
            "month": "2009-09",
            "price": "19.59",
            "revenue": 450742
        },
        "2009-10": {
            "month": "2009-10",
            "price": "22.92",
            "revenue": 461916
        },
        "2009-11": {
            "month": "2009-11",
            "price": "27.62",
            "revenue": 492028
        },
        "2009-12": {
            "month": "2009-12",
            "price": "33.82",
            "revenue": 484614
        },
        "2010-01": {
            "month": "2010-01",
            "price": "31.05",
            "revenue": 487668
        },
        "2010-02": {
            "month": "2010-02",
            "price": "26.09",
            "revenue": 346865
        },
        "2010-03": {
            "month": "2010-03",
            "price": "29.59",
            "revenue": 607909
        },
        "2010-04": {
            "month": "2010-04",
            "price": "32.38",
            "revenue": 675074
        },
        "2010-05": {
            "month": "2010-05",
            "price": "29.82",
            "revenue": 561389
        },
        "2010-06": {
            "month": "2010-06",
            "price": "29.07",
            "revenue": 565092
        },
        "2010-07": {
            "month": "2010-07",
            "price": "28.65",
            "revenue": 471920
        },
        "2010-08": {
            "month": "2010-08",
            "price": "30.73",
            "revenue": 497990
        },
        "2010-09": {
            "month": "2010-09",
            "price": "37.99",
            "revenue": 469227
        },
        "2010-10": {
            "month": "2010-10",
            "price": "36.43",
            "revenue": 489482
        },
        "2010-11": {
            "month": "2010-11",
            "price": "34.06",
            "revenue": 467909
        },
        "2010-12": {
            "month": "2010-12",
            "price": "33.16",
            "revenue": 491261
        },
        "2011-01": {
            "month": "2011-01",
            "price": "33.50",
            "revenue": 479228
        },
        "2011-02": {
            "month": "2011-02",
            "price": "31.82",
            "revenue": 408541
        },
        "2011-03": {
            "month": "2011-03",
            "price": "29.57",
            "revenue": 519413
        },
        "2011-04": {
            "month": "2011-04",
            "price": "28.97",
            "revenue": 516823
        },
        "2011-05": {
            "month": "2011-05",
            "price": "27.21",
            "revenue": 508788
        },
        "2011-06": {
            "month": "2011-06",
            "price": "26.07",
            "revenue": 457101
        },
        "2011-07": {
            "month": "2011-07",
            "price": "25.44",
            "revenue": 423078
        },
        "2011-08": {
            "month": "2011-08",
            "price": "19.85",
            "revenue": 395252
        },
        "2011-09": {
            "month": "2011-09",
            "price": "16.94",
            "revenue": 432520
        },
        "2011-10": {
            "month": "2011-10",
            "price": "17.15",
            "revenue": 421456
        },
        "2011-11": {
            "month": "2011-11",
            "price": "17.89",
            "revenue": 408397
        },
        "2011-12": {
            "month": "2011-12",
            "price": "16.04",
            "revenue": 465977
        },
        "2012-01": {
            "month": "2012-01",
            "price": "16.16",
            "revenue": 421465
        },
        "2012-02": {
            "month": "2012-02",
            "price": "20.64",
            "revenue": 506706
        },
        "2012-03": {
            "month": "2012-03",
            "price": "21.06",
            "revenue": 604347
        },
        "2012-04": {
            "month": "2012-04",
            "price": "19.09",
            "revenue": 578214
        },
        "2012-05": {
            "month": "2012-05",
            "price": "18.76",
            "revenue": 578233
        },
        "2012-06": {
            "month": "2012-06",
            "price": "18.13",
            "revenue": 510668
        },
        "2012-07": {
            "month": "2012-07",
            "price": "17.47",
            "revenue": 476287
        },
        "2012-08": {
            "month": "2012-08",
            "price": "18.99",
            "revenue": 529721
        },
        "2012-09": {
            "month": "2012-09",
            "price": "19.68",
            "revenue": 472715
        },
        "2012-10": {
            "month": "2012-10",
            "price": "18.68",
            "revenue": 528108
        },
        "2012-11": {
            "month": "2012-11",
            "price": "18.30",
            "revenue": 465236
        },
        "2012-12": {
            "month": "2012-12",
            "price": "20.24",
            "revenue": 421189
        },
        "2013-01": {
            "month": "2013-01",
            "price": "21.04",
            "revenue": 691450
        },
        "2013-02": {
            "month": "2013-02",
            "price": "21.16",
            "revenue": 548594
        },
        "2013-03": {
            "month": "2013-03",
            "price": "21.21",
            "revenue": 728292
        },
        "2013-04": {
            "month": "2013-04",
            "price": "20.58",
            "revenue": 804183
        },
        "2013-05": {
            "month": "2013-05",
            "price": "20.88",
            "revenue": 793687
        },
        "2013-06": {
            "month": "2013-06",
            "price": "20.72",
            "revenue": 684414
        },
        "2013-07": {
            "month": "2013-07",
            "price": "20.54",
            "revenue": 717255
        },
        "2013-08": {
            "month": "2013-08",
            "price": "20.42",
            "revenue": 767998
        },
        "2013-09": {
            "month": "2013-09",
            "price": "23.94",
            "revenue": 748236
        },
        "2013-10": {
            "month": "2013-10",
            "price": "26.20",
            "revenue": 746755
        },
        "2013-11": {
            "month": "2013-11",
            "price": "25.24",
            "revenue": 730778
        },
        "2013-12": {
            "month": "2013-12",
            "price": "24.30",
            "revenue": 810673
        },
        "2014-01": {
            "month": "2014-01",
            "price": "25.33",
            "revenue": 791973
        },
        "2014-02": {
            "month": "2014-02",
            "price": "25.88",
            "revenue": 697287
        },
        "2014-03": {
            "month": "2014-03",
            "price": "26.71",
            "revenue": 855349
        },
        "2014-04": {
            "month": "2014-04",
            "price": "29.66",
            "revenue": 991881
        },
        "2014-05": {
            "month": "2014-05",
            "price": "29.84",
            "revenue": 974533
        },
        "2014-06": {
            "month": "2014-06",
            "price": "32.09",
            "revenue": 876533
        },
        "2014-07": {
            "month": "2014-07",
            "price": "34.46",
            "revenue": 867826
        },
        "2014-08": {
            "month": "2014-08",
            "price": "32.62",
            "revenue": 787953
        },
        "2014-09": {
            "month": "2014-09",
            "price": "30.97",
            "revenue": 738497
        },
        "2014-10": {
            "month": "2014-10",
            "price": "26.50",
            "revenue": 755541
        },
        "2014-11": {
            "month": "2014-11",
            "price": "24.35",
            "revenue": 746528
        },
        "2014-12": {
            "month": "2014-12",
            "price": "25.51",
            "revenue": 815633
        },
        "2015-01": {
            "month": "2015-01",
            "price": "27.14",
            "revenue": 810396
        },
        "2015-02": {
            "month": "2015-02",
            "price": "27.38",
            "revenue": 659965
        },
        "2015-03": {
            "month": "2015-03",
            "price": "28.43",
            "revenue": 962743
        },
        "2015-04": {
            "month": "2015-04",
            "price": "28.24",
            "revenue": 937840
        },
        "2015-05": {
            "month": "2015-05",
            "price": "25.86",
            "revenue": 727625
        },
        "2015-06": {
            "month": "2015-06",
            "price": "24.41",
            "revenue": 798532
        },
        "2015-07": {
            "month": "2015-07",
            "price": "22.37",
            "revenue": 833147
        },
        "2015-08": {
            "month": "2015-08",
            "price": "17.47",
            "revenue": 677523
        },
        "2015-09": {
            "month": "2015-09",
            "price": "16.80",
            "revenue": 759001
        },
        "2015-10": {
            "month": "2015-10",
            "price": "18.76",
            "revenue": 830192
        },
        "2015-11": {
            "month": "2015-11",
            "price": "21.15",
            "revenue": 727550
        },
        "2015-12": {
            "month": "2015-12",
            "price": "20.72",
            "revenue": 812907
        },
        "2016-01": {
            "month": "2016-01",
            "price": "19.50",
            "revenue": 759630
        },
        "2016-02": {
            "month": "2016-02",
            "price": "20.76",
            "revenue": 593365
        },
        "2016-03": {
            "month": "2016-03",
            "price": "20.88",
            "revenue": 941263
        },
        "2016-04": {
            "month": "2016-04",
            "price": "20.76",
            "revenue": 903434
        },
        "2016-05": {
            "month": "2016-05",
            "price": "19.75",
            "revenue": 824152
        },
        "2016-06": {
            "month": "2016-06",
            "price": "20.71",
            "revenue": 778108
        },
        "2016-07": {
            "month": "2016-07",
            "price": "21.24",
            "revenue": 701197
        },
        "2016-08": {
            "month": "2016-08",
            "price": "20.25",
            "revenue": 809947
        },
        "2016-09": {
            "month": "2016-09",
            "price": "20.44",
            "revenue": 782350
        },
        "2016-10": {
            "month": "2016-10",
            "price": "20.23",
            "revenue": 776488
        },
        "2016-11": {
            "month": "2016-11",
            "price": "19.64",
            "revenue": 800683
        },
        "2016-12": {
            "month": "2016-12",
            "price": "20.15",
            "revenue": 780257
        },
        "2017-01": {
            "month": "2017-01",
            "price": "20.15",
            "revenue": 718505
        },
        "2017-02": {
            "month": "2017-02",
            "price": "21.08",
            "revenue": 732229
        },
        "2017-03": {
            "month": "2017-03",
            "price": "21.68",
            "revenue": 867336
        },
        "2017-04": {
            "month": "2017-04",
            "price": "19.77",
            "revenue": 722990
        },
        "2017-05": {
            "month": "2017-05",
            "price": "19.00",
            "revenue": 778051
        },
        "2017-06": {
            "month": "2017-06",
            "price": "18.57",
            "revenue": 775949
        },
        "2017-07": {
            "month": "2017-07",
            "price": "18.14",
            "revenue": 695232
        },
        "2017-08": {
            "month": "2017-08",
            "price": "17.58",
            "revenue": 757738
        },
        "2017-09": {
            "month": "2017-09",
            "price": "19.32",
            "revenue": 754378
        },
        "2017-10": {
            "month": "2017-10",
            "price": "18.97",
            "revenue": 761755
        },
        "2017-11": {
            "month": "2017-11",
            "price": "18.65",
            "revenue": 828814
        },
        "2017-12": {
            "month": "2017-12",
            "price": "18.76",
            "revenue": 776503
        },
        "2018-01": {
            "month": "2018-01",
            "price": "19.14",
            "revenue": 820864
        },
        "2018-02": {
            "month": "2018-02",
            "price": "17.67",
            "revenue": 583013
        },
        "2018-03": {
            "month": "2018-03",
            "price": "17.87",
            "revenue": 914215
        },
        "2018-04": {
            "month": "2018-04",
            "price": "17.87",
            "revenue": 832614
        },
        "2018-05": {
            "month": "2018-05",
            "price": "18.44",
            "revenue": 887896
        },
        "2018-06": {
            "month": "2018-06",
            "price": "18.90",
            "revenue": 853699
        },
        "2018-07": {
            "month": "2018-07",
            "price": "18.09",
            "revenue": 850746
        },
        "2018-08": {
            "month": "2018-08",
            "price": "17.94",
            "revenue": 839417
        },
        "2018-09": {
            "month": "2018-09",
            "price": "17.92",
            "revenue": 810243
        },
        "2018-10": {
            "month": "2018-10",
            "price": "16.44",
            "revenue": 817833
        },
        "2018-11": {
            "month": "2018-11",
            "price": "16.03",
            "revenue": 709292
        },
        "2018-12": {
            "month": "2018-12",
            "price": "15.90",
            "revenue": 701187
        },
        "2019-01": {
            "month": "2019-01",
            "price": "16.08",
            "revenue": 900397
        },
        "2019-02": {
            "month": "2019-02",
            "price": "16.50",
            "revenue": 567679
        },
        "2019-03": {
            "month": "2019-03",
            "price": "16.84",
            "revenue": 835288
        },
        "2019-04": {
            "month": "2019-04",
            "price": "16.97",
            "revenue": 847429
        },
        "2019-05": {
            "month": "2019-05",
            "price": "16.66",
            "revenue": 844627
        },
        "2019-06": {
            "month": "2019-06",
            "price": "16.84",
            "revenue": 762399
        },
        "2019-07": {
            "month": "2019-07",
            "price": "17.30",
            "revenue": 792348
        },
        "2019-08": {
            "month": "2019-08",
            "price": "16.28",
            "revenue": 783586
        },
        "2019-09": {
            "month": "2019-09",
            "price": "16.43",
            "revenue": 762273
        },
        "2019-10": {
            "month": "2019-10",
            "price": "16.05",
            "revenue": 749894
        },
        "2019-11": {
            "month": "2019-11",
            "price": "15.75",
            "revenue": 712787
        },
        "2019-12": {
            "month": "2019-12",
            "price": "15.62",
            "revenue": 773369
        },
        "2020-01": {
            "month": "2020-01",
            "price": "15.58",
            "revenue": 661699
        },
        "2020-02": {
            "month": "2020-02",
            "price": "15.14",
            "revenue": 734761
        },
        "2020-03": {
            "month": "2020-03",
            "price": "13.25",
            "revenue": 874017
        },
        "2020-04": {
            "month": "2020-04",
            "price": "13.15",
            "revenue": 555992
        },
        "2020-05": {
            "month": "2020-05",
            "price": "14.99",
            "revenue": 472568
        },
        "2020-06": {
            "month": "2020-06",
            "price": "14.70",
            "revenue": 494797
        },
        "2020-07": {
            "month": "2020-07",
            "price": "16.57",
            "revenue": 591468
        },
        "2020-08": {
            "month": "2020-08",
            "price": "16.29",
            "revenue": 592948
        },
        "2020-09": {
            "month": "2020-09",
            "price": "16.43",
            "revenue": 678137
        },
        "2020-10": {
            "month": "2020-10",
            "price": "16.35",
            "revenue": 663321
        },
        "2020-11": {
            "month": "2020-11",
            "price": "16.59",
            "revenue": 659991
        },
        "2020-12": {
            "month": "2020-12",
            "price": "16.64",
            "revenue": 789367
        },
        "2021-01": {
            "month": "2021-01",
            "price": "16.19",
            "revenue": 823732
        },
        "2021-02": {
            "month": "2021-02",
            "price": "16.14",
            "revenue": 606434
        },
        "2021-03": {
            "month": "2021-03",
            "price": "16.58",
            "revenue": 850637
        },
        "2021-04": {
            "month": "2021-04",
            "price": "18.59",
            "revenue": 793963
        },
        "2021-05": {
            "month": "2021-05",
            "price": "18.29",
            "revenue": 783261
        },
        "2021-06": {
            "month": "2021-06",
            "price": "19.31",
            "revenue": 772271
        },
        "2021-07": {
            "month": "2021-07",
            "price": "20.19",
            "revenue": 712261
        },
        "2021-08": {
            "month": "2021-08",
            "price": "18.62",
            "revenue": 757158
        },
        "2021-09": {
            "month": "2021-09",
            "price": "23.22",
            "revenue": 725758
        },
        "2021-10": {
            "month": "2021-10",
            "price": "25.85",
            "revenue": 753924
        },
        "2021-11": {
            "month": "2021-11",
            "price": "27.41",
            "revenue": 836154
        },
        "2021-12": {
            "month": "2021-12",
            "price": "26.40",
            "revenue": 785435
        },
        "2022-01": {
            "month": "2022-01",
            "price": "25.55",
            "revenue": 850106
        },
        "2022-02": {
            "month": "2022-02",
            "price": "25.57",
            "revenue": 643609
        },
        "2022-03": {
            "month": "2022-03",
            "price": "25.65",
            "revenue": 918518
        },
        "2022-04": {
            "month": "2022-04",
            "price": "24.38",
            "revenue": 765135
        },
        "2022-05": {
            "month": "2022-05",
            "price": "23.32",
            "revenue": 796256
        },
        "2022-06": {
            "month": "2022-06",
            "price": "21.84",
            "revenue": 762410
        },
        "2022-07": {
            "month": "2022-07",
            "price": "19.27",
            "revenue": 735513
        },
        "2022-08": {
            "month": "2022-08",
            "price": "20.42",
            "revenue": 772829
        },
        "2022-09": {
            "month": "2022-09",
            "price": "19.58",
            "revenue": 721723
        },
        "2022-10": {
            "month": "2022-10",
            "price": "17.42",
            "revenue": 635608
        },
        "2022-11": {
            "month": "2022-11",
            "price": "17.87",
            "revenue": 680129
        },
        "2022-12": {
            "month": "2022-12",
            "price": "18.82",
            "revenue": 609866
        },
        "2023-01": {
            "month": "2023-01",
            "price": "18.50",
            "revenue": 552437
        },
        "2023-02": {
            "month": "2023-02",
            "price": "18.98",
            "revenue": 661754
        },
        "2023-03": {
            "month": "2023-03",
            "price": "18.75",
            "revenue": 727839
        },
        "2023-04": {
            "month": "2023-04",
            "price": "19.79",
            "revenue": 583000
        }
    }
}
