{
    "summary": {
        "stock_name": "興農",
        "stock_id": "1712",
        "category": "化工",
        "main_business": "農藥<br>其他",
        "website_url": "http://www.sinon.com.tw",
        "ceo": "李乾珉",
        "pe_ratio": 12,
        "report_year_from": 2001,
        "report_year_to": 2023,
        "age": 22,
        "eps_negative_percentage": 0,
        "eps_growth_avg": {
            "last_all": 15.31,
            "last_2y": 37.8,
            "last_4y": 24.08,
            "last_8y": 16.63,
            "last_12y": 13.61,
            "last_16y": 20.55,
            "last_20y": 15.31,
            "at_2006_last_3y": 28.98,
            "at_2007_last_3y": 5.62,
            "at_2008_last_3y": 24.47,
            "at_2009_last_3y": 43.1,
            "at_2010_last_3y": 16.94,
            "at_2011_last_3y": 15.3,
            "at_2012_last_3y": 3.52,
            "at_2013_last_3y": 6.82,
            "at_2014_last_3y": 10.55,
            "at_2015_last_3y": 2.43,
            "at_2016_last_3y": 11.26,
            "at_2017_last_3y": 7.31,
            "at_2018_last_3y": 8.38,
            "at_2019_last_3y": 14.62,
            "at_2020_last_3y": 2.05,
            "at_2021_last_3y": 10.35,
            "at_2022_last_3y": 26.48,
            "at_2023_last_3y": 26.48,
            "at_2006_last_all": 14.43,
            "at_2007_last_all": 13.12,
            "at_2008_last_all": 20.92,
            "at_2009_last_all": 18.07,
            "at_2010_last_all": 15.55,
            "at_2011_last_all": 13.99,
            "at_2012_last_all": 14.59,
            "at_2013_last_all": 14.32,
            "at_2014_last_all": 14.01,
            "at_2015_last_all": 10.69,
            "at_2016_last_all": 13.7,
            "at_2017_last_all": 12.57,
            "at_2018_last_all": 12.68,
            "at_2019_last_all": 11.56,
            "at_2020_last_all": 11.25,
            "at_2021_last_all": 12.13,
            "at_2022_last_all": 15.31,
            "at_2023_last_all": 15.31
        },
        "latest_eps": 3.24,
        "latest_price": 37.7,
        "latest_roe": 17.35,
        "latest_gross_margin": 28.32,
        "latest_equity": 8064500,
        "latest_revenue": 4576336,
        "latest_gross_profit": 1296229,
        "latest_net_income": 280427,
        "latest_debt_ratio": 46.79,
        "latest_current_ratio": 151.88,
        "latest_account_receivable_turnover_ratio": 1.64,
        "latest_inventory_turnover_ratio": 1.11,
        "latest_reinvestment_rate": -37.13,
        "latest_research_to_sale_ratio": 1.05
    },
    "eps_dividends": {
        "1990": {
            "cash": 1,
            "stock": 0.56,
            "eps": 0
        },
        "1991": {
            "cash": 0.5,
            "stock": 1,
            "eps": 0
        },
        "1992": {
            "cash": 0,
            "stock": 3,
            "eps": 0
        },
        "1993": {
            "cash": 0,
            "stock": 1.8,
            "eps": 0
        },
        "1994": {
            "cash": 0,
            "stock": 1.6,
            "eps": 0
        },
        "2001": {
            "cash": 0,
            "stock": 0,
            "eps": 0.48
        },
        "2002": {
            "cash": 0.2,
            "stock": 0,
            "eps": 0.27
        },
        "2003": {
            "cash": 0.2,
            "stock": 0,
            "eps": 0.78
        },
        "2004": {
            "cash": 0.2,
            "stock": 0.2,
            "eps": 0.72
        },
        "2005": {
            "cash": 0.3,
            "stock": 0,
            "eps": 0.17
        },
        "2006": {
            "cash": 0.2,
            "stock": 0,
            "eps": 0.61
        },
        "2007": {
            "cash": 0.6,
            "stock": 0,
            "eps": 0.65
        },
        "2008": {
            "cash": 0.6,
            "stock": 0,
            "eps": 1.09
        },
        "2009": {
            "cash": 0.7,
            "stock": 0.1,
            "eps": 1.07
        },
        "2010": {
            "cash": 0.8,
            "stock": 0,
            "eps": 1.02
        },
        "2011": {
            "cash": 1.6,
            "stock": 0,
            "eps": 1.02
        },
        "2012": {
            "cash": 0,
            "stock": 0,
            "eps": 1.23
        },
        "2013": {
            "cash": 0.8,
            "stock": 0,
            "eps": 1.37
        },
        "2014": {
            "cash": 0.8,
            "stock": 0,
            "eps": 1.51
        },
        "2015": {
            "cash": 0.9,
            "stock": 0,
            "eps": 1.02
        },
        "2016": {
            "cash": 0.6,
            "stock": 0,
            "eps": 1.59
        },
        "2017": {
            "cash": 1,
            "stock": 0,
            "eps": 1.52
        },
        "2018": {
            "cash": 1,
            "stock": 0,
            "eps": 1.74
        },
        "2019": {
            "cash": 1.3,
            "stock": 0,
            "eps": 1.61
        },
        "2020": {
            "cash": 1.3,
            "stock": 0,
            "eps": 1.7
        },
        "2021": {
            "cash": 1.3,
            "stock": 0,
            "eps": 2.19
        },
        "2022": {
            "cash": 1.8,
            "stock": 0,
            "eps": 3.92
        },
        "2023": {
            "cash": 2.8,
            "stock": 0,
            "eps": 1.43
        }
    },
    "dividends": {
        "1990-05-12": {
            "cash": 1,
            "stock": 0.56
        },
        "1991-05-16": {
            "cash": 0.5,
            "stock": 1
        },
        "1992-05-19": {
            "cash": 0,
            "stock": 3
        },
        "1993-05-19": {
            "cash": 0,
            "stock": 1.8
        },
        "1994-05-06": {
            "cash": 0,
            "stock": 1.6
        },
        "2002-06-18": {
            "cash": 0.2,
            "stock": 0
        },
        "2003-03-25": {
            "cash": 0.2,
            "stock": 0
        },
        "2004-04-09": {
            "cash": 0.2,
            "stock": 0.2
        },
        "2005-03-17": {
            "cash": 0.3,
            "stock": 0
        },
        "2006-03-20": {
            "cash": 0.2,
            "stock": 0
        },
        "2007-03-26": {
            "cash": 0.6,
            "stock": 0
        },
        "2008-03-24": {
            "cash": 0.6,
            "stock": 0
        },
        "2009-03-18": {
            "cash": 0.7,
            "stock": 0.1
        },
        "2010-03-29": {
            "cash": 0.8,
            "stock": 0
        },
        "2011-01-01": {
            "cash": 0.8,
            "stock": 0
        },
        "2011-03-21": {
            "cash": 0.8,
            "stock": 0
        },
        "2013-03-20": {
            "cash": 0.8,
            "stock": 0
        },
        "2014-08-25": {
            "cash": 0.8,
            "stock": 0
        },
        "2015-08-24": {
            "cash": 0.9,
            "stock": 0
        },
        "2016-08-22": {
            "cash": 0.6,
            "stock": 0
        },
        "2017-08-24": {
            "cash": 1,
            "stock": 0
        },
        "2018-08-31": {
            "cash": 1,
            "stock": 0
        },
        "2019-07-31": {
            "cash": 1.3,
            "stock": 0
        },
        "2020-05-08": {
            "cash": 1.3,
            "stock": 0
        },
        "2021-05-10": {
            "cash": 1.3,
            "stock": 0
        },
        "2022-05-09": {
            "cash": 1.8,
            "stock": 0
        },
        "2023-04-19": {
            "cash": 2.8,
            "stock": 0
        }
    },
    "prices": {
        "200101": "4.35",
        "200102": "4.76",
        "200103": "5.07",
        "200104": "7.18",
        "200105": "7.22",
        "200106": "6.48",
        "200107": "4.82",
        "200108": "4.74",
        "200109": "4.24",
        "200110": "3.86",
        "200111": "4.06",
        "200112": "4.23",
        "200201": "4.57",
        "200202": "6.43",
        "200203": "6.76",
        "200204": "7.03",
        "200205": "6.29",
        "200206": "6.05",
        "200207": "5.69",
        "200208": "5.12",
        "200209": "4.09",
        "200210": "4.13",
        "200211": "4.80",
        "200212": "5.44",
        "200301": "6.44",
        "200302": "6.06",
        "200303": "5.79",
        "200304": "5.68",
        "200305": "5.47",
        "200306": "6.48",
        "200307": "6.97",
        "200308": "6.83",
        "200309": "7.12",
        "200310": "7.78",
        "200311": "8.19",
        "200312": "7.89",
        "200401": "8.16",
        "200402": "10.86",
        "200403": "11.42",
        "200404": "10.39",
        "200405": "8.38",
        "200406": "8.09",
        "200407": "7.59",
        "200408": "6.98",
        "200409": "7.62",
        "200410": "7.76",
        "200411": "7.65",
        "200412": "7.78",
        "200501": "8.06",
        "200502": "7.92",
        "200503": "8.00",
        "200504": "7.29",
        "200505": "6.86",
        "200506": "6.93",
        "200507": "6.72",
        "200508": "5.92",
        "200509": "5.52",
        "200510": "5.46",
        "200511": "5.25",
        "200512": "5.82",
        "200601": "5.81",
        "200602": "5.63",
        "200603": "5.17",
        "200604": "5.54",
        "200605": "6.97",
        "200606": "6.14",
        "200607": "6.07",
        "200608": "5.90",
        "200609": "5.83",
        "200610": "6.82",
        "200611": "7.87",
        "200612": "10.03",
        "200701": "10.23",
        "200702": "10.11",
        "200703": "9.92",
        "200704": "10.54",
        "200705": "10.45",
        "200706": "11.11",
        "200707": "13.57",
        "200708": "11.03",
        "200709": "12.13",
        "200710": "11.73",
        "200711": "10.03",
        "200712": "8.85",
        "200801": "9.43",
        "200802": "10.65",
        "200803": "11.95",
        "200804": "15.15",
        "200805": "18.97",
        "200806": "17.28",
        "200807": "14.32",
        "200808": "11.18",
        "200809": "10.30",
        "200810": "9.28",
        "200811": "8.68",
        "200812": "8.53",
        "200901": "8.41",
        "200902": "8.57",
        "200903": "9.84",
        "200904": "14.60",
        "200905": "15.38",
        "200906": "15.15",
        "200907": "14.78",
        "200908": "13.47",
        "200909": "13.29",
        "200910": "13.81",
        "200911": "13.57",
        "200912": "14.29",
        "201001": "14.33",
        "201002": "12.86",
        "201003": "14.00",
        "201004": "14.09",
        "201005": "13.05",
        "201006": "12.95",
        "201007": "13.38",
        "201008": "14.84",
        "201009": "14.18",
        "201010": "14.49",
        "201011": "13.92",
        "201012": "14.30",
        "201101": "14.47",
        "201102": "14.09",
        "201103": "13.40",
        "201104": "13.87",
        "201105": "14.01",
        "201106": "13.89",
        "201107": "13.60",
        "201108": "12.48",
        "201109": "11.46",
        "201110": "11.08",
        "201111": "11.90",
        "201112": "11.98",
        "201201": "12.02",
        "201202": "12.79",
        "201203": "13.45",
        "201204": "13.34",
        "201205": "12.92",
        "201206": "12.91",
        "201207": "13.40",
        "201208": "14.10",
        "201209": "13.93",
        "201210": "13.46",
        "201211": "13.10",
        "201212": "13.95",
        "201301": "14.13",
        "201302": "14.27",
        "201303": "14.48",
        "201304": "14.48",
        "201305": "15.00",
        "201306": "14.89",
        "201307": "15.45",
        "201308": "14.99",
        "201309": "14.76",
        "201310": "16.42",
        "201311": "16.48",
        "201312": "16.88",
        "201401": "16.68",
        "201402": "16.44",
        "201403": "16.50",
        "201404": "17.42",
        "201405": "18.20",
        "201406": "18.69",
        "201407": "18.25",
        "201408": "17.51",
        "201409": "17.48",
        "201410": "16.72",
        "201411": "16.14",
        "201412": "15.99",
        "201501": "16.58",
        "201502": "16.83",
        "201503": "16.94",
        "201504": "17.35",
        "201505": "16.46",
        "201506": "15.56",
        "201507": "15.13",
        "201508": "13.67",
        "201509": "13.71",
        "201510": "14.16",
        "201511": "14.11",
        "201512": "13.47",
        "201601": "12.69",
        "201602": "13.02",
        "201603": "14.26",
        "201604": "14.24",
        "201605": "14.03",
        "201606": "14.01",
        "201607": "14.36",
        "201608": "14.80",
        "201609": "15.27",
        "201610": "15.33",
        "201611": "15.24",
        "201612": "15.32",
        "201701": "15.34",
        "201702": "16.04",
        "201703": "16.41",
        "201704": "15.96",
        "201705": "15.83",
        "201706": "15.92",
        "201707": "15.61",
        "201708": "15.45",
        "201709": "16.58",
        "201710": "17.89",
        "201711": "17.74",
        "201712": "16.93",
        "201801": "16.98",
        "201802": "16.47",
        "201803": "17.06",
        "201804": "17.12",
        "201805": "17.15",
        "201806": "17.34",
        "201807": "17.18",
        "201808": "17.13",
        "201809": "17.19",
        "201810": "16.97",
        "201811": "16.84",
        "201812": "16.71",
        "201901": "16.76",
        "201902": "17.10",
        "201903": "17.52",
        "201904": "18.38",
        "201905": "19.71",
        "201906": "21.13",
        "201907": "19.43",
        "201908": "18.59",
        "201909": "18.80",
        "201910": "18.72",
        "201911": "18.84",
        "201912": "18.81",
        "202001": "19.12",
        "202002": "19.27",
        "202003": "18.20",
        "202004": "18.59",
        "202005": "18.29",
        "202006": "18.30",
        "202007": "18.81",
        "202008": "20.80",
        "202009": "20.30",
        "202010": "19.69",
        "202011": "20.37",
        "202012": "20.75",
        "202101": "20.98",
        "202102": "20.97",
        "202103": "22.09",
        "202104": "22.57",
        "202105": "21.86",
        "202106": "22.21",
        "202107": "22.92",
        "202108": "22.74",
        "202109": "23.02",
        "202110": "24.49",
        "202111": "26.28",
        "202112": "27.59",
        "202201": "28.33",
        "202202": "31.99",
        "202203": "33.29",
        "202204": "33.98",
        "202205": "32.91",
        "202206": "32.00",
        "202207": "31.98",
        "202208": "38.75",
        "202209": "42.42",
        "202210": "35.85",
        "202211": "37.32",
        "202212": "37.56",
        "202301": "37.35",
        "202302": "38.97",
        "202303": "39.23",
        "202304": "36.73",
        "202305": "35.94",
        "202306": "35.61",
        "202307": "35.94",
        "202308": "35.74",
        "202309": "36.69",
        "202310": "37.41"
    },
    "quarters": {
        "20011": {
            "year_quarter": 20011,
            "year": 2001,
            "quarter": 1,
            "eps": 0.1,
            "eps_growth_year": -64.29,
            "eps_4q": -0.04,
            "eps_4q_growth_year": -144.15,
            "roe": 0.84,
            "roe_4q": 0.84,
            "gross_profit": 472680,
            "gross_margin": 30.1,
            "gross_margin_4q_avg": 30.1,
            "net_income": 33684,
            "net_income_4q": null,
            "revenue": 1570602,
            "revenue_4q": null,
            "common_shares": 3371056,
            "book_valuer_per_share": 11.86,
            "book_valuer_per_share_4q_avg": 11.86,
            "equity": 3997618,
            "current_ratio": 124.16,
            "debt_ratio": 33.92,
            "inventory_turnover_ratio": 1.29,
            "account_receivable_turnover_ratio": null,
            "reinvestment_rate": null,
            "research_to_sale_ratio": null,
            "price_fair": 0,
            "eps_avg_yearly": 0,
            "eps_latest_yearly": 0,
            "eps_growth_yearly": 0
        },
        "20012": {
            "year_quarter": 20012,
            "year": 2001,
            "quarter": 2,
            "eps": 0.11,
            "eps_growth_year": null,
            "eps_4q": 0.13,
            "eps_4q_growth_year": null,
            "roe": 0.95,
            "roe_4q": 1.79,
            "gross_profit": 550914,
            "gross_margin": 34.01,
            "gross_margin_4q_avg": 32.06,
            "net_income": 38007,
            "net_income_4q": null,
            "revenue": 1619955,
            "revenue_4q": null,
            "common_shares": 3371056,
            "book_valuer_per_share": 11.96,
            "book_valuer_per_share_4q_avg": 11.91,
            "equity": 4033211,
            "current_ratio": 132.31,
            "debt_ratio": 33.22,
            "inventory_turnover_ratio": 1.18,
            "account_receivable_turnover_ratio": null,
            "reinvestment_rate": null,
            "research_to_sale_ratio": null,
            "price_fair": 0,
            "eps_avg_yearly": 0,
            "eps_latest_yearly": 0,
            "eps_growth_yearly": 0
        },
        "20013": {
            "year_quarter": 20013,
            "year": 2001,
            "quarter": 3,
            "eps": -0.02,
            "eps_growth_year": -122.22,
            "eps_4q": 0.01,
            "eps_4q_growth_year": -62.28,
            "roe": -0.19,
            "roe_4q": 1.6,
            "gross_profit": 544026,
            "gross_margin": 31.33,
            "gross_margin_4q_avg": 31.81,
            "net_income": -7492,
            "net_income_4q": null,
            "revenue": 1736458,
            "revenue_4q": null,
            "common_shares": 3573319,
            "book_valuer_per_share": 11.25,
            "book_valuer_per_share_4q_avg": 11.69,
            "equity": 4020349,
            "current_ratio": 131.9,
            "debt_ratio": 33.09,
            "inventory_turnover_ratio": 1.32,
            "account_receivable_turnover_ratio": null,
            "reinvestment_rate": null,
            "research_to_sale_ratio": null,
            "price_fair": 0,
            "eps_avg_yearly": 0,
            "eps_latest_yearly": 0,
            "eps_growth_yearly": 0
        },
        "20014": {
            "year_quarter": 20014,
            "year": 2001,
            "quarter": 4,
            "eps": 0.29,
            "eps_growth_year": null,
            "eps_4q": 0.47,
            "eps_4q_growth_year": 234.84,
            "roe": 2.56,
            "roe_4q": 4.16,
            "gross_profit": 447722,
            "gross_margin": 29.99,
            "gross_margin_4q_avg": 31.36,
            "net_income": 104142,
            "net_income_4q": null,
            "revenue": 1492847,
            "revenue_4q": null,
            "common_shares": 3572729,
            "book_valuer_per_share": 11.55,
            "book_valuer_per_share_4q_avg": 11.66,
            "equity": 4125184,
            "current_ratio": 132.19,
            "debt_ratio": 33.21,
            "inventory_turnover_ratio": 1.19,
            "account_receivable_turnover_ratio": null,
            "reinvestment_rate": null,
            "research_to_sale_ratio": null,
            "price_fair": 0,
            "eps_avg_yearly": 0,
            "eps_latest_yearly": 0,
            "eps_growth_yearly": 0
        },
        "20021": {
            "year_quarter": 20021,
            "year": 2002,
            "quarter": 1,
            "eps": 0.03,
            "eps_growth_year": -70,
            "eps_4q": 0.43,
            "eps_4q_growth_year": null,
            "roe": 0.24,
            "roe_4q": 3.5599999999999996,
            "gross_profit": 459705,
            "gross_margin": 29.27,
            "gross_margin_4q_avg": 31.15,
            "net_income": 10085,
            "net_income_4q": null,
            "revenue": 1570729,
            "revenue_4q": null,
            "common_shares": 3572729,
            "book_valuer_per_share": 11.63,
            "book_valuer_per_share_4q_avg": 11.6,
            "equity": 4153363,
            "current_ratio": 143.76,
            "debt_ratio": 32.51,
            "inventory_turnover_ratio": 1.28,
            "account_receivable_turnover_ratio": null,
            "reinvestment_rate": null,
            "research_to_sale_ratio": null,
            "price_fair": 0.36,
            "eps_avg_yearly": 0.12,
            "eps_latest_yearly": 0.12,
            "eps_growth_yearly": -358.62
        },
        "20022": {
            "year_quarter": 20022,
            "year": 2002,
            "quarter": 2,
            "eps": -0.03,
            "eps_growth_year": -127.27,
            "eps_4q": 0.27,
            "eps_4q_growth_year": 108.59,
            "roe": -0.23,
            "roe_4q": 2.38,
            "gross_profit": 590212,
            "gross_margin": 32.03,
            "gross_margin_4q_avg": 30.66,
            "net_income": -9269,
            "net_income_4q": null,
            "revenue": 1842741,
            "revenue_4q": null,
            "common_shares": 3572729,
            "book_valuer_per_share": 11.32,
            "book_valuer_per_share_4q_avg": 11.44,
            "equity": 4045571,
            "current_ratio": 139.92,
            "debt_ratio": 37.15,
            "inventory_turnover_ratio": 1.47,
            "account_receivable_turnover_ratio": null,
            "reinvestment_rate": null,
            "research_to_sale_ratio": null,
            "price_fair": 0.36,
            "eps_avg_yearly": 0.12,
            "eps_latest_yearly": 0.12,
            "eps_growth_yearly": -358.62
        },
        "20023": {
            "year_quarter": 20023,
            "year": 2002,
            "quarter": 3,
            "eps": 0.11,
            "eps_growth_year": null,
            "eps_4q": 0.39,
            "eps_4q_growth_year": 2631.61,
            "roe": 1.01,
            "roe_4q": 3.58,
            "gross_profit": 577009,
            "gross_margin": 29.97,
            "gross_margin_4q_avg": 30.32,
            "net_income": 40852,
            "net_income_4q": null,
            "revenue": 1925325,
            "revenue_4q": null,
            "common_shares": 3572729,
            "book_valuer_per_share": 11.39,
            "book_valuer_per_share_4q_avg": 11.47,
            "equity": 4070549,
            "current_ratio": 138.75,
            "debt_ratio": 36.29,
            "inventory_turnover_ratio": 1.6,
            "account_receivable_turnover_ratio": null,
            "reinvestment_rate": null,
            "research_to_sale_ratio": null,
            "price_fair": 0.36,
            "eps_avg_yearly": 0.12,
            "eps_latest_yearly": 0.12,
            "eps_growth_yearly": -358.62
        },
        "20024": {
            "year_quarter": 20024,
            "year": 2002,
            "quarter": 4,
            "eps": 0.16,
            "eps_growth_year": -44.83,
            "eps_4q": 0.27,
            "eps_4q_growth_year": -41.65,
            "roe": 1.42,
            "roe_4q": 2.4399999999999995,
            "gross_profit": 498683,
            "gross_margin": 30.7,
            "gross_margin_4q_avg": 30.49,
            "net_income": 58735,
            "net_income_4q": null,
            "revenue": 1624447,
            "revenue_4q": null,
            "common_shares": 3572729,
            "book_valuer_per_share": 11.63,
            "book_valuer_per_share_4q_avg": 11.49,
            "equity": 4193492,
            "current_ratio": 141.33,
            "debt_ratio": 38.86,
            "inventory_turnover_ratio": 1.21,
            "account_receivable_turnover_ratio": null,
            "reinvestment_rate": 248.14,
            "research_to_sale_ratio": null,
            "price_fair": 1.14,
            "eps_avg_yearly": 0.38,
            "eps_latest_yearly": 0.64,
            "eps_growth_yearly": -88.4
        },
        "20031": {
            "year_quarter": 20031,
            "year": 2003,
            "quarter": 1,
            "eps": 0.04,
            "eps_growth_year": 33.33,
            "eps_4q": 0.3,
            "eps_4q_growth_year": -29.29,
            "roe": 0.33,
            "roe_4q": 2.53,
            "gross_profit": 527679,
            "gross_margin": 29.16,
            "gross_margin_4q_avg": 30.47,
            "net_income": 13660,
            "net_income_4q": null,
            "revenue": 1809790,
            "revenue_4q": null,
            "common_shares": 3572729,
            "book_valuer_per_share": 11.67,
            "book_valuer_per_share_4q_avg": 11.5,
            "equity": 4167840,
            "current_ratio": 143.59,
            "debt_ratio": 34.7,
            "inventory_turnover_ratio": 1.31,
            "account_receivable_turnover_ratio": null,
            "reinvestment_rate": 20.38,
            "research_to_sale_ratio": null,
            "price_fair": 0.92,
            "eps_avg_yearly": 0.31,
            "eps_latest_yearly": 0.16,
            "eps_growth_yearly": -158.93
        },
        "20032": {
            "year_quarter": 20032,
            "year": 2003,
            "quarter": 2,
            "eps": 0.37,
            "eps_growth_year": null,
            "eps_4q": 0.69,
            "eps_4q_growth_year": 152.86,
            "roe": 3.12,
            "roe_4q": 5.88,
            "gross_profit": 674321,
            "gross_margin": 30.45,
            "gross_margin_4q_avg": 30.07,
            "net_income": 131017,
            "net_income_4q": null,
            "revenue": 2214424,
            "revenue_4q": null,
            "common_shares": 3572729,
            "book_valuer_per_share": 11.82,
            "book_valuer_per_share_4q_avg": 11.63,
            "equity": 4224491,
            "current_ratio": 140.22,
            "debt_ratio": 37.6,
            "inventory_turnover_ratio": 1.69,
            "account_receivable_turnover_ratio": null,
            "reinvestment_rate": 10.48,
            "research_to_sale_ratio": null,
            "price_fair": 21,
            "eps_avg_yearly": 0.6,
            "eps_latest_yearly": 1.48,
            "eps_growth_yearly": 705.8
        },
        "20033": {
            "year_quarter": 20033,
            "year": 2003,
            "quarter": 3,
            "eps": 0.19,
            "eps_growth_year": 72.73,
            "eps_4q": 0.77,
            "eps_4q_growth_year": 95.41,
            "roe": 1.58,
            "roe_4q": 6.45,
            "gross_profit": 634415,
            "gross_margin": 29.05,
            "gross_margin_4q_avg": 29.84,
            "net_income": 66955,
            "net_income_4q": null,
            "revenue": 2183569,
            "revenue_4q": null,
            "common_shares": 3572729,
            "book_valuer_per_share": 11.82,
            "book_valuer_per_share_4q_avg": 11.74,
            "equity": 4224673,
            "current_ratio": 131.96,
            "debt_ratio": 38.43,
            "inventory_turnover_ratio": 1.73,
            "account_receivable_turnover_ratio": null,
            "reinvestment_rate": 35.21,
            "research_to_sale_ratio": null,
            "price_fair": 22.12,
            "eps_avg_yearly": 0.63,
            "eps_latest_yearly": 0.76,
            "eps_growth_yearly": 525.72
        },
        "20034": {
            "year_quarter": 20034,
            "year": 2003,
            "quarter": 4,
            "eps": 0.18,
            "eps_growth_year": 12.5,
            "eps_4q": 0.77,
            "eps_4q_growth_year": 183.04,
            "roe": 1.5,
            "roe_4q": 6.53,
            "gross_profit": 544443,
            "gross_margin": 29.25,
            "gross_margin_4q_avg": 29.48,
            "net_income": 64115,
            "net_income_4q": null,
            "revenue": 1861304,
            "revenue_4q": null,
            "common_shares": 3572729,
            "book_valuer_per_share": 12.01,
            "book_valuer_per_share_4q_avg": 11.83,
            "equity": 4343584,
            "current_ratio": 139.8,
            "debt_ratio": 39.56,
            "inventory_turnover_ratio": 1.31,
            "account_receivable_turnover_ratio": null,
            "reinvestment_rate": 156.68,
            "research_to_sale_ratio": null,
            "price_fair": 22.63,
            "eps_avg_yearly": 0.65,
            "eps_latest_yearly": 0.72,
            "eps_growth_yearly": 434.59
        },
        "20041": {
            "year_quarter": 20041,
            "year": 2004,
            "quarter": 1,
            "eps": 0.43,
            "eps_growth_year": 975,
            "eps_4q": 1.17,
            "eps_4q_growth_year": 285.68,
            "roe": 3.44,
            "roe_4q": 9.64,
            "gross_profit": 530740,
            "gross_margin": 26.55,
            "gross_margin_4q_avg": 28.83,
            "net_income": 151414,
            "net_income_4q": null,
            "revenue": 1999127,
            "revenue_4q": null,
            "common_shares": 3572729,
            "book_valuer_per_share": 12.46,
            "book_valuer_per_share_4q_avg": 12.03,
            "equity": 4449836,
            "current_ratio": 126.27,
            "debt_ratio": 39.21,
            "inventory_turnover_ratio": 1.32,
            "account_receivable_turnover_ratio": null,
            "reinvestment_rate": 66.59,
            "research_to_sale_ratio": null,
            "price_fair": 28,
            "eps_avg_yearly": 0.8,
            "eps_latest_yearly": 1.72,
            "eps_growth_yearly": 451.87
        },
        "20042": {
            "year_quarter": 20042,
            "year": 2004,
            "quarter": 2,
            "eps": -0.02,
            "eps_growth_year": -105.41,
            "eps_4q": 0.77,
            "eps_4q_growth_year": 12.04,
            "roe": -0.14,
            "roe_4q": 6.38,
            "gross_profit": 644866,
            "gross_margin": 28.11,
            "gross_margin_4q_avg": 28.24,
            "net_income": -6357,
            "net_income_4q": null,
            "revenue": 2294362,
            "revenue_4q": null,
            "common_shares": 3572729,
            "book_valuer_per_share": 12.15,
            "book_valuer_per_share_4q_avg": 12.11,
            "equity": 4340436,
            "current_ratio": 130.65,
            "debt_ratio": 39.92,
            "inventory_turnover_ratio": 1.55,
            "account_receivable_turnover_ratio": null,
            "reinvestment_rate": 73.41,
            "research_to_sale_ratio": null,
            "price_fair": 28,
            "eps_avg_yearly": 0.8,
            "eps_latest_yearly": 1.72,
            "eps_growth_yearly": 451.87
        },
        "20043": {
            "year_quarter": 20043,
            "year": 2004,
            "quarter": 3,
            "eps": 0.34,
            "eps_growth_year": 78.95,
            "eps_4q": 0.92,
            "eps_4q_growth_year": 20.28,
            "roe": 2.77,
            "roe_4q": 7.57,
            "gross_profit": 649313,
            "gross_margin": 27.18,
            "gross_margin_4q_avg": 27.77,
            "net_income": 122019,
            "net_income_4q": null,
            "revenue": 2389251,
            "revenue_4q": null,
            "common_shares": 3644184,
            "book_valuer_per_share": 12.27,
            "book_valuer_per_share_4q_avg": 12.22,
            "equity": 4469983,
            "current_ratio": 141.89,
            "debt_ratio": 39.11,
            "inventory_turnover_ratio": 1.7,
            "account_receivable_turnover_ratio": null,
            "reinvestment_rate": 66.81,
            "research_to_sale_ratio": null,
            "price_fair": 28,
            "eps_avg_yearly": 0.8,
            "eps_latest_yearly": 1.72,
            "eps_growth_yearly": 451.87
        },
        "20044": {
            "year_quarter": 20044,
            "year": 2004,
            "quarter": 4,
            "eps": -0.03,
            "eps_growth_year": -116.67,
            "eps_4q": 0.71,
            "eps_4q_growth_year": -7.96,
            "roe": -0.22,
            "roe_4q": 5.85,
            "gross_profit": 592172,
            "gross_margin": 26.68,
            "gross_margin_4q_avg": 27.13,
            "net_income": -9638,
            "net_income_4q": null,
            "revenue": 2219949,
            "revenue_4q": null,
            "common_shares": 3644184,
            "book_valuer_per_share": 12.21,
            "book_valuer_per_share_4q_avg": 12.27,
            "equity": 4475045,
            "current_ratio": 143.77,
            "debt_ratio": 42.41,
            "inventory_turnover_ratio": 1.33,
            "account_receivable_turnover_ratio": null,
            "reinvestment_rate": 148.97,
            "research_to_sale_ratio": null,
            "price_fair": 28,
            "eps_avg_yearly": 0.8,
            "eps_latest_yearly": 1.72,
            "eps_growth_yearly": 451.87
        },
        "20051": {
            "year_quarter": 20051,
            "year": 2005,
            "quarter": 1,
            "eps": -0.03,
            "eps_growth_year": -106.98,
            "eps_4q": 0.31,
            "eps_4q_growth_year": -73.61,
            "roe": -0.21,
            "roe_4q": 2.1999999999999997,
            "gross_profit": 546522,
            "gross_margin": 24.58,
            "gross_margin_4q_avg": 26.64,
            "net_income": -9358,
            "net_income_4q": null,
            "revenue": 2223021,
            "revenue_4q": null,
            "common_shares": 3644183,
            "book_valuer_per_share": 12.17,
            "book_valuer_per_share_4q_avg": 12.2,
            "equity": 4436420,
            "current_ratio": 125.96,
            "debt_ratio": 41.91,
            "inventory_turnover_ratio": 1.29,
            "account_receivable_turnover_ratio": null,
            "reinvestment_rate": 79.54,
            "research_to_sale_ratio": null,
            "price_fair": 28,
            "eps_avg_yearly": 0.8,
            "eps_latest_yearly": 1.72,
            "eps_growth_yearly": 451.87
        },
        "20052": {
            "year_quarter": 20052,
            "year": 2005,
            "quarter": 2,
            "eps": 0.04,
            "eps_growth_year": null,
            "eps_4q": 0.34,
            "eps_4q_growth_year": -56.15,
            "roe": 0.31,
            "roe_4q": 2.65,
            "gross_profit": 645180,
            "gross_margin": 28.46,
            "gross_margin_4q_avg": 26.73,
            "net_income": 13786,
            "net_income_4q": null,
            "revenue": 2266964,
            "revenue_4q": null,
            "common_shares": 3644184,
            "book_valuer_per_share": 11.95,
            "book_valuer_per_share_4q_avg": 12.15,
            "equity": 4355878,
            "current_ratio": 123.13,
            "debt_ratio": 42.79,
            "inventory_turnover_ratio": 1.4,
            "account_receivable_turnover_ratio": null,
            "reinvestment_rate": 66.51,
            "research_to_sale_ratio": null,
            "price_fair": 28,
            "eps_avg_yearly": 0.8,
            "eps_latest_yearly": 1.72,
            "eps_growth_yearly": 451.87
        },
        "20053": {
            "year_quarter": 20053,
            "year": 2005,
            "quarter": 3,
            "eps": 0.09,
            "eps_growth_year": -73.53,
            "eps_4q": 0.08,
            "eps_4q_growth_year": -91.79,
            "roe": 0.75,
            "roe_4q": 0.6300000000000001,
            "gross_profit": 607694,
            "gross_margin": 27.14,
            "gross_margin_4q_avg": 26.72,
            "net_income": 33006,
            "net_income_4q": null,
            "revenue": 2238928,
            "revenue_4q": null,
            "common_shares": 3644184,
            "book_valuer_per_share": 12.08,
            "book_valuer_per_share_4q_avg": 12.1,
            "equity": 4401759,
            "current_ratio": 132.09,
            "debt_ratio": 41.36,
            "inventory_turnover_ratio": 1.47,
            "account_receivable_turnover_ratio": null,
            "reinvestment_rate": 62.46,
            "research_to_sale_ratio": null,
            "price_fair": 26.08,
            "eps_avg_yearly": 0.75,
            "eps_latest_yearly": 0.36,
            "eps_growth_yearly": 457.89
        },
        "20054": {
            "year_quarter": 20054,
            "year": 2005,
            "quarter": 4,
            "eps": 0.07,
            "eps_growth_year": null,
            "eps_4q": 0.18,
            "eps_4q_growth_year": -75.28,
            "roe": 0.55,
            "roe_4q": 1.4000000000000001,
            "gross_profit": 607746,
            "gross_margin": 28.49,
            "gross_margin_4q_avg": 27.17,
            "net_income": 24694,
            "net_income_4q": null,
            "revenue": 2132964,
            "revenue_4q": null,
            "common_shares": 3644184,
            "book_valuer_per_share": 12.05,
            "book_valuer_per_share_4q_avg": 12.06,
            "equity": 4536332,
            "current_ratio": 441.04,
            "debt_ratio": 82.29,
            "inventory_turnover_ratio": 1.24,
            "account_receivable_turnover_ratio": null,
            "reinvestment_rate": 170.59,
            "research_to_sale_ratio": null,
            "price_fair": 24.27,
            "eps_avg_yearly": 0.69,
            "eps_latest_yearly": 0.28,
            "eps_growth_yearly": 397.14
        },
        "20061": {
            "year_quarter": 20061,
            "year": 2006,
            "quarter": 1,
            "eps": 0.23,
            "eps_growth_year": null,
            "eps_4q": 0.43,
            "eps_4q_growth_year": 37.85,
            "roe": 1.85,
            "roe_4q": 3.4600000000000004,
            "gross_profit": 592693,
            "gross_margin": 26.39,
            "gross_margin_4q_avg": 27.62,
            "net_income": 83386,
            "net_income_4q": null,
            "revenue": 2246217,
            "revenue_4q": null,
            "common_shares": 3644184,
            "book_valuer_per_share": 12.32,
            "book_valuer_per_share_4q_avg": 12.1,
            "equity": 4488337,
            "current_ratio": 135.8,
            "debt_ratio": 39.86,
            "inventory_turnover_ratio": 1.39,
            "account_receivable_turnover_ratio": null,
            "reinvestment_rate": 52.94,
            "research_to_sale_ratio": null,
            "price_fair": 27.38,
            "eps_avg_yearly": 0.78,
            "eps_latest_yearly": 0.92,
            "eps_growth_yearly": 538.57
        },
        "20062": {
            "year_quarter": 20062,
            "year": 2006,
            "quarter": 2,
            "eps": 0,
            "eps_growth_year": -100,
            "eps_4q": 0.39,
            "eps_4q_growth_year": 14.78,
            "roe": 0.02,
            "roe_4q": 3.17,
            "gross_profit": 672778,
            "gross_margin": 29.17,
            "gross_margin_4q_avg": 27.8,
            "net_income": 673,
            "net_income_4q": null,
            "revenue": 2306270,
            "revenue_4q": null,
            "common_shares": 3644184,
            "book_valuer_per_share": 12.13,
            "book_valuer_per_share_4q_avg": 12.15,
            "equity": 4419671,
            "current_ratio": 141.6,
            "debt_ratio": 39.64,
            "inventory_turnover_ratio": 1.64,
            "account_receivable_turnover_ratio": null,
            "reinvestment_rate": 46.68,
            "research_to_sale_ratio": null,
            "price_fair": 27.38,
            "eps_avg_yearly": 0.78,
            "eps_latest_yearly": 0.92,
            "eps_growth_yearly": 538.57
        },
        "20063": {
            "year_quarter": 20063,
            "year": 2006,
            "quarter": 3,
            "eps": 0.3,
            "eps_growth_year": 233.33,
            "eps_4q": 0.6,
            "eps_4q_growth_year": 688.17,
            "roe": 2.45,
            "roe_4q": 4.87,
            "gross_profit": 662973,
            "gross_margin": 27.23,
            "gross_margin_4q_avg": 27.82,
            "net_income": 109713,
            "net_income_4q": null,
            "revenue": 2434970,
            "revenue_4q": null,
            "common_shares": 3644184,
            "book_valuer_per_share": 12.44,
            "book_valuer_per_share_4q_avg": 12.24,
            "equity": 4534917,
            "current_ratio": 146.3,
            "debt_ratio": 41.04,
            "inventory_turnover_ratio": 1.68,
            "account_receivable_turnover_ratio": null,
            "reinvestment_rate": 41.31,
            "research_to_sale_ratio": null,
            "price_fair": 27.38,
            "eps_avg_yearly": 0.78,
            "eps_latest_yearly": 0.92,
            "eps_growth_yearly": 538.57
        },
        "20064": {
            "year_quarter": 20064,
            "year": 2006,
            "quarter": 4,
            "eps": 0.08,
            "eps_growth_year": 14.29,
            "eps_4q": 0.61,
            "eps_4q_growth_year": 246.27,
            "roe": 0.63,
            "roe_4q": 4.95,
            "gross_profit": 677583,
            "gross_margin": 29.1,
            "gross_margin_4q_avg": 27.97,
            "net_income": 29258,
            "net_income_4q": null,
            "revenue": 2328422,
            "revenue_4q": null,
            "common_shares": 3644184,
            "book_valuer_per_share": 12.43,
            "book_valuer_per_share_4q_avg": 12.33,
            "equity": 4686518,
            "current_ratio": 453.11,
            "debt_ratio": 84.71,
            "inventory_turnover_ratio": 1.32,
            "account_receivable_turnover_ratio": null,
            "reinvestment_rate": 66.41,
            "research_to_sale_ratio": null,
            "price_fair": 26.13,
            "eps_avg_yearly": 0.75,
            "eps_latest_yearly": 0.32,
            "eps_growth_yearly": 485.77
        },
        "20071": {
            "year_quarter": 20071,
            "year": 2007,
            "quarter": 1,
            "eps": 0.21,
            "eps_growth_year": -8.7,
            "eps_4q": 0.6,
            "eps_4q_growth_year": 39.91,
            "roe": 1.63,
            "roe_4q": 4.7299999999999995,
            "gross_profit": 615295,
            "gross_margin": 25.61,
            "gross_margin_4q_avg": 27.78,
            "net_income": 75645,
            "net_income_4q": null,
            "revenue": 2402894,
            "revenue_4q": null,
            "common_shares": 3644184,
            "book_valuer_per_share": 12.66,
            "book_valuer_per_share_4q_avg": 12.42,
            "equity": 4614529,
            "current_ratio": 161.99,
            "debt_ratio": 36.8,
            "inventory_turnover_ratio": 1.46,
            "account_receivable_turnover_ratio": null,
            "reinvestment_rate": 32.54,
            "research_to_sale_ratio": null,
            "price_fair": 28.78,
            "eps_avg_yearly": 0.82,
            "eps_latest_yearly": 0.84,
            "eps_growth_yearly": 591.33
        },
        "20072": {
            "year_quarter": 20072,
            "year": 2007,
            "quarter": 2,
            "eps": 0.26,
            "eps_growth_year": null,
            "eps_4q": 0.87,
            "eps_4q_growth_year": 123.1,
            "roe": 2.03,
            "roe_4q": 6.74,
            "gross_profit": 698402,
            "gross_margin": 27.05,
            "gross_margin_4q_avg": 27.25,
            "net_income": 91795,
            "net_income_4q": null,
            "revenue": 2581579,
            "revenue_4q": null,
            "common_shares": 3644184,
            "book_valuer_per_share": 12.21,
            "book_valuer_per_share_4q_avg": 12.44,
            "equity": 4450073,
            "current_ratio": 156.69,
            "debt_ratio": 39,
            "inventory_turnover_ratio": 1.71,
            "account_receivable_turnover_ratio": null,
            "reinvestment_rate": 28.85,
            "research_to_sale_ratio": null,
            "price_fair": 27.07,
            "eps_avg_yearly": 0.77,
            "eps_latest_yearly": 1.04,
            "eps_growth_yearly": 235.25
        },
        "20073": {
            "year_quarter": 20073,
            "year": 2007,
            "quarter": 3,
            "eps": 0.12,
            "eps_growth_year": -60,
            "eps_4q": 0.66,
            "eps_4q_growth_year": 10.87,
            "roe": 0.97,
            "roe_4q": 5.26,
            "gross_profit": 707308,
            "gross_margin": 26.42,
            "gross_margin_4q_avg": 27.05,
            "net_income": 43525,
            "net_income_4q": null,
            "revenue": 2677478,
            "revenue_4q": null,
            "common_shares": 3644184,
            "book_valuer_per_share": 12.43,
            "book_valuer_per_share_4q_avg": 12.43,
            "equity": 4529971,
            "current_ratio": 159.24,
            "debt_ratio": 37.64,
            "inventory_turnover_ratio": 1.68,
            "account_receivable_turnover_ratio": null,
            "reinvestment_rate": 18.19,
            "research_to_sale_ratio": null,
            "price_fair": 25.98,
            "eps_avg_yearly": 0.74,
            "eps_latest_yearly": 0.48,
            "eps_growth_yearly": 232.94
        },
        "20074": {
            "year_quarter": 20074,
            "year": 2007,
            "quarter": 4,
            "eps": 0.06,
            "eps_growth_year": -25,
            "eps_4q": 0.6,
            "eps_4q_growth_year": -1.02,
            "roe": 0.51,
            "roe_4q": 5.14,
            "gross_profit": 556946,
            "gross_margin": 21.83,
            "gross_margin_4q_avg": 25.23,
            "net_income": 23284,
            "net_income_4q": null,
            "revenue": 2551195,
            "revenue_4q": null,
            "common_shares": 3644184,
            "book_valuer_per_share": 12.55,
            "book_valuer_per_share_4q_avg": 12.46,
            "equity": 4586257,
            "current_ratio": 174.91,
            "debt_ratio": 39.33,
            "inventory_turnover_ratio": 1.45,
            "account_receivable_turnover_ratio": null,
            "reinvestment_rate": -0.93,
            "research_to_sale_ratio": null,
            "price_fair": 24.11,
            "eps_avg_yearly": 0.69,
            "eps_latest_yearly": 0.24,
            "eps_growth_yearly": 213.05
        },
        "20081": {
            "year_quarter": 20081,
            "year": 2008,
            "quarter": 1,
            "eps": 0.38,
            "eps_growth_year": 80.95,
            "eps_4q": 0.83,
            "eps_4q_growth_year": 38.73,
            "roe": 2.93,
            "roe_4q": 6.4399999999999995,
            "gross_profit": 942767,
            "gross_margin": 27.22,
            "gross_margin_4q_avg": 25.63,
            "net_income": 134244,
            "net_income_4q": null,
            "revenue": 3464106,
            "revenue_4q": null,
            "common_shares": 3502323,
            "book_valuer_per_share": 13.03,
            "book_valuer_per_share_4q_avg": 12.56,
            "equity": 4577495,
            "current_ratio": 147.96,
            "debt_ratio": 45.49,
            "inventory_turnover_ratio": 1.58,
            "account_receivable_turnover_ratio": null,
            "reinvestment_rate": 79.53,
            "research_to_sale_ratio": null,
            "price_fair": 23.33,
            "eps_avg_yearly": 0.67,
            "eps_latest_yearly": 1.52,
            "eps_growth_yearly": 388.36
        },
        "20082": {
            "year_quarter": 20082,
            "year": 2008,
            "quarter": 2,
            "eps": 0.52,
            "eps_growth_year": 100,
            "eps_4q": 1.09,
            "eps_4q_growth_year": 25.64,
            "roe": 4.01,
            "roe_4q": 8.42,
            "gross_profit": 1031662,
            "gross_margin": 28.06,
            "gross_margin_4q_avg": 25.88,
            "net_income": 182709,
            "net_income_4q": null,
            "revenue": 3676435,
            "revenue_4q": null,
            "common_shares": 3492693,
            "book_valuer_per_share": 12.95,
            "book_valuer_per_share_4q_avg": 12.74,
            "equity": 4534549,
            "current_ratio": 141.89,
            "debt_ratio": 49.98,
            "inventory_turnover_ratio": 1.48,
            "account_receivable_turnover_ratio": null,
            "reinvestment_rate": 66.96,
            "research_to_sale_ratio": null,
            "price_fair": 28.28,
            "eps_avg_yearly": 0.81,
            "eps_latest_yearly": 2.08,
            "eps_growth_yearly": 364.26
        },
        "20083": {
            "year_quarter": 20083,
            "year": 2008,
            "quarter": 3,
            "eps": 0.27,
            "eps_growth_year": 125,
            "eps_4q": 1.22,
            "eps_4q_growth_year": 84.45,
            "roe": 2.11,
            "roe_4q": 9.559999999999999,
            "gross_profit": 984260,
            "gross_margin": 25.32,
            "gross_margin_4q_avg": 25.61,
            "net_income": 96035,
            "net_income_4q": null,
            "revenue": 3887583,
            "revenue_4q": null,
            "common_shares": 3492693,
            "book_valuer_per_share": 13.1,
            "book_valuer_per_share_4q_avg": 12.91,
            "equity": 4585129,
            "current_ratio": 137.16,
            "debt_ratio": 52.45,
            "inventory_turnover_ratio": 1.37,
            "account_receivable_turnover_ratio": null,
            "reinvestment_rate": 82.93,
            "research_to_sale_ratio": null,
            "price_fair": 29.15,
            "eps_avg_yearly": 0.83,
            "eps_latest_yearly": 1.08,
            "eps_growth_yearly": 313.66
        },
        "20084": {
            "year_quarter": 20084,
            "year": 2008,
            "quarter": 4,
            "eps": -0.08,
            "eps_growth_year": -233.33,
            "eps_4q": 1.09,
            "eps_4q_growth_year": 80.85,
            "roe": -0.61,
            "roe_4q": 8.44,
            "gross_profit": 794140,
            "gross_margin": 25.32,
            "gross_margin_4q_avg": 26.48,
            "net_income": -27900,
            "net_income_4q": null,
            "revenue": 3135942,
            "revenue_4q": null,
            "common_shares": 3492693,
            "book_valuer_per_share": 12.93,
            "book_valuer_per_share_4q_avg": 13,
            "equity": 4529506,
            "current_ratio": 127.72,
            "debt_ratio": 51.66,
            "inventory_turnover_ratio": 1.05,
            "account_receivable_turnover_ratio": 3.5,
            "reinvestment_rate": 66.09,
            "research_to_sale_ratio": null,
            "price_fair": 29.15,
            "eps_avg_yearly": 0.83,
            "eps_latest_yearly": 1.08,
            "eps_growth_yearly": 313.66
        },
        "20091": {
            "year_quarter": 20091,
            "year": 2009,
            "quarter": 1,
            "eps": 0.4,
            "eps_growth_year": 5.26,
            "eps_4q": 1.11,
            "eps_4q_growth_year": 34.12,
            "roe": 3.01,
            "roe_4q": 8.52,
            "gross_profit": 903537,
            "gross_margin": 28.62,
            "gross_margin_4q_avg": 26.83,
            "net_income": 138874,
            "net_income_4q": null,
            "revenue": 3157551,
            "revenue_4q": null,
            "common_shares": 3492693,
            "book_valuer_per_share": 13.35,
            "book_valuer_per_share_4q_avg": 13.08,
            "equity": 4711687,
            "current_ratio": 130.91,
            "debt_ratio": 49.58,
            "inventory_turnover_ratio": 1.12,
            "account_receivable_turnover_ratio": 1.86,
            "reinvestment_rate": 120.83,
            "research_to_sale_ratio": null,
            "price_fair": 29.15,
            "eps_avg_yearly": 0.83,
            "eps_latest_yearly": 1.08,
            "eps_growth_yearly": 313.66
        },
        "20092": {
            "year_quarter": 20092,
            "year": 2009,
            "quarter": 2,
            "eps": 0.22,
            "eps_growth_year": -57.69,
            "eps_4q": 0.82,
            "eps_4q_growth_year": -25.19,
            "roe": 1.63,
            "roe_4q": 6.139999999999999,
            "gross_profit": 830217,
            "gross_margin": 26.16,
            "gross_margin_4q_avg": 26.36,
            "net_income": 75465,
            "net_income_4q": null,
            "revenue": 3174014,
            "revenue_4q": null,
            "common_shares": 3492693,
            "book_valuer_per_share": 12.87,
            "book_valuer_per_share_4q_avg": 13.06,
            "equity": 4543180,
            "current_ratio": 125.08,
            "debt_ratio": 50.05,
            "inventory_turnover_ratio": 1.23,
            "account_receivable_turnover_ratio": 2.1,
            "reinvestment_rate": 107.23,
            "research_to_sale_ratio": null,
            "price_fair": 29.28,
            "eps_avg_yearly": 0.84,
            "eps_latest_yearly": 0.88,
            "eps_growth_yearly": 272.53
        },
        "20093": {
            "year_quarter": 20093,
            "year": 2009,
            "quarter": 3,
            "eps": 0.2,
            "eps_growth_year": -25.93,
            "eps_4q": 0.73,
            "eps_4q_growth_year": -40.54,
            "roe": 1.52,
            "roe_4q": 5.55,
            "gross_profit": 887246,
            "gross_margin": 26.52,
            "gross_margin_4q_avg": 26.66,
            "net_income": 69683,
            "net_income_4q": null,
            "revenue": 3345218,
            "revenue_4q": null,
            "common_shares": 3526920,
            "book_valuer_per_share": 12.93,
            "book_valuer_per_share_4q_avg": 13.02,
            "equity": 4608207,
            "current_ratio": 126.74,
            "debt_ratio": 50.47,
            "inventory_turnover_ratio": 1.27,
            "account_receivable_turnover_ratio": 2.28,
            "reinvestment_rate": 105.28,
            "research_to_sale_ratio": null,
            "price_fair": 30.57,
            "eps_avg_yearly": 0.87,
            "eps_latest_yearly": 0.8,
            "eps_growth_yearly": 227.83
        },
        "20094": {
            "year_quarter": 20094,
            "year": 2009,
            "quarter": 4,
            "eps": 0.25,
            "eps_growth_year": null,
            "eps_4q": 1.07,
            "eps_4q_growth_year": -2.05,
            "roe": 1.91,
            "roe_4q": 8.07,
            "gross_profit": 822466,
            "gross_margin": 26.12,
            "gross_margin_4q_avg": 26.86,
            "net_income": 88615,
            "net_income_4q": null,
            "revenue": 3148790,
            "revenue_4q": null,
            "common_shares": 3526920,
            "book_valuer_per_share": 13.41,
            "book_valuer_per_share_4q_avg": 13.14,
            "equity": 4672029,
            "current_ratio": 127.49,
            "debt_ratio": 47.5,
            "inventory_turnover_ratio": 1.28,
            "account_receivable_turnover_ratio": 4.5,
            "reinvestment_rate": 41.15,
            "research_to_sale_ratio": null,
            "price_fair": 32.67,
            "eps_avg_yearly": 0.93,
            "eps_latest_yearly": 1,
            "eps_growth_yearly": 243.57
        },
        "20101": {
            "year_quarter": 20101,
            "year": 2010,
            "quarter": 1,
            "eps": 0.29,
            "eps_growth_year": -27.5,
            "eps_4q": 0.94,
            "eps_4q_growth_year": -15.02,
            "roe": 2.1,
            "roe_4q": 7.159999999999999,
            "gross_profit": 808624,
            "gross_margin": 27.08,
            "gross_margin_4q_avg": 26.47,
            "net_income": 99674,
            "net_income_4q": null,
            "revenue": 2986476,
            "revenue_4q": null,
            "common_shares": 3526920,
            "book_valuer_per_share": 13.62,
            "book_valuer_per_share_4q_avg": 13.21,
            "equity": 4820088,
            "current_ratio": 130.3,
            "debt_ratio": 46.17,
            "inventory_turnover_ratio": 1.28,
            "account_receivable_turnover_ratio": 2.27,
            "reinvestment_rate": 276.33,
            "research_to_sale_ratio": 1.13,
            "price_fair": 33.37,
            "eps_avg_yearly": 0.95,
            "eps_latest_yearly": 1.16,
            "eps_growth_yearly": 172.71
        },
        "20102": {
            "year_quarter": 20102,
            "year": 2010,
            "quarter": 2,
            "eps": 0.33,
            "eps_growth_year": 47.89,
            "eps_4q": 1.05,
            "eps_4q_growth_year": 29.02,
            "roe": 2.4,
            "roe_4q": 7.93,
            "gross_profit": 814758,
            "gross_margin": 27.4,
            "gross_margin_4q_avg": 26.78,
            "net_income": 113464,
            "net_income_4q": null,
            "revenue": 2973344,
            "revenue_4q": null,
            "common_shares": 3526920,
            "book_valuer_per_share": 13.16,
            "book_valuer_per_share_4q_avg": 13.28,
            "equity": 4649899,
            "current_ratio": 124.26,
            "debt_ratio": 48.38,
            "inventory_turnover_ratio": 1.2,
            "account_receivable_turnover_ratio": 2.4,
            "reinvestment_rate": 101.55,
            "research_to_sale_ratio": 0.79,
            "price_fair": 34.35,
            "eps_avg_yearly": 0.98,
            "eps_latest_yearly": 1.32,
            "eps_growth_yearly": 163.67
        },
        "20103": {
            "year_quarter": 20103,
            "year": 2010,
            "quarter": 3,
            "eps": 0.2,
            "eps_growth_year": -2.16,
            "eps_4q": 1.05,
            "eps_4q_growth_year": 45.04,
            "roe": 1.47,
            "roe_4q": 7.880000000000001,
            "gross_profit": 874783,
            "gross_margin": 27.74,
            "gross_margin_4q_avg": 27.09,
            "net_income": 68840,
            "net_income_4q": null,
            "revenue": 3153921,
            "revenue_4q": null,
            "common_shares": 3526920,
            "book_valuer_per_share": 13.36,
            "book_valuer_per_share_4q_avg": 13.39,
            "equity": 4720397,
            "current_ratio": 131.76,
            "debt_ratio": 47.6,
            "inventory_turnover_ratio": 1.25,
            "account_receivable_turnover_ratio": 2.52,
            "reinvestment_rate": 108.78,
            "research_to_sale_ratio": 0.87,
            "price_fair": 33.9,
            "eps_avg_yearly": 0.97,
            "eps_latest_yearly": 0.8,
            "eps_growth_yearly": 140.72
        },
        "20104": {
            "year_quarter": 20104,
            "year": 2010,
            "quarter": 4,
            "eps": 0.2,
            "eps_growth_year": -21.12,
            "eps_4q": 1,
            "eps_4q_growth_year": -6.02,
            "roe": 1.48,
            "roe_4q": 7.449999999999999,
            "gross_profit": 823615,
            "gross_margin": 27.13,
            "gross_margin_4q_avg": 27.34,
            "net_income": 69802,
            "net_income_4q": null,
            "revenue": 3035503,
            "revenue_4q": null,
            "common_shares": 3526920,
            "book_valuer_per_share": 13.42,
            "book_valuer_per_share_4q_avg": 13.39,
            "equity": 4739433,
            "current_ratio": 134.96,
            "debt_ratio": 46.03,
            "inventory_turnover_ratio": 1.24,
            "account_receivable_turnover_ratio": 2.54,
            "reinvestment_rate": 51.17,
            "research_to_sale_ratio": 0.96,
            "price_fair": 35.1,
            "eps_avg_yearly": 1,
            "eps_latest_yearly": 0.8,
            "eps_growth_yearly": 161.68
        },
        "20111": {
            "year_quarter": 20111,
            "year": 2011,
            "quarter": 1,
            "eps": 0.3,
            "eps_growth_year": 3.45,
            "eps_4q": 1.01,
            "eps_4q_growth_year": 7.27,
            "roe": 2.22,
            "roe_4q": 7.57,
            "gross_profit": 857353,
            "gross_margin": 26.66,
            "gross_margin_4q_avg": 27.23,
            "net_income": 106687,
            "net_income_4q": null,
            "revenue": 3216044,
            "revenue_4q": null,
            "common_shares": 3526920,
            "book_valuer_per_share": 13.71,
            "book_valuer_per_share_4q_avg": 13.41,
            "equity": 4871883,
            "current_ratio": 142.08,
            "debt_ratio": 46.7,
            "inventory_turnover_ratio": 1.36,
            "account_receivable_turnover_ratio": 2.57,
            "reinvestment_rate": 106.11,
            "research_to_sale_ratio": 0.9,
            "price_fair": 36,
            "eps_avg_yearly": 1.03,
            "eps_latest_yearly": 1.2,
            "eps_growth_yearly": 129.53
        },
        "20112": {
            "year_quarter": 20112,
            "year": 2011,
            "quarter": 2,
            "eps": 0.15,
            "eps_growth_year": -52.47,
            "eps_4q": 0.84,
            "eps_4q_growth_year": -19.72,
            "roe": 1.14,
            "roe_4q": 6.31,
            "gross_profit": 818221,
            "gross_margin": 25.61,
            "gross_margin_4q_avg": 26.79,
            "net_income": 54108,
            "net_income_4q": null,
            "revenue": 3194551,
            "revenue_4q": null,
            "common_shares": 3526920,
            "book_valuer_per_share": 13.06,
            "book_valuer_per_share_4q_avg": 13.39,
            "equity": 4642452,
            "current_ratio": 128.69,
            "debt_ratio": 51.6,
            "inventory_turnover_ratio": 1.29,
            "account_receivable_turnover_ratio": 2.31,
            "reinvestment_rate": 124.08,
            "research_to_sale_ratio": 0.96,
            "price_fair": 34.9,
            "eps_avg_yearly": 1,
            "eps_latest_yearly": 0.6,
            "eps_growth_yearly": 108.45
        },
        "20113": {
            "year_quarter": 20113,
            "year": 2011,
            "quarter": 3,
            "eps": 0.35,
            "eps_growth_year": 79.83,
            "eps_4q": 1,
            "eps_4q_growth_year": -4.88,
            "roe": 2.64,
            "roe_4q": 7.48,
            "gross_profit": 888661,
            "gross_margin": 26.18,
            "gross_margin_4q_avg": 26.4,
            "net_income": 124330,
            "net_income_4q": null,
            "revenue": 3394546,
            "revenue_4q": null,
            "common_shares": 3526920,
            "book_valuer_per_share": 13.45,
            "book_valuer_per_share_4q_avg": 13.41,
            "equity": 4777728,
            "current_ratio": 134.31,
            "debt_ratio": 51.55,
            "inventory_turnover_ratio": 1.26,
            "account_receivable_turnover_ratio": 2.29,
            "reinvestment_rate": 126.2,
            "research_to_sale_ratio": 0.96,
            "price_fair": 37.2,
            "eps_avg_yearly": 1.06,
            "eps_latest_yearly": 1.4,
            "eps_growth_yearly": 161.93
        },
        "20114": {
            "year_quarter": 20114,
            "year": 2011,
            "quarter": 4,
            "eps": 0.22,
            "eps_growth_year": 13.29,
            "eps_4q": 1.08,
            "eps_4q_growth_year": 7.63,
            "roe": 1.52,
            "roe_4q": 7.52,
            "gross_profit": 900196,
            "gross_margin": 27.72,
            "gross_margin_4q_avg": 26.54,
            "net_income": 74373,
            "net_income_4q": null,
            "revenue": 3247650,
            "revenue_4q": null,
            "common_shares": 3336920,
            "book_valuer_per_share": 14.99,
            "book_valuer_per_share_4q_avg": 13.8,
            "equity": 5001451,
            "current_ratio": 115.28,
            "debt_ratio": 53.06,
            "inventory_turnover_ratio": 1.17,
            "account_receivable_turnover_ratio": 2.21,
            "reinvestment_rate": 161.71,
            "research_to_sale_ratio": 1.05,
            "price_fair": 38.8,
            "eps_avg_yearly": 1.11,
            "eps_latest_yearly": 0.88,
            "eps_growth_yearly": 165.6
        },
        "20121": {
            "year_quarter": 20121,
            "year": 2012,
            "quarter": 1,
            "eps": 0.32,
            "eps_growth_year": 6.67,
            "eps_4q": 1.08,
            "eps_4q_growth_year": 6.87,
            "roe": 2.13,
            "roe_4q": 7.43,
            "gross_profit": 874101,
            "gross_margin": 25.83,
            "gross_margin_4q_avg": 26.34,
            "net_income": 107562,
            "net_income_4q": null,
            "revenue": 3384100,
            "revenue_4q": null,
            "common_shares": 3336920,
            "book_valuer_per_share": 15.26,
            "book_valuer_per_share_4q_avg": 14.19,
            "equity": 5093105,
            "current_ratio": 145.37,
            "debt_ratio": 53.58,
            "inventory_turnover_ratio": 1.29,
            "account_receivable_turnover_ratio": 2.22,
            "reinvestment_rate": 161.59,
            "research_to_sale_ratio": 0.93,
            "price_fair": 38.2,
            "eps_avg_yearly": 1.09,
            "eps_latest_yearly": 1.28,
            "eps_growth_yearly": 26.21
        },
        "20122": {
            "year_quarter": 20122,
            "year": 2012,
            "quarter": 2,
            "eps": 0.19,
            "eps_growth_year": 20.13,
            "eps_4q": 1.1,
            "eps_4q_growth_year": 30.73,
            "roe": 1.25,
            "roe_4q": 7.540000000000001,
            "gross_profit": 955918,
            "gross_margin": 27.37,
            "gross_margin_4q_avg": 26.78,
            "net_income": 62284,
            "net_income_4q": null,
            "revenue": 3493204,
            "revenue_4q": null,
            "common_shares": 3336920,
            "book_valuer_per_share": 14.58,
            "book_valuer_per_share_4q_avg": 14.57,
            "equity": 4865843,
            "current_ratio": 130.17,
            "debt_ratio": 57.87,
            "inventory_turnover_ratio": 1.28,
            "account_receivable_turnover_ratio": 2.07,
            "reinvestment_rate": 184.72,
            "research_to_sale_ratio": 0.93,
            "price_fair": 14.03,
            "eps_avg_yearly": 1,
            "eps_latest_yearly": 0.76,
            "eps_growth_yearly": 4.07
        },
        "20123": {
            "year_quarter": 20123,
            "year": 2012,
            "quarter": 3,
            "eps": 0.36,
            "eps_growth_year": 2.27,
            "eps_4q": 1.09,
            "eps_4q_growth_year": 8.74,
            "roe": 2.45,
            "roe_4q": 7.35,
            "gross_profit": 1030004,
            "gross_margin": 27.95,
            "gross_margin_4q_avg": 27.22,
            "net_income": 120469,
            "net_income_4q": null,
            "revenue": 3685317,
            "revenue_4q": null,
            "common_shares": 3336920,
            "book_valuer_per_share": 14.9,
            "book_valuer_per_share_4q_avg": 14.93,
            "equity": 4975103,
            "current_ratio": 138.86,
            "debt_ratio": 60.32,
            "inventory_turnover_ratio": 1.17,
            "account_receivable_turnover_ratio": 2.05,
            "reinvestment_rate": 194.64,
            "research_to_sale_ratio": 0.91,
            "price_fair": 35.8,
            "eps_avg_yearly": 1.02,
            "eps_latest_yearly": 1.44,
            "eps_growth_yearly": 43.37
        },
        "20124": {
            "year_quarter": 20124,
            "year": 2012,
            "quarter": 4,
            "eps": 0.36,
            "eps_growth_year": 61.51,
            "eps_4q": 1.23,
            "eps_4q_growth_year": 13.46,
            "roe": 2.31,
            "roe_4q": 8.14,
            "gross_profit": 909136,
            "gross_margin": 24.84,
            "gross_margin_4q_avg": 26.5,
            "net_income": 115793,
            "net_income_4q": null,
            "revenue": 3659430,
            "revenue_4q": null,
            "common_shares": 3336920,
            "book_valuer_per_share": 15.12,
            "book_valuer_per_share_4q_avg": 14.97,
            "equity": 5030618,
            "current_ratio": 150.6,
            "debt_ratio": 59.81,
            "inventory_turnover_ratio": 1.11,
            "account_receivable_turnover_ratio": 1.94,
            "reinvestment_rate": 146.28,
            "research_to_sale_ratio": 1.01,
            "price_fair": 36.77,
            "eps_avg_yearly": 1.05,
            "eps_latest_yearly": 1.44,
            "eps_growth_yearly": 40.48
        },
        "20131": {
            "year_quarter": 20131,
            "year": 2013,
            "quarter": 1,
            "eps": 0.43,
            "eps_growth_year": 34.38,
            "eps_4q": 1.33,
            "eps_4q_growth_year": 22.52,
            "roe": 2.85,
            "roe_4q": 8.86,
            "gross_profit": 917206,
            "gross_margin": 24.23,
            "gross_margin_4q_avg": 26.1,
            "net_income": 140520,
            "net_income_4q": null,
            "revenue": 3785050,
            "revenue_4q": null,
            "common_shares": 3336920,
            "book_valuer_per_share": 14.34,
            "book_valuer_per_share_4q_avg": 14.74,
            "equity": 4823395,
            "current_ratio": 155.37,
            "debt_ratio": 63.24,
            "inventory_turnover_ratio": 1.15,
            "account_receivable_turnover_ratio": 1.87,
            "reinvestment_rate": 171.26,
            "research_to_sale_ratio": 0.77,
            "price_fair": 38.24,
            "eps_avg_yearly": 1.09,
            "eps_latest_yearly": 1.72,
            "eps_growth_yearly": 42.81
        },
        "20132": {
            "year_quarter": 20132,
            "year": 2013,
            "quarter": 2,
            "eps": 0.2,
            "eps_growth_year": 7.65,
            "eps_4q": 1.34,
            "eps_4q_growth_year": 21.47,
            "roe": 1.43,
            "roe_4q": 9.04,
            "gross_profit": 972432,
            "gross_margin": 25.84,
            "gross_margin_4q_avg": 25.72,
            "net_income": 67275,
            "net_income_4q": null,
            "revenue": 3763534,
            "revenue_4q": null,
            "common_shares": 3336920,
            "book_valuer_per_share": 13.68,
            "book_valuer_per_share_4q_avg": 14.51,
            "equity": 4593650,
            "current_ratio": 138.48,
            "debt_ratio": 65.59,
            "inventory_turnover_ratio": 1.06,
            "account_receivable_turnover_ratio": 1.9,
            "reinvestment_rate": 187.95,
            "research_to_sale_ratio": 0.9,
            "price_fair": 38.06,
            "eps_avg_yearly": 1.09,
            "eps_latest_yearly": 0.8,
            "eps_growth_yearly": 40.69
        },
        "20133": {
            "year_quarter": 20133,
            "year": 2013,
            "quarter": 3,
            "eps": 0.39,
            "eps_growth_year": 8.37,
            "eps_4q": 1.37,
            "eps_4q_growth_year": 25.77,
            "roe": 2.73,
            "roe_4q": 9.32,
            "gross_profit": 1030749,
            "gross_margin": 24.64,
            "gross_margin_4q_avg": 24.89,
            "net_income": 129647,
            "net_income_4q": null,
            "revenue": 4183411,
            "revenue_4q": null,
            "common_shares": 3336920,
            "book_valuer_per_share": 14.36,
            "book_valuer_per_share_4q_avg": 14.38,
            "equity": 4889909,
            "current_ratio": 155.16,
            "debt_ratio": 65.35,
            "inventory_turnover_ratio": 1.06,
            "account_receivable_turnover_ratio": 2.24,
            "reinvestment_rate": 190.87,
            "research_to_sale_ratio": 1.03,
            "price_fair": 39.73,
            "eps_avg_yearly": 1.14,
            "eps_latest_yearly": 1.56,
            "eps_growth_yearly": 66.71
        },
        "20134": {
            "year_quarter": 20134,
            "year": 2013,
            "quarter": 4,
            "eps": 0.35,
            "eps_growth_year": -1.98,
            "eps_4q": 1.37,
            "eps_4q_growth_year": 11.31,
            "roe": 2.15,
            "roe_4q": 9.16,
            "gross_profit": 1076429,
            "gross_margin": 26.99,
            "gross_margin_4q_avg": 25.43,
            "net_income": 106578,
            "net_income_4q": null,
            "revenue": 3988593,
            "revenue_4q": null,
            "common_shares": 3337233,
            "book_valuer_per_share": 14.77,
            "book_valuer_per_share_4q_avg": 14.29,
            "equity": 5028768,
            "current_ratio": 151.3,
            "debt_ratio": 64.71,
            "inventory_turnover_ratio": 0.91,
            "account_receivable_turnover_ratio": 2.06,
            "reinvestment_rate": 203.17,
            "research_to_sale_ratio": 0.69,
            "price_fair": 40.6,
            "eps_avg_yearly": 1.16,
            "eps_latest_yearly": 1.4,
            "eps_growth_yearly": 57.9
        },
        "20141": {
            "year_quarter": 20141,
            "year": 2014,
            "quarter": 1,
            "eps": 0.61,
            "eps_growth_year": 41.86,
            "eps_4q": 1.55,
            "eps_4q_growth_year": 16.71,
            "roe": 3.98,
            "roe_4q": 10.29,
            "gross_profit": 1065949,
            "gross_margin": 24.54,
            "gross_margin_4q_avg": 25.5,
            "net_income": 204781,
            "net_income_4q": null,
            "revenue": 4343229,
            "revenue_4q": null,
            "common_shares": 3337233,
            "book_valuer_per_share": 15.46,
            "book_valuer_per_share_4q_avg": 14.57,
            "equity": 5256190,
            "current_ratio": 160.32,
            "debt_ratio": 64.72,
            "inventory_turnover_ratio": 1.02,
            "account_receivable_turnover_ratio": 1.9,
            "reinvestment_rate": 83.55,
            "research_to_sale_ratio": 1.04,
            "price_fair": 43.4,
            "eps_avg_yearly": 1.24,
            "eps_latest_yearly": 2.44,
            "eps_growth_yearly": 72.47
        },
        "20142": {
            "year_quarter": 20142,
            "year": 2014,
            "quarter": 2,
            "eps": 0.36,
            "eps_growth_year": 80,
            "eps_4q": 1.7,
            "eps_4q_growth_year": 26.72,
            "roe": 2.34,
            "roe_4q": 11.200000000000001,
            "gross_profit": 1056475,
            "gross_margin": 23.6,
            "gross_margin_4q_avg": 24.94,
            "net_income": 121298,
            "net_income_4q": null,
            "revenue": 4475975,
            "revenue_4q": null,
            "common_shares": 3357795,
            "book_valuer_per_share": 14.97,
            "book_valuer_per_share_4q_avg": 14.89,
            "equity": 5124178,
            "current_ratio": 149.25,
            "debt_ratio": 65.82,
            "inventory_turnover_ratio": 1.05,
            "account_receivable_turnover_ratio": 1.78,
            "reinvestment_rate": 208.41,
            "research_to_sale_ratio": 0.96,
            "price_fair": 43.66,
            "eps_avg_yearly": 1.25,
            "eps_latest_yearly": 1.44,
            "eps_growth_yearly": 58.78
        },
        "20143": {
            "year_quarter": 20143,
            "year": 2014,
            "quarter": 3,
            "eps": 0.23,
            "eps_growth_year": -41.03,
            "eps_4q": 1.54,
            "eps_4q_growth_year": 12.13,
            "roe": 1.54,
            "roe_4q": 10.01,
            "gross_profit": 1043182,
            "gross_margin": 24.12,
            "gross_margin_4q_avg": 24.81,
            "net_income": 79857,
            "net_income_4q": null,
            "revenue": 4324663,
            "revenue_4q": null,
            "common_shares": 3378944,
            "book_valuer_per_share": 15.16,
            "book_valuer_per_share_4q_avg": 15.09,
            "equity": 5221567,
            "current_ratio": 143.99,
            "debt_ratio": 65.73,
            "inventory_turnover_ratio": 0.97,
            "account_receivable_turnover_ratio": 1.95,
            "reinvestment_rate": 221.35,
            "research_to_sale_ratio": 1.21,
            "price_fair": 43.93,
            "eps_avg_yearly": 1.26,
            "eps_latest_yearly": 0.92,
            "eps_growth_yearly": 59.6
        },
        "20144": {
            "year_quarter": 20144,
            "year": 2014,
            "quarter": 4,
            "eps": 0.31,
            "eps_growth_year": -11.91,
            "eps_4q": 1.5,
            "eps_4q_growth_year": 9.75,
            "roe": 1.99,
            "roe_4q": 9.85,
            "gross_profit": 1216747,
            "gross_margin": 29.36,
            "gross_margin_4q_avg": 25.41,
            "net_income": 105596,
            "net_income_4q": null,
            "revenue": 4143817,
            "revenue_4q": null,
            "common_shares": 3378944,
            "book_valuer_per_share": 15.6,
            "book_valuer_per_share_4q_avg": 15.3,
            "equity": 5372946,
            "current_ratio": 140.8,
            "debt_ratio": 66.61,
            "inventory_turnover_ratio": 0.79,
            "account_receivable_turnover_ratio": 2.09,
            "reinvestment_rate": 228.83,
            "research_to_sale_ratio": 0.87,
            "price_fair": 44.89,
            "eps_avg_yearly": 1.28,
            "eps_latest_yearly": 1.24,
            "eps_growth_yearly": 68.29
        },
        "20151": {
            "year_quarter": 20151,
            "year": 2015,
            "quarter": 1,
            "eps": 0.04,
            "eps_growth_year": -93.44,
            "eps_4q": 0.92,
            "eps_4q_growth_year": -40.79,
            "roe": 0.26,
            "roe_4q": 6.13,
            "gross_profit": 1085630,
            "gross_margin": 23.04,
            "gross_margin_4q_avg": 25.03,
            "net_income": 14155,
            "net_income_4q": null,
            "revenue": 4711097,
            "revenue_4q": null,
            "common_shares": 3436907,
            "book_valuer_per_share": 15.48,
            "book_valuer_per_share_4q_avg": 15.3,
            "equity": 5422383,
            "current_ratio": 140.95,
            "debt_ratio": 66.98,
            "inventory_turnover_ratio": 0.95,
            "account_receivable_turnover_ratio": 2.01,
            "reinvestment_rate": 251.45,
            "research_to_sale_ratio": 1.04,
            "price_fair": 42.61,
            "eps_avg_yearly": 1.22,
            "eps_latest_yearly": 0.16,
            "eps_growth_yearly": 34.02
        },
        "20152": {
            "year_quarter": 20152,
            "year": 2015,
            "quarter": 2,
            "eps": 0.35,
            "eps_growth_year": -2.78,
            "eps_4q": 0.92,
            "eps_4q_growth_year": -45.92,
            "roe": 2.28,
            "roe_4q": 6.07,
            "gross_profit": 1169285,
            "gross_margin": 26.25,
            "gross_margin_4q_avg": 25.69,
            "net_income": 121406,
            "net_income_4q": null,
            "revenue": 4455199,
            "revenue_4q": null,
            "common_shares": 3444087,
            "book_valuer_per_share": 14.85,
            "book_valuer_per_share_4q_avg": 15.27,
            "equity": 5218880,
            "current_ratio": 144.59,
            "debt_ratio": 68.05,
            "inventory_turnover_ratio": 0.89,
            "account_receivable_turnover_ratio": 1.8,
            "reinvestment_rate": 238.55,
            "research_to_sale_ratio": 1.14,
            "price_fair": 44.36,
            "eps_avg_yearly": 1.27,
            "eps_latest_yearly": 1.4,
            "eps_growth_yearly": 240.27
        },
        "20153": {
            "year_quarter": 20153,
            "year": 2015,
            "quarter": 3,
            "eps": 0.05,
            "eps_growth_year": -78.26,
            "eps_4q": 0.74,
            "eps_4q_growth_year": -51.62,
            "roe": 0.38,
            "roe_4q": 4.91,
            "gross_profit": 1186076,
            "gross_margin": 27.61,
            "gross_margin_4q_avg": 26.57,
            "net_income": 19780,
            "net_income_4q": null,
            "revenue": 4295836,
            "revenue_4q": null,
            "common_shares": 3448032,
            "book_valuer_per_share": 15.04,
            "book_valuer_per_share_4q_avg": 15.24,
            "equity": 5294393,
            "current_ratio": 123.48,
            "debt_ratio": 67.72,
            "inventory_turnover_ratio": 0.83,
            "account_receivable_turnover_ratio": 2,
            "reinvestment_rate": 251.42,
            "research_to_sale_ratio": 1.22,
            "price_fair": 41.74,
            "eps_avg_yearly": 1.19,
            "eps_latest_yearly": 0.2,
            "eps_growth_yearly": 185.51
        },
        "20154": {
            "year_quarter": 20154,
            "year": 2015,
            "quarter": 4,
            "eps": 0.58,
            "eps_growth_year": 87.71,
            "eps_4q": 1.02,
            "eps_4q_growth_year": -31.75,
            "roe": 3.84,
            "roe_4q": 6.76,
            "gross_profit": 1233226,
            "gross_margin": 28.88,
            "gross_margin_4q_avg": 26.45,
            "net_income": 205162,
            "net_income_4q": null,
            "revenue": 4269749,
            "revenue_4q": null,
            "common_shares": 3448032,
            "book_valuer_per_share": 15.34,
            "book_valuer_per_share_4q_avg": 15.18,
            "equity": 5395521,
            "current_ratio": 123.11,
            "debt_ratio": 65.37,
            "inventory_turnover_ratio": 0.82,
            "account_receivable_turnover_ratio": 2.19,
            "reinvestment_rate": 169.6,
            "research_to_sale_ratio": 0.91,
            "price_fair": 44.89,
            "eps_avg_yearly": 1.28,
            "eps_latest_yearly": 2.32,
            "eps_growth_yearly": 459.79
        },
        "20161": {
            "year_quarter": 20161,
            "year": 2016,
            "quarter": 1,
            "eps": 0.46,
            "eps_growth_year": 1050,
            "eps_4q": 1.45,
            "eps_4q_growth_year": 58.26,
            "roe": 2.99,
            "roe_4q": 9.49,
            "gross_profit": 1143193,
            "gross_margin": 27.21,
            "gross_margin_4q_avg": 27.49,
            "net_income": 163685,
            "net_income_4q": null,
            "revenue": 4200829,
            "revenue_4q": null,
            "common_shares": 3448032,
            "book_valuer_per_share": 15.75,
            "book_valuer_per_share_4q_avg": 15.25,
            "equity": 5541274,
            "current_ratio": 121.1,
            "debt_ratio": 65.71,
            "inventory_turnover_ratio": 0.85,
            "account_receivable_turnover_ratio": 1.98,
            "reinvestment_rate": 149.5,
            "research_to_sale_ratio": 0.99,
            "price_fair": 46.11,
            "eps_avg_yearly": 1.32,
            "eps_latest_yearly": 1.84,
            "eps_growth_yearly": 443.26
        },
        "20162": {
            "year_quarter": 20162,
            "year": 2016,
            "quarter": 2,
            "eps": 0.41,
            "eps_growth_year": 17.14,
            "eps_4q": 1.51,
            "eps_4q_growth_year": 64.17,
            "roe": 2.64,
            "roe_4q": 9.850000000000001,
            "gross_profit": 1139483,
            "gross_margin": 27.58,
            "gross_margin_4q_avg": 27.82,
            "net_income": 145186,
            "net_income_4q": null,
            "revenue": 4130933,
            "revenue_4q": null,
            "common_shares": 3448032,
            "book_valuer_per_share": 15.51,
            "book_valuer_per_share_4q_avg": 15.41,
            "equity": 5455463,
            "current_ratio": 127.74,
            "debt_ratio": 65.44,
            "inventory_turnover_ratio": 0.84,
            "account_receivable_turnover_ratio": 1.86,
            "reinvestment_rate": 134.28,
            "research_to_sale_ratio": 0.94,
            "price_fair": 48.04,
            "eps_avg_yearly": 1.37,
            "eps_latest_yearly": 1.64,
            "eps_growth_yearly": 450.69
        },
        "20163": {
            "year_quarter": 20163,
            "year": 2016,
            "quarter": 3,
            "eps": 0.26,
            "eps_growth_year": 420,
            "eps_4q": 1.7,
            "eps_4q_growth_year": 129.33,
            "roe": 1.64,
            "roe_4q": 11.11,
            "gross_profit": 1104093,
            "gross_margin": 27.43,
            "gross_margin_4q_avg": 27.78,
            "net_income": 90041,
            "net_income_4q": null,
            "revenue": 4024832,
            "revenue_4q": null,
            "common_shares": 3470013,
            "book_valuer_per_share": 15.59,
            "book_valuer_per_share_4q_avg": 15.55,
            "equity": 5507535,
            "current_ratio": 152.52,
            "debt_ratio": 64.51,
            "inventory_turnover_ratio": 0.83,
            "account_receivable_turnover_ratio": 2.1,
            "reinvestment_rate": 116.24,
            "research_to_sale_ratio": 0.88,
            "price_fair": 47.16,
            "eps_avg_yearly": 1.35,
            "eps_latest_yearly": 1.04,
            "eps_growth_yearly": 419.18
        },
        "20164": {
            "year_quarter": 20164,
            "year": 2016,
            "quarter": 4,
            "eps": 0.46,
            "eps_growth_year": -21.11,
            "eps_4q": 1.56,
            "eps_4q_growth_year": 52.03,
            "roe": 2.98,
            "roe_4q": 10.25,
            "gross_profit": 1089969,
            "gross_margin": 27.72,
            "gross_margin_4q_avg": 27.49,
            "net_income": 168947,
            "net_income_4q": null,
            "revenue": 3932525,
            "revenue_4q": null,
            "common_shares": 3565168,
            "book_valuer_per_share": 16.11,
            "book_valuer_per_share_4q_avg": 15.74,
            "equity": 5843766,
            "current_ratio": 145.31,
            "debt_ratio": 62.72,
            "inventory_turnover_ratio": 0.83,
            "account_receivable_turnover_ratio": 2.01,
            "reinvestment_rate": 107.03,
            "research_to_sale_ratio": 0.94,
            "price_fair": 48.04,
            "eps_avg_yearly": 1.37,
            "eps_latest_yearly": 1.84,
            "eps_growth_yearly": 438.41
        },
        "20171": {
            "year_quarter": 20171,
            "year": 2017,
            "quarter": 1,
            "eps": 0.38,
            "eps_growth_year": -17.39,
            "eps_4q": 1.43,
            "eps_4q_growth_year": -1.32,
            "roe": 2.33,
            "roe_4q": 9.59,
            "gross_profit": 1077924,
            "gross_margin": 26.07,
            "gross_margin_4q_avg": 27.2,
            "net_income": 138939,
            "net_income_4q": null,
            "revenue": 4135353,
            "revenue_4q": null,
            "common_shares": 3703273,
            "book_valuer_per_share": 16.14,
            "book_valuer_per_share_4q_avg": 15.84,
            "equity": 6080516,
            "current_ratio": 151.52,
            "debt_ratio": 60.23,
            "inventory_turnover_ratio": 0.93,
            "account_receivable_turnover_ratio": 1.88,
            "reinvestment_rate": 75.57,
            "research_to_sale_ratio": 0.73,
            "price_fair": 47.6,
            "eps_avg_yearly": 1.36,
            "eps_latest_yearly": 1.52,
            "eps_growth_yearly": 429.2
        },
        "20172": {
            "year_quarter": 20172,
            "year": 2017,
            "quarter": 2,
            "eps": 0.51,
            "eps_growth_year": 24.39,
            "eps_4q": 1.51,
            "eps_4q_growth_year": 0.1,
            "roe": 3.17,
            "roe_4q": 10.120000000000001,
            "gross_profit": 1228966,
            "gross_margin": 28.51,
            "gross_margin_4q_avg": 27.43,
            "net_income": 192432,
            "net_income_4q": null,
            "revenue": 4310625,
            "revenue_4q": null,
            "common_shares": 3843475,
            "book_valuer_per_share": 15.64,
            "book_valuer_per_share_4q_avg": 15.87,
            "equity": 6060275,
            "current_ratio": 138.72,
            "debt_ratio": 60.04,
            "inventory_turnover_ratio": 1,
            "account_receivable_turnover_ratio": 1.91,
            "reinvestment_rate": 63.43,
            "research_to_sale_ratio": 0.8,
            "price_fair": 50.31,
            "eps_avg_yearly": 1.44,
            "eps_latest_yearly": 2.04,
            "eps_growth_yearly": 451.13
        },
        "20173": {
            "year_quarter": 20173,
            "year": 2017,
            "quarter": 3,
            "eps": 0.41,
            "eps_growth_year": 57.69,
            "eps_4q": 1.61,
            "eps_4q_growth_year": -5.46,
            "roe": 2.52,
            "roe_4q": 11,
            "gross_profit": 1231952,
            "gross_margin": 27.82,
            "gross_margin_4q_avg": 27.53,
            "net_income": 158564,
            "net_income_4q": null,
            "revenue": 4427818,
            "revenue_4q": null,
            "common_shares": 4051625,
            "book_valuer_per_share": 15.96,
            "book_valuer_per_share_4q_avg": 15.96,
            "equity": 6512102,
            "current_ratio": 135.67,
            "debt_ratio": 57.51,
            "inventory_turnover_ratio": 1.04,
            "account_receivable_turnover_ratio": 2.02,
            "reinvestment_rate": 53.81,
            "research_to_sale_ratio": 0.79,
            "price_fair": 50.49,
            "eps_avg_yearly": 1.44,
            "eps_latest_yearly": 1.64,
            "eps_growth_yearly": 422.47
        },
        "20174": {
            "year_quarter": 20174,
            "year": 2017,
            "quarter": 4,
            "eps": 0.22,
            "eps_growth_year": -53.27,
            "eps_4q": 1.39,
            "eps_4q_growth_year": -10.44,
            "roe": 1.36,
            "roe_4q": 9.379999999999999,
            "gross_profit": 1175524,
            "gross_margin": 26.65,
            "gross_margin_4q_avg": 27.26,
            "net_income": 89879,
            "net_income_4q": null,
            "revenue": 4410580,
            "revenue_4q": null,
            "common_shares": 4149934,
            "book_valuer_per_share": 15.99,
            "book_valuer_per_share_4q_avg": 15.93,
            "equity": 6682710,
            "current_ratio": 135.32,
            "debt_ratio": 56.16,
            "inventory_turnover_ratio": 1.08,
            "account_receivable_turnover_ratio": 2.04,
            "reinvestment_rate": 50.09,
            "research_to_sale_ratio": 0.87,
            "price_fair": 49.35,
            "eps_avg_yearly": 1.41,
            "eps_latest_yearly": 0.88,
            "eps_growth_yearly": 413.45
        },
        "20181": {
            "year_quarter": 20181,
            "year": 2018,
            "quarter": 1,
            "eps": 0.35,
            "eps_growth_year": -7.89,
            "eps_4q": 1.41,
            "eps_4q_growth_year": -1.77,
            "roe": 2.19,
            "roe_4q": 9.24,
            "gross_profit": 1137072,
            "gross_margin": 26.77,
            "gross_margin_4q_avg": 27.44,
            "net_income": 148539,
            "net_income_4q": null,
            "revenue": 4246916,
            "revenue_4q": null,
            "common_shares": 4172591,
            "book_valuer_per_share": 16.37,
            "book_valuer_per_share_4q_avg": 15.99,
            "equity": 6878340,
            "current_ratio": 137.04,
            "debt_ratio": 56.31,
            "inventory_turnover_ratio": 1.03,
            "account_receivable_turnover_ratio": 1.77,
            "reinvestment_rate": 30.86,
            "research_to_sale_ratio": 0.75,
            "price_fair": 47.08,
            "eps_avg_yearly": 1.35,
            "eps_latest_yearly": 1.4,
            "eps_growth_yearly": 409.65
        },
        "20182": {
            "year_quarter": 20182,
            "year": 2018,
            "quarter": 2,
            "eps": 0.76,
            "eps_growth_year": 49.02,
            "eps_4q": 1.7,
            "eps_4q_growth_year": 12.4,
            "roe": 4.65,
            "roe_4q": 10.719999999999999,
            "gross_profit": 1565819,
            "gross_margin": 30.11,
            "gross_margin_4q_avg": 27.84,
            "net_income": 317932,
            "net_income_4q": null,
            "revenue": 5200229,
            "revenue_4q": null,
            "common_shares": 4197015,
            "book_valuer_per_share": 16.08,
            "book_valuer_per_share_4q_avg": 16.1,
            "equity": 6796872,
            "current_ratio": 136.51,
            "debt_ratio": 55.71,
            "inventory_turnover_ratio": 1.23,
            "account_receivable_turnover_ratio": 2.1,
            "reinvestment_rate": 18.5,
            "research_to_sale_ratio": 0.61,
            "price_fair": 50.58,
            "eps_avg_yearly": 1.45,
            "eps_latest_yearly": 3.04,
            "eps_growth_yearly": 449.19
        },
        "20183": {
            "year_quarter": 20183,
            "year": 2018,
            "quarter": 3,
            "eps": 0.29,
            "eps_growth_year": -29.27,
            "eps_4q": 1.6,
            "eps_4q_growth_year": -0.73,
            "roe": 1.8,
            "roe_4q": 10,
            "gross_profit": 1117455,
            "gross_margin": 24.52,
            "gross_margin_4q_avg": 27.01,
            "net_income": 123006,
            "net_income_4q": null,
            "revenue": 4556633,
            "revenue_4q": null,
            "common_shares": 4204926,
            "book_valuer_per_share": 16.24,
            "book_valuer_per_share_4q_avg": 16.17,
            "equity": 6877512,
            "current_ratio": 132.02,
            "debt_ratio": 54.26,
            "inventory_turnover_ratio": 1.19,
            "account_receivable_turnover_ratio": 2.05,
            "reinvestment_rate": 0.65,
            "research_to_sale_ratio": 0.7,
            "price_fair": 51.1,
            "eps_avg_yearly": 1.46,
            "eps_latest_yearly": 1.16,
            "eps_growth_yearly": 442.75
        },
        "20184": {
            "year_quarter": 20184,
            "year": 2018,
            "quarter": 4,
            "eps": 0.34,
            "eps_growth_year": 58.37,
            "eps_4q": 1.73,
            "eps_4q_growth_year": 24.12,
            "roe": 2.07,
            "roe_4q": 10.709999999999999,
            "gross_profit": 1085112,
            "gross_margin": 26.27,
            "gross_margin_4q_avg": 26.92,
            "net_income": 144360,
            "net_income_4q": null,
            "revenue": 4130309,
            "revenue_4q": null,
            "common_shares": 4204926,
            "book_valuer_per_share": 16.65,
            "book_valuer_per_share_4q_avg": 16.34,
            "equity": 7052104,
            "current_ratio": 134.88,
            "debt_ratio": 52.83,
            "inventory_turnover_ratio": 1.03,
            "account_receivable_turnover_ratio": 1.84,
            "reinvestment_rate": -8.91,
            "research_to_sale_ratio": 0.78,
            "price_fair": 51.36,
            "eps_avg_yearly": 1.47,
            "eps_latest_yearly": 1.36,
            "eps_growth_yearly": 438.37
        },
        "20191": {
            "year_quarter": 20191,
            "year": 2019,
            "quarter": 1,
            "eps": 0.48,
            "eps_growth_year": 37.14,
            "eps_4q": 1.86,
            "eps_4q_growth_year": 32.1,
            "roe": 2.82,
            "roe_4q": 11.34,
            "gross_profit": 1174850,
            "gross_margin": 25.64,
            "gross_margin_4q_avg": 26.64,
            "net_income": 201337,
            "net_income_4q": null,
            "revenue": 4582485,
            "revenue_4q": null,
            "common_shares": 4204926,
            "book_valuer_per_share": 17.1,
            "book_valuer_per_share_4q_avg": 16.52,
            "equity": 7237393,
            "current_ratio": 137.02,
            "debt_ratio": 54.91,
            "inventory_turnover_ratio": 1.19,
            "account_receivable_turnover_ratio": 1.82,
            "reinvestment_rate": -19.6,
            "research_to_sale_ratio": 0.65,
            "price_fair": 55.21,
            "eps_avg_yearly": 1.58,
            "eps_latest_yearly": 1.92,
            "eps_growth_yearly": 470.44
        },
        "20192": {
            "year_quarter": 20192,
            "year": 2019,
            "quarter": 2,
            "eps": 0.48,
            "eps_growth_year": -36.84,
            "eps_4q": 1.58,
            "eps_4q_growth_year": -6.7,
            "roe": 2.88,
            "roe_4q": 9.57,
            "gross_profit": 1136037,
            "gross_margin": 27.3,
            "gross_margin_4q_avg": 25.93,
            "net_income": 203192,
            "net_income_4q": null,
            "revenue": 4160914,
            "revenue_4q": null,
            "common_shares": 4204926,
            "book_valuer_per_share": 16.24,
            "book_valuer_per_share_4q_avg": 16.56,
            "equity": 6871101,
            "current_ratio": 131.3,
            "debt_ratio": 54.67,
            "inventory_turnover_ratio": 1.12,
            "account_receivable_turnover_ratio": 1.78,
            "reinvestment_rate": -28.55,
            "research_to_sale_ratio": 0.74,
            "price_fair": 56.35,
            "eps_avg_yearly": 1.61,
            "eps_latest_yearly": 1.92,
            "eps_growth_yearly": 276.69
        },
        "20193": {
            "year_quarter": 20193,
            "year": 2019,
            "quarter": 3,
            "eps": 0.24,
            "eps_growth_year": -17.24,
            "eps_4q": 1.54,
            "eps_4q_growth_year": -3.86,
            "roe": 1.51,
            "roe_4q": 9.28,
            "gross_profit": 1141851,
            "gross_margin": 26.66,
            "gross_margin_4q_avg": 26.47,
            "net_income": 103986,
            "net_income_4q": null,
            "revenue": 4283339,
            "revenue_4q": null,
            "common_shares": 4204926,
            "book_valuer_per_share": 16.35,
            "book_valuer_per_share_4q_avg": 16.59,
            "equity": 6922705,
            "current_ratio": 119.52,
            "debt_ratio": 53.95,
            "inventory_turnover_ratio": 1.19,
            "account_receivable_turnover_ratio": 2.19,
            "reinvestment_rate": -35.57,
            "research_to_sale_ratio": 0.71,
            "price_fair": 58.01,
            "eps_avg_yearly": 1.66,
            "eps_latest_yearly": 0.96,
            "eps_growth_yearly": 285.61
        },
        "20194": {
            "year_quarter": 20194,
            "year": 2019,
            "quarter": 4,
            "eps": 0.41,
            "eps_growth_year": 19.47,
            "eps_4q": 1.6,
            "eps_4q_growth_year": -7.17,
            "roe": 2.46,
            "roe_4q": 9.67,
            "gross_profit": 1087803,
            "gross_margin": 26.83,
            "gross_margin_4q_avg": 26.61,
            "net_income": 172202,
            "net_income_4q": null,
            "revenue": 4054651,
            "revenue_4q": null,
            "common_shares": 4204926,
            "book_valuer_per_share": 16.72,
            "book_valuer_per_share_4q_avg": 16.6,
            "equity": 7076695,
            "current_ratio": 123.95,
            "debt_ratio": 53.64,
            "inventory_turnover_ratio": 1.1,
            "account_receivable_turnover_ratio": 2.02,
            "reinvestment_rate": -38.4,
            "research_to_sale_ratio": 1.14,
            "price_fair": 56.53,
            "eps_avg_yearly": 1.62,
            "eps_latest_yearly": 1.64,
            "eps_growth_yearly": 38.32
        },
        "20201": {
            "year_quarter": 20201,
            "year": 2020,
            "quarter": 1,
            "eps": 0.05,
            "eps_growth_year": -89.58,
            "eps_4q": 1.18,
            "eps_4q_growth_year": -36.66,
            "roe": 0.35,
            "roe_4q": 7.2,
            "gross_profit": 1211255,
            "gross_margin": 25.84,
            "gross_margin_4q_avg": 26.66,
            "net_income": 23632,
            "net_income_4q": null,
            "revenue": 4686678,
            "revenue_4q": null,
            "common_shares": 4204926,
            "book_valuer_per_share": 15.56,
            "book_valuer_per_share_4q_avg": 16.22,
            "equity": 6592573,
            "current_ratio": 122.27,
            "debt_ratio": 56.59,
            "inventory_turnover_ratio": 1.37,
            "account_receivable_turnover_ratio": 2.18,
            "reinvestment_rate": -36.69,
            "research_to_sale_ratio": 0.91,
            "price_fair": 47.71,
            "eps_avg_yearly": 1.51,
            "eps_latest_yearly": 0.2,
            "eps_growth_yearly": 21.54
        },
        "20202": {
            "year_quarter": 20202,
            "year": 2020,
            "quarter": 2,
            "eps": 0.85,
            "eps_growth_year": 77.08,
            "eps_4q": 1.55,
            "eps_4q_growth_year": -2.29,
            "roe": 5.31,
            "roe_4q": 9.629999999999999,
            "gross_profit": 1264783,
            "gross_margin": 28.67,
            "gross_margin_4q_avg": 27,
            "net_income": 358382,
            "net_income_4q": null,
            "revenue": 4411429,
            "revenue_4q": null,
            "common_shares": 4204926,
            "book_valuer_per_share": 16.32,
            "book_valuer_per_share_4q_avg": 16.24,
            "equity": 6910101,
            "current_ratio": 122.37,
            "debt_ratio": 54.14,
            "inventory_turnover_ratio": 1.29,
            "account_receivable_turnover_ratio": 2.14,
            "reinvestment_rate": -39.07,
            "research_to_sale_ratio": 1.05,
            "price_fair": 56.79,
            "eps_avg_yearly": 1.62,
            "eps_latest_yearly": 3.4,
            "eps_growth_yearly": 424.26
        },
        "20203": {
            "year_quarter": 20203,
            "year": 2020,
            "quarter": 3,
            "eps": 0.51,
            "eps_growth_year": 112.5,
            "eps_4q": 1.82,
            "eps_4q_growth_year": 18.17,
            "roe": 3.09,
            "roe_4q": 11.209999999999997,
            "gross_profit": 1206778,
            "gross_margin": 27.52,
            "gross_margin_4q_avg": 27.22,
            "net_income": 217416,
            "net_income_4q": null,
            "revenue": 4385046,
            "revenue_4q": null,
            "common_shares": 4204926,
            "book_valuer_per_share": 16.92,
            "book_valuer_per_share_4q_avg": 16.38,
            "equity": 7162692,
            "current_ratio": 116.76,
            "debt_ratio": 51.73,
            "inventory_turnover_ratio": 1.23,
            "account_receivable_turnover_ratio": 2.32,
            "reinvestment_rate": -37.47,
            "research_to_sale_ratio": 1.01,
            "price_fair": 58.98,
            "eps_avg_yearly": 1.69,
            "eps_latest_yearly": 2.04,
            "eps_growth_yearly": 423.41
        },
        "20204": {
            "year_quarter": 20204,
            "year": 2020,
            "quarter": 4,
            "eps": 0.29,
            "eps_growth_year": -28.47,
            "eps_4q": 1.7,
            "eps_4q_growth_year": 6.04,
            "roe": 1.71,
            "roe_4q": 10.459999999999999,
            "gross_profit": 1021491,
            "gross_margin": 25.53,
            "gross_margin_4q_avg": 26.89,
            "net_income": 122089,
            "net_income_4q": null,
            "revenue": 4001248,
            "revenue_4q": null,
            "common_shares": 4204926,
            "book_valuer_per_share": 16.79,
            "book_valuer_per_share_4q_avg": 16.4,
            "equity": 7107429,
            "current_ratio": 129.1,
            "debt_ratio": 52.48,
            "inventory_turnover_ratio": 1.11,
            "account_receivable_turnover_ratio": 2.18,
            "reinvestment_rate": -39.25,
            "research_to_sale_ratio": 1.27,
            "price_fair": 57.49,
            "eps_avg_yearly": 1.64,
            "eps_latest_yearly": 1.16,
            "eps_growth_yearly": 393.39
        },
        "20211": {
            "year_quarter": 20211,
            "year": 2021,
            "quarter": 1,
            "eps": 0.6,
            "eps_growth_year": 1100,
            "eps_4q": 2.25,
            "eps_4q_growth_year": 91.39,
            "roe": 3.67,
            "roe_4q": 13.779999999999998,
            "gross_profit": 1315160,
            "gross_margin": 27.23,
            "gross_margin_4q_avg": 27.24,
            "net_income": 255242,
            "net_income_4q": null,
            "revenue": 4829050,
            "revenue_4q": null,
            "common_shares": 4204926,
            "book_valuer_per_share": 16.06,
            "book_valuer_per_share_4q_avg": 16.52,
            "equity": 6804117,
            "current_ratio": 122.79,
            "debt_ratio": 54.46,
            "inventory_turnover_ratio": 1.35,
            "account_receivable_turnover_ratio": 2.33,
            "reinvestment_rate": -34.83,
            "research_to_sale_ratio": 0.91,
            "price_fair": 59.41,
            "eps_avg_yearly": 1.7,
            "eps_latest_yearly": 2.4,
            "eps_growth_yearly": 424.46
        },
        "20212": {
            "year_quarter": 20212,
            "year": 2021,
            "quarter": 2,
            "eps": 0.51,
            "eps_growth_year": -40,
            "eps_4q": 1.92,
            "eps_4q_growth_year": 23.8,
            "roe": 3.19,
            "roe_4q": 11.66,
            "gross_profit": 1316273,
            "gross_margin": 27.84,
            "gross_margin_4q_avg": 27.03,
            "net_income": 220489,
            "net_income_4q": null,
            "revenue": 4728375,
            "revenue_4q": null,
            "common_shares": 4204926,
            "book_valuer_per_share": 16.6,
            "book_valuer_per_share_4q_avg": 16.59,
            "equity": 7029430,
            "current_ratio": 132.81,
            "debt_ratio": 52.1,
            "inventory_turnover_ratio": 1.4,
            "account_receivable_turnover_ratio": 2.12,
            "reinvestment_rate": -38.66,
            "research_to_sale_ratio": 0.99,
            "price_fair": 59.41,
            "eps_avg_yearly": 1.7,
            "eps_latest_yearly": 2.04,
            "eps_growth_yearly": 412.16
        },
        "20213": {
            "year_quarter": 20213,
            "year": 2021,
            "quarter": 3,
            "eps": 0.62,
            "eps_growth_year": 21.57,
            "eps_4q": 2.02,
            "eps_4q_growth_year": 11.38,
            "roe": 3.69,
            "roe_4q": 12.260000000000002,
            "gross_profit": 1313801,
            "gross_margin": 28.5,
            "gross_margin_4q_avg": 27.28,
            "net_income": 263841,
            "net_income_4q": null,
            "revenue": 4609609,
            "revenue_4q": null,
            "common_shares": 4204926,
            "book_valuer_per_share": 17.19,
            "book_valuer_per_share_4q_avg": 16.66,
            "equity": 7284415,
            "current_ratio": 137.77,
            "debt_ratio": 50.7,
            "inventory_turnover_ratio": 1.38,
            "account_receivable_turnover_ratio": 2.3,
            "reinvestment_rate": -41.02,
            "research_to_sale_ratio": 0.97,
            "price_fair": 61.25,
            "eps_avg_yearly": 1.75,
            "eps_latest_yearly": 2.48,
            "eps_growth_yearly": 422.46
        },
        "20214": {
            "year_quarter": 20214,
            "year": 2021,
            "quarter": 4,
            "eps": 0.46,
            "eps_growth_year": 56.65,
            "eps_4q": 2.19,
            "eps_4q_growth_year": 28.69,
            "roe": 2.57,
            "roe_4q": 13.12,
            "gross_profit": 1269653,
            "gross_margin": 28.35,
            "gross_margin_4q_avg": 27.98,
            "net_income": 190000,
            "net_income_4q": null,
            "revenue": 4478841,
            "revenue_4q": null,
            "common_shares": 4204926,
            "book_valuer_per_share": 17.72,
            "book_valuer_per_share_4q_avg": 16.89,
            "equity": 7506085,
            "current_ratio": 128.69,
            "debt_ratio": 53.12,
            "inventory_turnover_ratio": 1.15,
            "account_receivable_turnover_ratio": 2.08,
            "reinvestment_rate": -40.96,
            "research_to_sale_ratio": 1.1,
            "price_fair": 63.35,
            "eps_avg_yearly": 1.81,
            "eps_latest_yearly": 1.84,
            "eps_growth_yearly": 427.59
        },
        "20221": {
            "year_quarter": 20221,
            "year": 2022,
            "quarter": 1,
            "eps": 1.13,
            "eps_growth_year": 88.33,
            "eps_4q": 2.72,
            "eps_4q_growth_year": 20.74,
            "roe": 6.45,
            "roe_4q": 15.899999999999999,
            "gross_profit": 1668509,
            "gross_margin": 27.47,
            "gross_margin_4q_avg": 28.04,
            "net_income": 478345,
            "net_income_4q": null,
            "revenue": 6073233,
            "revenue_4q": null,
            "common_shares": 4204926,
            "book_valuer_per_share": 17.27,
            "book_valuer_per_share_4q_avg": 17.2,
            "equity": 7318725,
            "current_ratio": 123.46,
            "debt_ratio": 56.52,
            "inventory_turnover_ratio": 1.34,
            "account_receivable_turnover_ratio": 2.17,
            "reinvestment_rate": -34.56,
            "research_to_sale_ratio": 0.82,
            "price_fair": 70.18,
            "eps_avg_yearly": 2.01,
            "eps_latest_yearly": 4.52,
            "eps_growth_yearly": 449.23
        },
        "20222": {
            "year_quarter": 20222,
            "year": 2022,
            "quarter": 2,
            "eps": 0.98,
            "eps_growth_year": 92.16,
            "eps_4q": 3.19,
            "eps_4q_growth_year": 66.27,
            "roe": 5.52,
            "roe_4q": 18.23,
            "gross_profit": 1685354,
            "gross_margin": 27.66,
            "gross_margin_4q_avg": 28,
            "net_income": 413805,
            "net_income_4q": null,
            "revenue": 6092325,
            "revenue_4q": null,
            "common_shares": 4204926,
            "book_valuer_per_share": 18.15,
            "book_valuer_per_share_4q_avg": 17.58,
            "equity": 7683649,
            "current_ratio": 131.74,
            "debt_ratio": 55.72,
            "inventory_turnover_ratio": 1.37,
            "account_receivable_turnover_ratio": 1.81,
            "reinvestment_rate": -31.07,
            "research_to_sale_ratio": 0.71,
            "price_fair": 72.1,
            "eps_avg_yearly": 2.06,
            "eps_latest_yearly": 3.92,
            "eps_growth_yearly": 416.63
        },
        "20223": {
            "year_quarter": 20223,
            "year": 2022,
            "quarter": 3,
            "eps": 1.26,
            "eps_growth_year": 103.23,
            "eps_4q": 3.83,
            "eps_4q_growth_year": 89.03,
            "roe": 6.68,
            "roe_4q": 21.22,
            "gross_profit": 1742463,
            "gross_margin": 29.8,
            "gross_margin_4q_avg": 28.32,
            "net_income": 532002,
            "net_income_4q": null,
            "revenue": 5847310,
            "revenue_4q": null,
            "common_shares": 4204926,
            "book_valuer_per_share": 19.47,
            "book_valuer_per_share_4q_avg": 18.15,
            "equity": 8241033,
            "current_ratio": 147.05,
            "debt_ratio": 52.37,
            "inventory_turnover_ratio": 1.27,
            "account_receivable_turnover_ratio": 1.66,
            "reinvestment_rate": -41.52,
            "research_to_sale_ratio": 0.99,
            "price_fair": 80.59,
            "eps_avg_yearly": 2.3,
            "eps_latest_yearly": 5.04,
            "eps_growth_yearly": 439.23
        },
        "20224": {
            "year_quarter": 20224,
            "year": 2022,
            "quarter": 4,
            "eps": 0.55,
            "eps_growth_year": 21.3,
            "eps_4q": 3.92,
            "eps_4q_growth_year": 79.21,
            "roe": 2.74,
            "roe_4q": 21.39,
            "gross_profit": 1399040,
            "gross_margin": 27.81,
            "gross_margin_4q_avg": 28.19,
            "net_income": 231173,
            "net_income_4q": null,
            "revenue": 5030008,
            "revenue_4q": null,
            "common_shares": 4204926,
            "book_valuer_per_share": 20.45,
            "book_valuer_per_share_4q_avg": 18.84,
            "equity": 8654676,
            "current_ratio": 153.91,
            "debt_ratio": 47.7,
            "inventory_turnover_ratio": 1.08,
            "account_receivable_turnover_ratio": 1.45,
            "reinvestment_rate": -41.35,
            "research_to_sale_ratio": 1.45,
            "price_fair": 82.43,
            "eps_avg_yearly": 2.36,
            "eps_latest_yearly": 2.2,
            "eps_growth_yearly": 420.83
        },
        "20231": {
            "year_quarter": 20231,
            "year": 2023,
            "quarter": 1,
            "eps": 0.76,
            "eps_growth_year": -32.74,
            "eps_4q": 3.55,
            "eps_4q_growth_year": 30.64,
            "roe": 3.92,
            "roe_4q": 18.86,
            "gross_profit": 1418575,
            "gross_margin": 27.69,
            "gross_margin_4q_avg": 28.24,
            "net_income": 322497,
            "net_income_4q": null,
            "revenue": 5123414,
            "revenue_4q": null,
            "common_shares": 4204926,
            "book_valuer_per_share": 18.42,
            "book_valuer_per_share_4q_avg": 19.12,
            "equity": 7804011,
            "current_ratio": 137.88,
            "debt_ratio": 51.38,
            "inventory_turnover_ratio": 1.15,
            "account_receivable_turnover_ratio": 1.55,
            "reinvestment_rate": -38.86,
            "research_to_sale_ratio": 0.95,
            "price_fair": 84.88,
            "eps_avg_yearly": 2.43,
            "eps_latest_yearly": 3.04,
            "eps_growth_yearly": 420.08
        },
        "20232": {
            "year_quarter": 20232,
            "year": 2023,
            "quarter": 2,
            "eps": 0.67,
            "eps_growth_year": -31.63,
            "eps_4q": 3.24,
            "eps_4q_growth_year": 1.68,
            "roe": 3.53,
            "roe_4q": 16.869999999999997,
            "gross_profit": 1296229,
            "gross_margin": 28.32,
            "gross_margin_4q_avg": 28.41,
            "net_income": 280427,
            "net_income_4q": null,
            "revenue": 4576336,
            "revenue_4q": null,
            "common_shares": 4204926,
            "book_valuer_per_share": 19.05,
            "book_valuer_per_share_4q_avg": 19.35,
            "equity": 8064500,
            "current_ratio": 151.88,
            "debt_ratio": 46.79,
            "inventory_turnover_ratio": 1.11,
            "account_receivable_turnover_ratio": 1.64,
            "reinvestment_rate": -37.13,
            "research_to_sale_ratio": 1.05,
            "price_fair": 86.54,
            "eps_avg_yearly": 2.47,
            "eps_latest_yearly": 2.68,
            "eps_growth_yearly": 417.12
        }
    },
    "months": {
        "2001-06": {
            "month": "2001-06",
            "price": "6.48",
            "revenue": 503076
        },
        "2001-07": {
            "month": "2001-07",
            "price": "4.82",
            "revenue": 479924
        },
        "2001-08": {
            "month": "2001-08",
            "price": "4.74",
            "revenue": 612181
        },
        "2001-09": {
            "month": "2001-09",
            "price": "4.24",
            "revenue": 621984
        },
        "2001-10": {
            "month": "2001-10",
            "price": "3.86",
            "revenue": 551450
        },
        "2001-11": {
            "month": "2001-11",
            "price": "4.06",
            "revenue": 449753
        },
        "2001-12": {
            "month": "2001-12",
            "price": "4.23",
            "revenue": 497694
        },
        "2002-01": {
            "month": "2002-01",
            "price": "4.57",
            "revenue": 460449
        },
        "2002-02": {
            "month": "2002-02",
            "price": "6.43",
            "revenue": 503181
        },
        "2002-03": {
            "month": "2002-03",
            "price": "6.76",
            "revenue": 607098
        },
        "2002-04": {
            "month": "2002-04",
            "price": "7.03",
            "revenue": 637996
        },
        "2002-05": {
            "month": "2002-05",
            "price": "6.29",
            "revenue": 646258
        },
        "2002-06": {
            "month": "2002-06",
            "price": "6.05",
            "revenue": 544495
        },
        "2002-07": {
            "month": "2002-07",
            "price": "5.69",
            "revenue": 569375
        },
        "2002-08": {
            "month": "2002-08",
            "price": "5.12",
            "revenue": 669177
        },
        "2002-09": {
            "month": "2002-09",
            "price": "4.09",
            "revenue": 700767
        },
        "2002-10": {
            "month": "2002-10",
            "price": "4.13",
            "revenue": 575891
        },
        "2002-11": {
            "month": "2002-11",
            "price": "4.80",
            "revenue": 503882
        },
        "2002-12": {
            "month": "2002-12",
            "price": "5.44",
            "revenue": 544427
        },
        "2003-01": {
            "month": "2003-01",
            "price": "6.44",
            "revenue": 578708
        },
        "2003-02": {
            "month": "2003-02",
            "price": "6.06",
            "revenue": 533471
        },
        "2003-03": {
            "month": "2003-03",
            "price": "5.79",
            "revenue": 699001
        },
        "2003-04": {
            "month": "2003-04",
            "price": "5.68",
            "revenue": 748460
        },
        "2003-05": {
            "month": "2003-05",
            "price": "5.47",
            "revenue": 772777
        },
        "2003-06": {
            "month": "2003-06",
            "price": "6.48",
            "revenue": 691340
        },
        "2003-07": {
            "month": "2003-07",
            "price": "6.97",
            "revenue": 659544
        },
        "2003-08": {
            "month": "2003-08",
            "price": "6.83",
            "revenue": 754813
        },
        "2003-09": {
            "month": "2003-09",
            "price": "7.12",
            "revenue": 770922
        },
        "2003-10": {
            "month": "2003-10",
            "price": "7.78",
            "revenue": 669746
        },
        "2003-11": {
            "month": "2003-11",
            "price": "8.19",
            "revenue": 594913
        },
        "2003-12": {
            "month": "2003-12",
            "price": "7.89",
            "revenue": 599839
        },
        "2004-01": {
            "month": "2004-01",
            "price": "8.16",
            "revenue": 670662
        },
        "2004-02": {
            "month": "2004-02",
            "price": "10.86",
            "revenue": 575795
        },
        "2004-03": {
            "month": "2004-03",
            "price": "11.42",
            "revenue": 753507
        },
        "2004-04": {
            "month": "2004-04",
            "price": "10.39",
            "revenue": 758971
        },
        "2004-05": {
            "month": "2004-05",
            "price": "8.38",
            "revenue": 800975
        },
        "2004-06": {
            "month": "2004-06",
            "price": "8.09",
            "revenue": 732994
        },
        "2004-07": {
            "month": "2004-07",
            "price": "7.59",
            "revenue": 728049
        },
        "2004-08": {
            "month": "2004-08",
            "price": "6.98",
            "revenue": 825170
        },
        "2004-09": {
            "month": "2004-09",
            "price": "7.62",
            "revenue": 837455
        },
        "2004-10": {
            "month": "2004-10",
            "price": "7.76",
            "revenue": 689073
        },
        "2004-11": {
            "month": "2004-11",
            "price": "7.65",
            "revenue": 820290
        },
        "2004-12": {
            "month": "2004-12",
            "price": "7.78",
            "revenue": 708874
        },
        "2005-01": {
            "month": "2005-01",
            "price": "8.06",
            "revenue": 721504
        },
        "2005-02": {
            "month": "2005-02",
            "price": "7.92",
            "revenue": 733123
        },
        "2005-03": {
            "month": "2005-03",
            "price": "8.00",
            "revenue": 768393
        },
        "2005-04": {
            "month": "2005-04",
            "price": "7.29",
            "revenue": 790101
        },
        "2005-05": {
            "month": "2005-05",
            "price": "6.86",
            "revenue": 794330
        },
        "2005-06": {
            "month": "2005-06",
            "price": "6.93",
            "revenue": 682533
        },
        "2005-07": {
            "month": "2005-07",
            "price": "6.72",
            "revenue": 711370
        },
        "2005-08": {
            "month": "2005-08",
            "price": "5.92",
            "revenue": 770086
        },
        "2005-09": {
            "month": "2005-09",
            "price": "5.52",
            "revenue": 757472
        },
        "2005-10": {
            "month": "2005-10",
            "price": "5.46",
            "revenue": 738951
        },
        "2005-11": {
            "month": "2005-11",
            "price": "5.25",
            "revenue": 697237
        },
        "2005-12": {
            "month": "2005-12",
            "price": "5.82",
            "revenue": 696149
        },
        "2006-01": {
            "month": "2006-01",
            "price": "5.81",
            "revenue": 836909
        },
        "2006-02": {
            "month": "2006-02",
            "price": "5.63",
            "revenue": 640028
        },
        "2006-03": {
            "month": "2006-03",
            "price": "5.17",
            "revenue": 770732
        },
        "2006-04": {
            "month": "2006-04",
            "price": "5.54",
            "revenue": 765872
        },
        "2006-05": {
            "month": "2006-05",
            "price": "6.97",
            "revenue": 793344
        },
        "2006-06": {
            "month": "2006-06",
            "price": "6.14",
            "revenue": 747053
        },
        "2006-07": {
            "month": "2006-07",
            "price": "6.07",
            "revenue": 680690
        },
        "2006-08": {
            "month": "2006-08",
            "price": "5.90",
            "revenue": 849161
        },
        "2006-09": {
            "month": "2006-09",
            "price": "5.83",
            "revenue": 913120
        },
        "2006-10": {
            "month": "2006-10",
            "price": "6.82",
            "revenue": 829472
        },
        "2006-11": {
            "month": "2006-11",
            "price": "7.87",
            "revenue": 705671
        },
        "2006-12": {
            "month": "2006-12",
            "price": "10.03",
            "revenue": 766752
        },
        "2007-01": {
            "month": "2007-01",
            "price": "10.23",
            "revenue": 749048
        },
        "2007-02": {
            "month": "2007-02",
            "price": "10.11",
            "revenue": 764849
        },
        "2007-03": {
            "month": "2007-03",
            "price": "9.92",
            "revenue": 881691
        },
        "2007-04": {
            "month": "2007-04",
            "price": "10.54",
            "revenue": 862035
        },
        "2007-05": {
            "month": "2007-05",
            "price": "10.45",
            "revenue": 879727
        },
        "2007-06": {
            "month": "2007-06",
            "price": "11.11",
            "revenue": 832716
        },
        "2007-07": {
            "month": "2007-07",
            "price": "13.57",
            "revenue": 823203
        },
        "2007-08": {
            "month": "2007-08",
            "price": "11.03",
            "revenue": 941552
        },
        "2007-09": {
            "month": "2007-09",
            "price": "12.13",
            "revenue": 905200
        },
        "2007-10": {
            "month": "2007-10",
            "price": "11.73",
            "revenue": 910943
        },
        "2007-11": {
            "month": "2007-11",
            "price": "10.03",
            "revenue": 792436
        },
        "2007-12": {
            "month": "2007-12",
            "price": "8.85",
            "revenue": 840270
        },
        "2008-01": {
            "month": "2008-01",
            "price": "9.43",
            "revenue": 1001277
        },
        "2008-02": {
            "month": "2008-02",
            "price": "10.65",
            "revenue": 948501
        },
        "2008-03": {
            "month": "2008-03",
            "price": "11.95",
            "revenue": 1008034
        },
        "2008-04": {
            "month": "2008-04",
            "price": "15.15",
            "revenue": 1059534
        },
        "2008-05": {
            "month": "2008-05",
            "price": "18.97",
            "revenue": 1140279
        },
        "2008-06": {
            "month": "2008-06",
            "price": "17.28",
            "revenue": 1100722
        },
        "2008-07": {
            "month": "2008-07",
            "price": "14.32",
            "revenue": 1145819
        },
        "2008-08": {
            "month": "2008-08",
            "price": "11.18",
            "revenue": 1182219
        },
        "2008-09": {
            "month": "2008-09",
            "price": "10.30",
            "revenue": 1173307
        },
        "2008-10": {
            "month": "2008-10",
            "price": "9.28",
            "revenue": 654636
        },
        "2008-11": {
            "month": "2008-11",
            "price": "8.68",
            "revenue": 504775
        },
        "2008-12": {
            "month": "2008-12",
            "price": "8.53",
            "revenue": 591921
        },
        "2009-01": {
            "month": "2009-01",
            "price": "8.41",
            "revenue": 588637
        },
        "2009-02": {
            "month": "2009-02",
            "price": "8.57",
            "revenue": 496757
        },
        "2009-03": {
            "month": "2009-03",
            "price": "9.84",
            "revenue": 596460
        },
        "2009-04": {
            "month": "2009-04",
            "price": "14.60",
            "revenue": 584039
        },
        "2009-05": {
            "month": "2009-05",
            "price": "15.38",
            "revenue": 493781
        },
        "2009-06": {
            "month": "2009-06",
            "price": "15.15",
            "revenue": 493150
        },
        "2009-07": {
            "month": "2009-07",
            "price": "14.78",
            "revenue": 515572
        },
        "2009-08": {
            "month": "2009-08",
            "price": "13.47",
            "revenue": 526531
        },
        "2009-09": {
            "month": "2009-09",
            "price": "13.29",
            "revenue": 737118
        },
        "2009-10": {
            "month": "2009-10",
            "price": "13.81",
            "revenue": 667460
        },
        "2009-11": {
            "month": "2009-11",
            "price": "13.57",
            "revenue": 506870
        },
        "2009-12": {
            "month": "2009-12",
            "price": "14.29",
            "revenue": 484143
        },
        "2010-01": {
            "month": "2010-01",
            "price": "14.33",
            "revenue": 557479
        },
        "2010-02": {
            "month": "2010-02",
            "price": "12.86",
            "revenue": 420889
        },
        "2010-03": {
            "month": "2010-03",
            "price": "14.00",
            "revenue": 588995
        },
        "2010-04": {
            "month": "2010-04",
            "price": "14.09",
            "revenue": 478551
        },
        "2010-05": {
            "month": "2010-05",
            "price": "13.05",
            "revenue": 580930
        },
        "2010-06": {
            "month": "2010-06",
            "price": "12.95",
            "revenue": 572616
        },
        "2010-07": {
            "month": "2010-07",
            "price": "13.38",
            "revenue": 546298
        },
        "2010-08": {
            "month": "2010-08",
            "price": "14.84",
            "revenue": 612018
        },
        "2010-09": {
            "month": "2010-09",
            "price": "14.18",
            "revenue": 590836
        },
        "2010-10": {
            "month": "2010-10",
            "price": "14.49",
            "revenue": 606180
        },
        "2010-11": {
            "month": "2010-11",
            "price": "13.92",
            "revenue": 509921
        },
        "2010-12": {
            "month": "2010-12",
            "price": "14.30",
            "revenue": 582086
        },
        "2011-01": {
            "month": "2011-01",
            "price": "14.47",
            "revenue": 539976
        },
        "2011-02": {
            "month": "2011-02",
            "price": "14.09",
            "revenue": 447780
        },
        "2011-03": {
            "month": "2011-03",
            "price": "13.40",
            "revenue": 675896
        },
        "2011-04": {
            "month": "2011-04",
            "price": "13.87",
            "revenue": 587659
        },
        "2011-05": {
            "month": "2011-05",
            "price": "14.01",
            "revenue": 695239
        },
        "2011-06": {
            "month": "2011-06",
            "price": "13.89",
            "revenue": 630381
        },
        "2011-07": {
            "month": "2011-07",
            "price": "13.60",
            "revenue": 597116
        },
        "2011-08": {
            "month": "2011-08",
            "price": "12.48",
            "revenue": 685390
        },
        "2011-09": {
            "month": "2011-09",
            "price": "11.46",
            "revenue": 716515
        },
        "2011-10": {
            "month": "2011-10",
            "price": "11.08",
            "revenue": 645654
        },
        "2011-11": {
            "month": "2011-11",
            "price": "11.90",
            "revenue": 502421
        },
        "2011-12": {
            "month": "2011-12",
            "price": "11.98",
            "revenue": 546981
        },
        "2012-01": {
            "month": "2012-01",
            "price": "12.02",
            "revenue": 468336
        },
        "2012-02": {
            "month": "2012-02",
            "price": "12.79",
            "revenue": 498464
        },
        "2012-03": {
            "month": "2012-03",
            "price": "13.45",
            "revenue": 771236
        },
        "2012-04": {
            "month": "2012-04",
            "price": "13.34",
            "revenue": 675466
        },
        "2012-05": {
            "month": "2012-05",
            "price": "12.92",
            "revenue": 720894
        },
        "2012-06": {
            "month": "2012-06",
            "price": "12.91",
            "revenue": 807500
        },
        "2012-07": {
            "month": "2012-07",
            "price": "13.40",
            "revenue": 606515
        },
        "2012-08": {
            "month": "2012-08",
            "price": "14.10",
            "revenue": 785194
        },
        "2012-09": {
            "month": "2012-09",
            "price": "13.93",
            "revenue": 845560
        },
        "2012-10": {
            "month": "2012-10",
            "price": "13.46",
            "revenue": 792122
        },
        "2012-11": {
            "month": "2012-11",
            "price": "13.10",
            "revenue": 617820
        },
        "2012-12": {
            "month": "2012-12",
            "price": "13.95",
            "revenue": 685927
        },
        "2013-01": {
            "month": "2013-01",
            "price": "14.13",
            "revenue": 1401202
        },
        "2013-02": {
            "month": "2013-02",
            "price": "14.27",
            "revenue": 1093611
        },
        "2013-03": {
            "month": "2013-03",
            "price": "14.48",
            "revenue": 1290237
        },
        "2013-04": {
            "month": "2013-04",
            "price": "14.48",
            "revenue": 1303118
        },
        "2013-05": {
            "month": "2013-05",
            "price": "15.00",
            "revenue": 1299662
        },
        "2013-06": {
            "month": "2013-06",
            "price": "14.89",
            "revenue": 1160754
        },
        "2013-07": {
            "month": "2013-07",
            "price": "15.45",
            "revenue": 1184233
        },
        "2013-08": {
            "month": "2013-08",
            "price": "14.99",
            "revenue": 1477888
        },
        "2013-09": {
            "month": "2013-09",
            "price": "14.76",
            "revenue": 1521290
        },
        "2013-10": {
            "month": "2013-10",
            "price": "16.42",
            "revenue": 1429398
        },
        "2013-11": {
            "month": "2013-11",
            "price": "16.48",
            "revenue": 1212550
        },
        "2013-12": {
            "month": "2013-12",
            "price": "16.88",
            "revenue": 1346645
        },
        "2014-01": {
            "month": "2014-01",
            "price": "16.68",
            "revenue": 1481838
        },
        "2014-02": {
            "month": "2014-02",
            "price": "16.44",
            "revenue": 1205602
        },
        "2014-03": {
            "month": "2014-03",
            "price": "16.50",
            "revenue": 1655788
        },
        "2014-04": {
            "month": "2014-04",
            "price": "17.42",
            "revenue": 1547182
        },
        "2014-05": {
            "month": "2014-05",
            "price": "18.20",
            "revenue": 1479031
        },
        "2014-06": {
            "month": "2014-06",
            "price": "18.69",
            "revenue": 1449762
        },
        "2014-07": {
            "month": "2014-07",
            "price": "18.25",
            "revenue": 1326715
        },
        "2014-08": {
            "month": "2014-08",
            "price": "17.51",
            "revenue": 1379908
        },
        "2014-09": {
            "month": "2014-09",
            "price": "17.48",
            "revenue": 1618040
        },
        "2014-10": {
            "month": "2014-10",
            "price": "16.72",
            "revenue": 1447640
        },
        "2014-11": {
            "month": "2014-11",
            "price": "16.14",
            "revenue": 1245602
        },
        "2014-12": {
            "month": "2014-12",
            "price": "15.99",
            "revenue": 1450576
        },
        "2015-01": {
            "month": "2015-01",
            "price": "16.58",
            "revenue": 1342136
        },
        "2015-02": {
            "month": "2015-02",
            "price": "16.83",
            "revenue": 1450831
        },
        "2015-03": {
            "month": "2015-03",
            "price": "16.94",
            "revenue": 1918130
        },
        "2015-04": {
            "month": "2015-04",
            "price": "17.35",
            "revenue": 1429134
        },
        "2015-05": {
            "month": "2015-05",
            "price": "16.46",
            "revenue": 1503291
        },
        "2015-06": {
            "month": "2015-06",
            "price": "15.56",
            "revenue": 1522774
        },
        "2015-07": {
            "month": "2015-07",
            "price": "15.13",
            "revenue": 1313145
        },
        "2015-08": {
            "month": "2015-08",
            "price": "13.67",
            "revenue": 1492832
        },
        "2015-09": {
            "month": "2015-09",
            "price": "13.71",
            "revenue": 1489859
        },
        "2015-10": {
            "month": "2015-10",
            "price": "14.16",
            "revenue": 1436896
        },
        "2015-11": {
            "month": "2015-11",
            "price": "14.11",
            "revenue": 1244444
        },
        "2015-12": {
            "month": "2015-12",
            "price": "13.47",
            "revenue": 1588409
        },
        "2016-01": {
            "month": "2016-01",
            "price": "12.69",
            "revenue": 1275446
        },
        "2016-02": {
            "month": "2016-02",
            "price": "13.02",
            "revenue": 1244129
        },
        "2016-03": {
            "month": "2016-03",
            "price": "14.26",
            "revenue": 1681254
        },
        "2016-04": {
            "month": "2016-04",
            "price": "14.24",
            "revenue": 1480147
        },
        "2016-05": {
            "month": "2016-05",
            "price": "14.03",
            "revenue": 1371014
        },
        "2016-06": {
            "month": "2016-06",
            "price": "14.01",
            "revenue": 1279772
        },
        "2016-07": {
            "month": "2016-07",
            "price": "14.36",
            "revenue": 1229491
        },
        "2016-08": {
            "month": "2016-08",
            "price": "14.80",
            "revenue": 1380845
        },
        "2016-09": {
            "month": "2016-09",
            "price": "15.27",
            "revenue": 1414497
        },
        "2016-10": {
            "month": "2016-10",
            "price": "15.33",
            "revenue": 1397012
        },
        "2016-11": {
            "month": "2016-11",
            "price": "15.24",
            "revenue": 1237783
        },
        "2016-12": {
            "month": "2016-12",
            "price": "15.32",
            "revenue": 1297730
        },
        "2017-01": {
            "month": "2017-01",
            "price": "15.34",
            "revenue": 1267893
        },
        "2017-02": {
            "month": "2017-02",
            "price": "16.04",
            "revenue": 1197870
        },
        "2017-03": {
            "month": "2017-03",
            "price": "16.41",
            "revenue": 1669590
        },
        "2017-04": {
            "month": "2017-04",
            "price": "15.96",
            "revenue": 1386699
        },
        "2017-05": {
            "month": "2017-05",
            "price": "15.83",
            "revenue": 1430144
        },
        "2017-06": {
            "month": "2017-06",
            "price": "15.92",
            "revenue": 1493782
        },
        "2017-07": {
            "month": "2017-07",
            "price": "15.61",
            "revenue": 1327487
        },
        "2017-08": {
            "month": "2017-08",
            "price": "15.45",
            "revenue": 1469250
        },
        "2017-09": {
            "month": "2017-09",
            "price": "16.58",
            "revenue": 1631081
        },
        "2017-10": {
            "month": "2017-10",
            "price": "17.89",
            "revenue": 1616239
        },
        "2017-11": {
            "month": "2017-11",
            "price": "17.74",
            "revenue": 1390104
        },
        "2017-12": {
            "month": "2017-12",
            "price": "16.93",
            "revenue": 1404237
        },
        "2018-01": {
            "month": "2018-01",
            "price": "16.98",
            "revenue": 1349423
        },
        "2018-02": {
            "month": "2018-02",
            "price": "16.47",
            "revenue": 1204726
        },
        "2018-03": {
            "month": "2018-03",
            "price": "17.06",
            "revenue": 1692767
        },
        "2018-04": {
            "month": "2018-04",
            "price": "17.12",
            "revenue": 1633851
        },
        "2018-05": {
            "month": "2018-05",
            "price": "17.15",
            "revenue": 2091634
        },
        "2018-06": {
            "month": "2018-06",
            "price": "17.34",
            "revenue": 1474744
        },
        "2018-07": {
            "month": "2018-07",
            "price": "17.18",
            "revenue": 1357208
        },
        "2018-08": {
            "month": "2018-08",
            "price": "17.13",
            "revenue": 1580816
        },
        "2018-09": {
            "month": "2018-09",
            "price": "17.19",
            "revenue": 1618609
        },
        "2018-10": {
            "month": "2018-10",
            "price": "16.97",
            "revenue": 1517188
        },
        "2018-11": {
            "month": "2018-11",
            "price": "16.84",
            "revenue": 1317015
        },
        "2018-12": {
            "month": "2018-12",
            "price": "16.71",
            "revenue": 1296106
        },
        "2019-01": {
            "month": "2019-01",
            "price": "16.76",
            "revenue": 1516151
        },
        "2019-02": {
            "month": "2019-02",
            "price": "17.10",
            "revenue": 1318376
        },
        "2019-03": {
            "month": "2019-03",
            "price": "17.52",
            "revenue": 1747958
        },
        "2019-04": {
            "month": "2019-04",
            "price": "18.38",
            "revenue": 1465595
        },
        "2019-05": {
            "month": "2019-05",
            "price": "19.71",
            "revenue": 1444168
        },
        "2019-06": {
            "month": "2019-06",
            "price": "21.13",
            "revenue": 1251152
        },
        "2019-07": {
            "month": "2019-07",
            "price": "19.43",
            "revenue": 1277883
        },
        "2019-08": {
            "month": "2019-08",
            "price": "18.59",
            "revenue": 1441985
        },
        "2019-09": {
            "month": "2019-09",
            "price": "18.80",
            "revenue": 1563470
        },
        "2019-10": {
            "month": "2019-10",
            "price": "18.72",
            "revenue": 1361685
        },
        "2019-11": {
            "month": "2019-11",
            "price": "18.84",
            "revenue": 1262765
        },
        "2019-12": {
            "month": "2019-12",
            "price": "18.81",
            "revenue": 1430201
        },
        "2020-01": {
            "month": "2020-01",
            "price": "19.12",
            "revenue": 1528330
        },
        "2020-02": {
            "month": "2020-02",
            "price": "19.27",
            "revenue": 1390626
        },
        "2020-03": {
            "month": "2020-03",
            "price": "18.20",
            "revenue": 1767722
        },
        "2020-04": {
            "month": "2020-04",
            "price": "18.59",
            "revenue": 1550126
        },
        "2020-05": {
            "month": "2020-05",
            "price": "18.29",
            "revenue": 1472936
        },
        "2020-06": {
            "month": "2020-06",
            "price": "18.30",
            "revenue": 1388367
        },
        "2020-07": {
            "month": "2020-07",
            "price": "18.81",
            "revenue": 1457145
        },
        "2020-08": {
            "month": "2020-08",
            "price": "20.80",
            "revenue": 1404696
        },
        "2020-09": {
            "month": "2020-09",
            "price": "20.30",
            "revenue": 1523205
        },
        "2020-10": {
            "month": "2020-10",
            "price": "19.69",
            "revenue": 1343723
        },
        "2020-11": {
            "month": "2020-11",
            "price": "20.37",
            "revenue": 1310838
        },
        "2020-12": {
            "month": "2020-12",
            "price": "20.75",
            "revenue": 1346687
        },
        "2021-01": {
            "month": "2021-01",
            "price": "20.98",
            "revenue": 1587445
        },
        "2021-02": {
            "month": "2021-02",
            "price": "20.97",
            "revenue": 1434783
        },
        "2021-03": {
            "month": "2021-03",
            "price": "22.09",
            "revenue": 1806822
        },
        "2021-04": {
            "month": "2021-04",
            "price": "22.57",
            "revenue": 1509545
        },
        "2021-05": {
            "month": "2021-05",
            "price": "21.86",
            "revenue": 1543796
        },
        "2021-06": {
            "month": "2021-06",
            "price": "22.21",
            "revenue": 1675034
        },
        "2021-07": {
            "month": "2021-07",
            "price": "22.92",
            "revenue": 1595355
        },
        "2021-08": {
            "month": "2021-08",
            "price": "22.74",
            "revenue": 1518611
        },
        "2021-09": {
            "month": "2021-09",
            "price": "23.02",
            "revenue": 1495643
        },
        "2021-10": {
            "month": "2021-10",
            "price": "24.49",
            "revenue": 1497567
        },
        "2021-11": {
            "month": "2021-11",
            "price": "26.28",
            "revenue": 1465434
        },
        "2021-12": {
            "month": "2021-12",
            "price": "27.59",
            "revenue": 1515840
        },
        "2022-01": {
            "month": "2022-01",
            "price": "28.33",
            "revenue": 2341759
        },
        "2022-02": {
            "month": "2022-02",
            "price": "31.99",
            "revenue": 1550473
        },
        "2022-03": {
            "month": "2022-03",
            "price": "33.29",
            "revenue": 2181001
        },
        "2022-04": {
            "month": "2022-04",
            "price": "33.98",
            "revenue": 2007657
        },
        "2022-05": {
            "month": "2022-05",
            "price": "32.91",
            "revenue": 1966359
        },
        "2022-06": {
            "month": "2022-06",
            "price": "32.00",
            "revenue": 2118309
        },
        "2022-07": {
            "month": "2022-07",
            "price": "31.98",
            "revenue": 2021193
        },
        "2022-08": {
            "month": "2022-08",
            "price": "38.75",
            "revenue": 1910508
        },
        "2022-09": {
            "month": "2022-09",
            "price": "42.42",
            "revenue": 1915609
        },
        "2022-10": {
            "month": "2022-10",
            "price": "35.85",
            "revenue": 2068709
        },
        "2022-11": {
            "month": "2022-11",
            "price": "37.32",
            "revenue": 1507133
        },
        "2022-12": {
            "month": "2022-12",
            "price": "37.56",
            "revenue": 1454166
        },
        "2023-01": {
            "month": "2023-01",
            "price": "37.35",
            "revenue": 1878943
        },
        "2023-02": {
            "month": "2023-02",
            "price": "38.97",
            "revenue": 1526677
        },
        "2023-03": {
            "month": "2023-03",
            "price": "39.23",
            "revenue": 1717794
        },
        "2023-04": {
            "month": "2023-04",
            "price": "36.73",
            "revenue": 1550977
        },
        "2023-05": {
            "month": "2023-05",
            "price": "35.94",
            "revenue": 1555910
        },
        "2023-06": {
            "month": "2023-06",
            "price": "35.61",
            "revenue": 1469449
        },
        "2023-07": {
            "month": "2023-07",
            "price": "35.94",
            "revenue": 1449359
        },
        "2023-08": {
            "month": "2023-08",
            "price": "35.74",
            "revenue": 1585242
        },
        "2023-09": {
            "month": "2023-09",
            "price": "36.69",
            "revenue": 1860207
        }
    }
}
