{
    "summary": {
        "stock_name": "國化",
        "stock_id": "1713",
        "category": "化工",
        "main_business": "基本化學工業、化學原料批發(零售)業<br>化妝品製(批)業、國際貿易業<br>除許可業務外、得經營法令非限制或禁止之業務.",
        "website_url": "http://www.ccwi.com.tw",
        "ceo": "洪志成",
        "pe_ratio": 16,
        "report_year_from": 2001,
        "report_year_to": 2023,
        "age": 22,
        "eps_negative_percentage": 0,
        "eps_growth_avg": {
            "last_all": 15.3,
            "last_2y": 49.15,
            "last_4y": 38,
            "last_8y": 22.2,
            "last_12y": 25.92,
            "last_16y": 15,
            "last_20y": 15.3,
            "at_2006_last_3y": -2.48,
            "at_2007_last_3y": 18.29,
            "at_2008_last_3y": -23.9,
            "at_2009_last_3y": -20.51,
            "at_2010_last_3y": 23.58,
            "at_2011_last_3y": 14.61,
            "at_2012_last_3y": 44.29,
            "at_2013_last_3y": 34.29,
            "at_2014_last_3y": 14.2,
            "at_2015_last_3y": 11.66,
            "at_2016_last_3y": 9.27,
            "at_2017_last_3y": 2.45,
            "at_2018_last_3y": 12.13,
            "at_2019_last_3y": 13.92,
            "at_2020_last_3y": 2.65,
            "at_2021_last_3y": 27.5,
            "at_2022_last_3y": 32.91,
            "at_2023_last_3y": 32.91,
            "at_2006_last_all": -1.99,
            "at_2007_last_all": 2.19,
            "at_2008_last_all": -7.94,
            "at_2009_last_all": -1.95,
            "at_2010_last_all": 9.38,
            "at_2011_last_all": 7.16,
            "at_2012_last_all": 11.05,
            "at_2013_last_all": 10.13,
            "at_2014_last_all": 10.86,
            "at_2015_last_all": 8.45,
            "at_2016_last_all": 10.58,
            "at_2017_last_all": 8.21,
            "at_2018_last_all": 11.16,
            "at_2019_last_all": 9.66,
            "at_2020_last_all": 8.91,
            "at_2021_last_all": 12.07,
            "at_2022_last_all": 15.3,
            "at_2023_last_all": 15.3
        },
        "latest_eps": 2.19,
        "latest_price": 34.2,
        "latest_roe": 12.81,
        "latest_gross_margin": 7.08,
        "latest_equity": 2682896,
        "latest_revenue": 123042,
        "latest_gross_profit": 8715,
        "latest_net_income": 89731,
        "latest_debt_ratio": 5.44,
        "latest_current_ratio": 1483.9,
        "latest_account_receivable_turnover_ratio": 1.46,
        "latest_inventory_turnover_ratio": 0.46,
        "latest_reinvestment_rate": 69.67,
        "latest_research_to_sale_ratio": null
    },
    "eps_dividends": {
        "1990": {
            "cash": 0,
            "stock": 5,
            "eps": 0
        },
        "1991": {
            "cash": 0,
            "stock": 2,
            "eps": 0
        },
        "1992": {
            "cash": 0.38,
            "stock": 0,
            "eps": 0
        },
        "1993": {
            "cash": 0.47,
            "stock": 0,
            "eps": 0
        },
        "1994": {
            "cash": 0,
            "stock": 1,
            "eps": 0
        },
        "1995": {
            "cash": 0,
            "stock": 1,
            "eps": 0
        },
        "1996": {
            "cash": 0,
            "stock": 1,
            "eps": 0
        },
        "1997": {
            "cash": 0,
            "stock": 1,
            "eps": 0
        },
        "1998": {
            "cash": 0,
            "stock": 1,
            "eps": 0
        },
        "1999": {
            "cash": 0,
            "stock": 0.4,
            "eps": 0
        },
        "2001": {
            "cash": 0.7,
            "stock": 0.7,
            "eps": 0.45
        },
        "2002": {
            "cash": 0.4,
            "stock": 0.4,
            "eps": 0.45
        },
        "2003": {
            "cash": 0.4,
            "stock": 0,
            "eps": 0.18
        },
        "2004": {
            "cash": 0.15,
            "stock": 0,
            "eps": 0.87
        },
        "2005": {
            "cash": 0.5,
            "stock": 0,
            "eps": 1.1
        },
        "2006": {
            "cash": 0.5,
            "stock": 0,
            "eps": 0.26
        },
        "2007": {
            "cash": 0.25,
            "stock": 0,
            "eps": 0.32
        },
        "2008": {
            "cash": 0.3,
            "stock": 0,
            "eps": 0.1
        },
        "2009": {
            "cash": 0.1,
            "stock": 0,
            "eps": 0.14
        },
        "2010": {
            "cash": 0.13,
            "stock": 0,
            "eps": 0.39
        },
        "2011": {
            "cash": 0.6699999999999999,
            "stock": 0,
            "eps": 0.34
        },
        "2012": {
            "cash": 0,
            "stock": 0,
            "eps": 0.51
        },
        "2013": {
            "cash": 0.45,
            "stock": 0,
            "eps": 0.51
        },
        "2014": {
            "cash": 0.48,
            "stock": 0,
            "eps": 0.61
        },
        "2015": {
            "cash": 0.55,
            "stock": 0,
            "eps": 0.47
        },
        "2016": {
            "cash": 0.41,
            "stock": 0,
            "eps": 0.66
        },
        "2017": {
            "cash": 0.58,
            "stock": 0,
            "eps": 0.48
        },
        "2018": {
            "cash": 0.44,
            "stock": 0,
            "eps": 0.76
        },
        "2019": {
            "cash": 0.71,
            "stock": 0,
            "eps": 0.64
        },
        "2020": {
            "cash": 0.58,
            "stock": 0,
            "eps": 0.61
        },
        "2021": {
            "cash": 0.66,
            "stock": 0,
            "eps": 1.05
        },
        "2022": {
            "cash": 0.85,
            "stock": 0,
            "eps": 1.89
        },
        "2023": {
            "cash": 1,
            "stock": 0,
            "eps": 0.59
        }
    },
    "dividends": {
        "1990-04-17": {
            "cash": 0,
            "stock": 5
        },
        "1991-04-22": {
            "cash": 0,
            "stock": 2
        },
        "1992-04-13": {
            "cash": 0.38,
            "stock": 0
        },
        "1993-04-19": {
            "cash": 0.47,
            "stock": 0
        },
        "1994-04-18": {
            "cash": 0,
            "stock": 1
        },
        "1995-04-24": {
            "cash": 0,
            "stock": 1
        },
        "1996-04-29": {
            "cash": 0,
            "stock": 1
        },
        "1997-04-28": {
            "cash": 0,
            "stock": 1
        },
        "1998-04-27": {
            "cash": 0,
            "stock": 1
        },
        "1999-04-26": {
            "cash": 0,
            "stock": 0.4
        },
        "2001-04-23": {
            "cash": 0.7,
            "stock": 0.7
        },
        "2002-06-05": {
            "cash": 0.4,
            "stock": 0.4
        },
        "2003-06-11": {
            "cash": 0.4,
            "stock": 0
        },
        "2004-03-16": {
            "cash": 0.15,
            "stock": 0
        },
        "2005-03-17": {
            "cash": 0.5,
            "stock": 0
        },
        "2006-04-10": {
            "cash": 0.5,
            "stock": 0
        },
        "2007-03-23": {
            "cash": 0.25,
            "stock": 0
        },
        "2008-03-26": {
            "cash": 0.3,
            "stock": 0
        },
        "2009-03-27": {
            "cash": 0.1,
            "stock": 0
        },
        "2010-03-19": {
            "cash": 0.13,
            "stock": 0
        },
        "2011-01-01": {
            "cash": 0.31,
            "stock": 0
        },
        "2011-03-24": {
            "cash": 0.36,
            "stock": 0
        },
        "2013-03-15": {
            "cash": 0.45,
            "stock": 0
        },
        "2014-06-17": {
            "cash": 0.48,
            "stock": 0
        },
        "2015-08-21": {
            "cash": 0.55,
            "stock": 0
        },
        "2016-08-24": {
            "cash": 0.41,
            "stock": 0
        },
        "2017-08-11": {
            "cash": 0.58,
            "stock": 0
        },
        "2018-08-15": {
            "cash": 0.44,
            "stock": 0
        },
        "2019-08-15": {
            "cash": 0.71,
            "stock": 0
        },
        "2020-08-14": {
            "cash": 0.58,
            "stock": 0
        },
        "2021-09-03": {
            "cash": 0.66,
            "stock": 0
        },
        "2022-08-25": {
            "cash": 0.85,
            "stock": 0
        },
        "2023-03-08": {
            "cash": 1,
            "stock": 0
        }
    },
    "prices": {
        "200101": "7.93",
        "200102": "9.33",
        "200103": "9.84",
        "200104": "9.06",
        "200105": "7.43",
        "200106": "6.64",
        "200107": "6.04",
        "200108": "6.60",
        "200109": "6.54",
        "200110": "6.64",
        "200111": "6.70",
        "200112": "7.73",
        "200201": "8.42",
        "200202": "8.85",
        "200203": "9.09",
        "200204": "11.86",
        "200205": "9.51",
        "200206": "9.65",
        "200207": "9.31",
        "200208": "8.70",
        "200209": "7.66",
        "200210": "6.98",
        "200211": "7.92",
        "200212": "8.24",
        "200301": "9.09",
        "200302": "8.29",
        "200303": "8.27",
        "200304": "8.06",
        "200305": "7.27",
        "200306": "8.14",
        "200307": "8.43",
        "200308": "8.54",
        "200309": "8.65",
        "200310": "9.60",
        "200311": "9.41",
        "200312": "9.05",
        "200401": "10.05",
        "200402": "13.51",
        "200403": "12.57",
        "200404": "11.30",
        "200405": "9.32",
        "200406": "9.34",
        "200407": "8.92",
        "200408": "8.68",
        "200409": "9.59",
        "200410": "10.22",
        "200411": "10.56",
        "200412": "10.87",
        "200501": "11.48",
        "200502": "10.82",
        "200503": "10.70",
        "200504": "9.38",
        "200505": "9.19",
        "200506": "10.00",
        "200507": "9.75",
        "200508": "9.87",
        "200509": "9.35",
        "200510": "9.15",
        "200511": "8.90",
        "200512": "8.78",
        "200601": "8.68",
        "200602": "8.33",
        "200603": "7.65",
        "200604": "8.59",
        "200605": "10.69",
        "200606": "9.52",
        "200607": "9.45",
        "200608": "8.79",
        "200609": "8.74",
        "200610": "9.57",
        "200611": "10.32",
        "200612": "12.49",
        "200701": "13.02",
        "200702": "12.68",
        "200703": "12.84",
        "200704": "15.99",
        "200705": "16.75",
        "200706": "17.24",
        "200707": "18.58",
        "200708": "14.54",
        "200709": "14.06",
        "200710": "13.87",
        "200711": "11.76",
        "200712": "11.44",
        "200801": "11.82",
        "200802": "13.21",
        "200803": "14.44",
        "200804": "16.53",
        "200805": "16.04",
        "200806": "13.41",
        "200807": "10.81",
        "200808": "10.51",
        "200809": "8.42",
        "200810": "7.09",
        "200811": "6.88",
        "200812": "7.25",
        "200901": "7.12",
        "200902": "6.75",
        "200903": "7.69",
        "200904": "8.93",
        "200905": "9.72",
        "200906": "10.37",
        "200907": "10.90",
        "200908": "10.75",
        "200909": "10.60",
        "200910": "11.41",
        "200911": "11.23",
        "200912": "11.67",
        "201001": "12.10",
        "201002": "10.78",
        "201003": "11.96",
        "201004": "12.33",
        "201005": "11.19",
        "201006": "11.09",
        "201007": "11.80",
        "201008": "13.07",
        "201009": "13.13",
        "201010": "13.45",
        "201011": "13.12",
        "201012": "14.10",
        "201101": "14.66",
        "201102": "14.61",
        "201103": "13.68",
        "201104": "14.05",
        "201105": "14.21",
        "201106": "13.75",
        "201107": "13.49",
        "201108": "12.82",
        "201109": "11.38",
        "201110": "10.72",
        "201111": "10.59",
        "201112": "9.70",
        "201201": "9.66",
        "201202": "10.94",
        "201203": "11.71",
        "201204": "11.34",
        "201205": "11.20",
        "201206": "11.12",
        "201207": "10.87",
        "201208": "11.07",
        "201209": "13.07",
        "201210": "12.78",
        "201211": "12.10",
        "201212": "12.62",
        "201301": "12.88",
        "201302": "12.73",
        "201303": "14.29",
        "201304": "14.19",
        "201305": "14.43",
        "201306": "15.25",
        "201307": "15.21",
        "201308": "14.66",
        "201309": "14.69",
        "201310": "15.65",
        "201311": "17.47",
        "201312": "19.03",
        "201401": "18.52",
        "201402": "17.93",
        "201403": "17.71",
        "201404": "17.85",
        "201405": "17.00",
        "201406": "17.28",
        "201407": "16.84",
        "201408": "15.97",
        "201409": "15.87",
        "201410": "15.24",
        "201411": "15.21",
        "201412": "16.55",
        "201501": "17.20",
        "201502": "17.32",
        "201503": "17.20",
        "201504": "16.97",
        "201505": "16.92",
        "201506": "16.85",
        "201507": "16.72",
        "201508": "16.23",
        "201509": "15.84",
        "201510": "15.75",
        "201511": "15.40",
        "201512": "15.20",
        "201601": "15.22",
        "201602": "15.68",
        "201603": "15.82",
        "201604": "15.76",
        "201605": "15.42",
        "201606": "15.00",
        "201607": "14.82",
        "201608": "14.87",
        "201609": "15.02",
        "201610": "14.96",
        "201611": "14.64",
        "201612": "14.70",
        "201701": "14.99",
        "201702": "15.45",
        "201703": "15.74",
        "201704": "17.19",
        "201705": "16.65",
        "201706": "16.32",
        "201707": "15.78",
        "201708": "15.44",
        "201709": "15.54",
        "201710": "16.51",
        "201711": "16.75",
        "201712": "16.82",
        "201801": "18.33",
        "201802": "17.97",
        "201803": "18.44",
        "201804": "17.82",
        "201805": "17.64",
        "201806": "18.09",
        "201807": "17.82",
        "201808": "18.02",
        "201809": "18.53",
        "201810": "17.50",
        "201811": "17.52",
        "201812": "18.95",
        "201901": "19.02",
        "201902": "19.08",
        "201903": "19.16",
        "201904": "19.18",
        "201905": "19.01",
        "201906": "18.91",
        "201907": "18.35",
        "201908": "18.01",
        "201909": "18.18",
        "201910": "18.20",
        "201911": "17.94",
        "201912": "18.04",
        "202001": "18.10",
        "202002": "17.68",
        "202003": "16.81",
        "202004": "17.09",
        "202005": "17.90",
        "202006": "18.10",
        "202007": "17.90",
        "202008": "17.90",
        "202009": "17.88",
        "202010": "17.94",
        "202011": "18.25",
        "202012": "19.15",
        "202101": "19.80",
        "202102": "18.94",
        "202103": "19.97",
        "202104": "21.53",
        "202105": "22.46",
        "202106": "24.20",
        "202107": "23.95",
        "202108": "22.70",
        "202109": "23.65",
        "202110": "24.08",
        "202111": "24.38",
        "202112": "24.40",
        "202201": "24.29",
        "202202": "24.26",
        "202203": "24.12",
        "202204": "23.84",
        "202205": "23.16",
        "202206": "23.95",
        "202207": "24.19",
        "202208": "24.22",
        "202209": "24.96",
        "202210": "24.12",
        "202211": "24.27",
        "202212": "24.91",
        "202301": "24.92",
        "202302": "25.35",
        "202303": "27.39",
        "202304": "29.27",
        "202305": "30.96"
    },
    "quarters": {
        "20011": {
            "year_quarter": 20011,
            "year": 2001,
            "quarter": 1,
            "eps": 0.14,
            "eps_growth_year": -39.13,
            "eps_4q": 0.77,
            "eps_4q_growth_year": -9.05,
            "roe": 1,
            "roe_4q": 1,
            "gross_profit": 33514,
            "gross_margin": 17.42,
            "gross_margin_4q_avg": 17.42,
            "net_income": 20506,
            "revenue": 192362,
            "common_shares": 1509517,
            "book_valuer_per_share": 13.64,
            "book_valuer_per_share_4q_avg": 13.64,
            "equity": 2059525,
            "current_ratio": 1085.49,
            "debt_ratio": 15.47,
            "inventory_turnover_ratio": 0.56,
            "account_receivable_turnover_ratio": null,
            "reinvestment_rate": null,
            "research_to_sale_ratio": null,
            "price_fair": 0,
            "eps_avg_yearly": 0,
            "eps_latest_yearly": 0,
            "eps_growth_yearly": 0
        },
        "20012": {
            "year_quarter": 20012,
            "year": 2001,
            "quarter": 2,
            "eps": 0.21,
            "eps_growth_year": -4.55,
            "eps_4q": 0.76,
            "eps_4q_growth_year": -12.35,
            "roe": 1.56,
            "roe_4q": 2.56,
            "gross_profit": 42001,
            "gross_margin": 18.74,
            "gross_margin_4q_avg": 18.08,
            "net_income": 31537,
            "revenue": 224098,
            "common_shares": 1509517,
            "book_valuer_per_share": 13.11,
            "book_valuer_per_share_4q_avg": 13.38,
            "equity": 1979729,
            "current_ratio": 1115.55,
            "debt_ratio": 15.66,
            "inventory_turnover_ratio": 0.59,
            "account_receivable_turnover_ratio": null,
            "reinvestment_rate": null,
            "research_to_sale_ratio": null,
            "price_fair": 0,
            "eps_avg_yearly": 0,
            "eps_latest_yearly": 0,
            "eps_growth_yearly": 0
        },
        "20013": {
            "year_quarter": 20013,
            "year": 2001,
            "quarter": 3,
            "eps": 0.1,
            "eps_growth_year": -47.37,
            "eps_4q": 0.64,
            "eps_4q_growth_year": -17.38,
            "roe": 0.79,
            "roe_4q": 3.35,
            "gross_profit": 36401,
            "gross_margin": 18.37,
            "gross_margin_4q_avg": 18.18,
            "net_income": 15632,
            "revenue": 198190,
            "common_shares": 1509517,
            "book_valuer_per_share": 13.22,
            "book_valuer_per_share_4q_avg": 13.32,
            "equity": 1995361,
            "current_ratio": 1263.4,
            "debt_ratio": 15.23,
            "inventory_turnover_ratio": 0.52,
            "account_receivable_turnover_ratio": null,
            "reinvestment_rate": null,
            "research_to_sale_ratio": null,
            "price_fair": 0,
            "eps_avg_yearly": 0,
            "eps_latest_yearly": 0,
            "eps_growth_yearly": 0
        },
        "20014": {
            "year_quarter": 20014,
            "year": 2001,
            "quarter": 4,
            "eps": 0,
            "eps_growth_year": -100,
            "eps_4q": 0.45,
            "eps_4q_growth_year": -45.96,
            "roe": -0.02,
            "roe_4q": 3.33,
            "gross_profit": 32096,
            "gross_margin": 14.28,
            "gross_margin_4q_avg": 17.2,
            "net_income": -449,
            "revenue": 224801,
            "common_shares": 1509517,
            "book_valuer_per_share": 13.22,
            "book_valuer_per_share_4q_avg": 13.3,
            "equity": 1995273,
            "current_ratio": 987.43,
            "debt_ratio": 15.14,
            "inventory_turnover_ratio": 0.66,
            "account_receivable_turnover_ratio": null,
            "reinvestment_rate": null,
            "research_to_sale_ratio": null,
            "price_fair": 0,
            "eps_avg_yearly": 0,
            "eps_latest_yearly": 0,
            "eps_growth_yearly": 0
        },
        "20021": {
            "year_quarter": 20021,
            "year": 2002,
            "quarter": 1,
            "eps": 0.14,
            "eps_growth_year": 0,
            "eps_4q": 0.45,
            "eps_4q_growth_year": -41.26,
            "roe": 1.04,
            "roe_4q": 3.37,
            "gross_profit": 34139,
            "gross_margin": 18.44,
            "gross_margin_4q_avg": 17.46,
            "net_income": 20873,
            "revenue": 185166,
            "common_shares": 1509517,
            "book_valuer_per_share": 13.36,
            "book_valuer_per_share_4q_avg": 13.23,
            "equity": 2016146,
            "current_ratio": 996.63,
            "debt_ratio": 15.01,
            "inventory_turnover_ratio": 0.56,
            "account_receivable_turnover_ratio": null,
            "reinvestment_rate": null,
            "research_to_sale_ratio": null,
            "price_fair": 0,
            "eps_avg_yearly": 0,
            "eps_latest_yearly": 0,
            "eps_growth_yearly": 0
        },
        "20022": {
            "year_quarter": 20022,
            "year": 2002,
            "quarter": 2,
            "eps": 0.06,
            "eps_growth_year": -71.43,
            "eps_4q": 0.28,
            "eps_4q_growth_year": -62.75,
            "roe": 0.49,
            "roe_4q": 2.3,
            "gross_profit": 39614,
            "gross_margin": 18.73,
            "gross_margin_4q_avg": 17.46,
            "net_income": 9751,
            "revenue": 211459,
            "common_shares": 1509517,
            "book_valuer_per_share": 12.99,
            "book_valuer_per_share_4q_avg": 13.2,
            "equity": 1961373,
            "current_ratio": 694.44,
            "debt_ratio": 16.85,
            "inventory_turnover_ratio": 0.68,
            "account_receivable_turnover_ratio": null,
            "reinvestment_rate": null,
            "research_to_sale_ratio": null,
            "price_fair": 0.72,
            "eps_avg_yearly": 0.24,
            "eps_latest_yearly": 0.24,
            "eps_growth_yearly": -228.57
        },
        "20023": {
            "year_quarter": 20023,
            "year": 2002,
            "quarter": 3,
            "eps": 0.08,
            "eps_growth_year": -20,
            "eps_4q": 0.29,
            "eps_4q_growth_year": -54.89,
            "roe": 0.58,
            "roe_4q": 2.09,
            "gross_profit": 34560,
            "gross_margin": 19.26,
            "gross_margin_4q_avg": 17.68,
            "net_income": 11473,
            "revenue": 179428,
            "common_shares": 1509517,
            "book_valuer_per_share": 13.07,
            "book_valuer_per_share_4q_avg": 13.16,
            "equity": 1973285,
            "current_ratio": 1219.95,
            "debt_ratio": 14.23,
            "inventory_turnover_ratio": 0.59,
            "account_receivable_turnover_ratio": null,
            "reinvestment_rate": null,
            "research_to_sale_ratio": null,
            "price_fair": 0.84,
            "eps_avg_yearly": 0.28,
            "eps_latest_yearly": 0.32,
            "eps_growth_yearly": -47.62
        },
        "20024": {
            "year_quarter": 20024,
            "year": 2002,
            "quarter": 4,
            "eps": 0.17,
            "eps_growth_year": null,
            "eps_4q": 0.44,
            "eps_4q_growth_year": -1.26,
            "roe": 1.31,
            "roe_4q": 3.42,
            "gross_profit": 35644,
            "gross_margin": 17.84,
            "gross_margin_4q_avg": 18.57,
            "net_income": 26086,
            "revenue": 199766,
            "common_shares": 1509517,
            "book_valuer_per_share": 13.25,
            "book_valuer_per_share_4q_avg": 13.17,
            "equity": 1999371,
            "current_ratio": 1295.69,
            "debt_ratio": 13.91,
            "inventory_turnover_ratio": 0.66,
            "account_receivable_turnover_ratio": null,
            "reinvestment_rate": -13.12,
            "research_to_sale_ratio": null,
            "price_fair": 14.47,
            "eps_avg_yearly": 0.41,
            "eps_latest_yearly": 0.68,
            "eps_growth_yearly": 118.25
        },
        "20031": {
            "year_quarter": 20031,
            "year": 2003,
            "quarter": 1,
            "eps": 0.08,
            "eps_growth_year": -42.86,
            "eps_4q": 0.41,
            "eps_4q_growth_year": -10.52,
            "roe": 0.58,
            "roe_4q": 2.96,
            "gross_profit": 27204,
            "gross_margin": 15.54,
            "gross_margin_4q_avg": 17.84,
            "net_income": 11621,
            "revenue": 175003,
            "common_shares": 1509517,
            "book_valuer_per_share": 13.32,
            "book_valuer_per_share_4q_avg": 13.16,
            "equity": 2011005,
            "current_ratio": 1898.39,
            "debt_ratio": 12.94,
            "inventory_turnover_ratio": 0.59,
            "account_receivable_turnover_ratio": null,
            "reinvestment_rate": -14.81,
            "research_to_sale_ratio": null,
            "price_fair": 13.65,
            "eps_avg_yearly": 0.39,
            "eps_latest_yearly": 0.32,
            "eps_growth_yearly": 35.75
        },
        "20032": {
            "year_quarter": 20032,
            "year": 2003,
            "quarter": 2,
            "eps": 0.04,
            "eps_growth_year": -33.33,
            "eps_4q": 0.4,
            "eps_4q_growth_year": 41.97,
            "roe": 0.28,
            "roe_4q": 2.75,
            "gross_profit": 24633,
            "gross_margin": 12.08,
            "gross_margin_4q_avg": 16.18,
            "net_income": 5462,
            "revenue": 203966,
            "common_shares": 1509517,
            "book_valuer_per_share": 12.93,
            "book_valuer_per_share_4q_avg": 13.14,
            "equity": 1952322,
            "current_ratio": 861.19,
            "debt_ratio": 15.8,
            "inventory_turnover_ratio": 0.72,
            "account_receivable_turnover_ratio": null,
            "reinvestment_rate": -15.39,
            "research_to_sale_ratio": null,
            "price_fair": 1.03,
            "eps_avg_yearly": 0.34,
            "eps_latest_yearly": 0.16,
            "eps_growth_yearly": -11.4
        },
        "20033": {
            "year_quarter": 20033,
            "year": 2003,
            "quarter": 3,
            "eps": 0,
            "eps_growth_year": -100,
            "eps_4q": 0.29,
            "eps_4q_growth_year": 0.02,
            "roe": 0.03,
            "roe_4q": 2.2,
            "gross_profit": 20243,
            "gross_margin": 10.64,
            "gross_margin_4q_avg": 14.03,
            "net_income": 676,
            "revenue": 190305,
            "common_shares": 1509517,
            "book_valuer_per_share": 12.94,
            "book_valuer_per_share_4q_avg": 13.11,
            "equity": 1952757,
            "current_ratio": 1924.29,
            "debt_ratio": 13.01,
            "inventory_turnover_ratio": 0.7,
            "account_receivable_turnover_ratio": null,
            "reinvestment_rate": -17.03,
            "research_to_sale_ratio": null,
            "price_fair": 1.03,
            "eps_avg_yearly": 0.34,
            "eps_latest_yearly": 0.16,
            "eps_growth_yearly": -11.4
        },
        "20034": {
            "year_quarter": 20034,
            "year": 2003,
            "quarter": 4,
            "eps": 0.06,
            "eps_growth_year": -64.71,
            "eps_4q": 0.18,
            "eps_4q_growth_year": -60.5,
            "roe": 0.47,
            "roe_4q": 1.3599999999999999,
            "gross_profit": 24554,
            "gross_margin": 12.88,
            "gross_margin_4q_avg": 12.79,
            "net_income": 9225,
            "revenue": 190629,
            "common_shares": 1509517,
            "book_valuer_per_share": 13,
            "book_valuer_per_share_4q_avg": 13.05,
            "equity": 1962780,
            "current_ratio": 2453.81,
            "debt_ratio": 12.41,
            "inventory_turnover_ratio": 0.79,
            "account_receivable_turnover_ratio": null,
            "reinvestment_rate": -18.52,
            "research_to_sale_ratio": null,
            "price_fair": 1.03,
            "eps_avg_yearly": 0.34,
            "eps_latest_yearly": 0.16,
            "eps_growth_yearly": -11.4
        },
        "20041": {
            "year_quarter": 20041,
            "year": 2004,
            "quarter": 1,
            "eps": 0.35,
            "eps_growth_year": 337.5,
            "eps_4q": 0.45,
            "eps_4q_growth_year": 11.63,
            "roe": 2.63,
            "roe_4q": 3.4099999999999993,
            "gross_profit": 34343,
            "gross_margin": 16.22,
            "gross_margin_4q_avg": 12.96,
            "net_income": 52276,
            "revenue": 211774,
            "common_shares": 1509517,
            "book_valuer_per_share": 13.33,
            "book_valuer_per_share_4q_avg": 13.05,
            "equity": 2012249,
            "current_ratio": 1911.81,
            "debt_ratio": 12.66,
            "inventory_turnover_ratio": 1.22,
            "account_receivable_turnover_ratio": null,
            "reinvestment_rate": -17.73,
            "research_to_sale_ratio": null,
            "price_fair": 18.2,
            "eps_avg_yearly": 0.52,
            "eps_latest_yearly": 1.4,
            "eps_growth_yearly": 312.72
        },
        "20042": {
            "year_quarter": 20042,
            "year": 2004,
            "quarter": 2,
            "eps": 0.05,
            "eps_growth_year": 25,
            "eps_4q": 0.48,
            "eps_4q_growth_year": 19.02,
            "roe": 0.36,
            "roe_4q": 3.4899999999999998,
            "gross_profit": 47220,
            "gross_margin": 21.23,
            "gross_margin_4q_avg": 15.24,
            "net_income": 7293,
            "revenue": 222374,
            "common_shares": 1509517,
            "book_valuer_per_share": 13.23,
            "book_valuer_per_share_4q_avg": 13.13,
            "equity": 1997422,
            "current_ratio": 1292.31,
            "debt_ratio": 14.65,
            "inventory_turnover_ratio": 1.23,
            "account_receivable_turnover_ratio": null,
            "reinvestment_rate": -125.86,
            "research_to_sale_ratio": null,
            "price_fair": 16.6,
            "eps_avg_yearly": 0.47,
            "eps_latest_yearly": 0.2,
            "eps_growth_yearly": 219.07
        },
        "20043": {
            "year_quarter": 20043,
            "year": 2004,
            "quarter": 3,
            "eps": 0.42,
            "eps_growth_year": null,
            "eps_4q": 0.88,
            "eps_4q_growth_year": 201.29,
            "roe": 3.13,
            "roe_4q": 6.589999999999999,
            "gross_profit": 38992,
            "gross_margin": 18.84,
            "gross_margin_4q_avg": 17.29,
            "net_income": 63484,
            "revenue": 206934,
            "common_shares": 1509517,
            "book_valuer_per_share": 13.65,
            "book_valuer_per_share_4q_avg": 13.3,
            "equity": 2060679,
            "current_ratio": 1843.37,
            "debt_ratio": 13.28,
            "inventory_turnover_ratio": 1.03,
            "account_receivable_turnover_ratio": null,
            "reinvestment_rate": -111.86,
            "research_to_sale_ratio": null,
            "price_fair": 21.88,
            "eps_avg_yearly": 0.63,
            "eps_latest_yearly": 1.68,
            "eps_growth_yearly": 561.68
        },
        "20044": {
            "year_quarter": 20044,
            "year": 2004,
            "quarter": 4,
            "eps": 0.05,
            "eps_growth_year": -16.67,
            "eps_4q": 0.88,
            "eps_4q_growth_year": 402.42,
            "roe": 0.36,
            "roe_4q": 6.4799999999999995,
            "gross_profit": 43403,
            "gross_margin": 19.61,
            "gross_margin_4q_avg": 18.98,
            "net_income": 7397,
            "revenue": 221322,
            "common_shares": 1509517,
            "book_valuer_per_share": 13.66,
            "book_valuer_per_share_4q_avg": 13.47,
            "equity": 2061927,
            "current_ratio": 1871.77,
            "debt_ratio": 12.3,
            "inventory_turnover_ratio": 1.1,
            "account_receivable_turnover_ratio": null,
            "reinvestment_rate": -121.32,
            "research_to_sale_ratio": null,
            "price_fair": 20.22,
            "eps_avg_yearly": 0.58,
            "eps_latest_yearly": 0.2,
            "eps_growth_yearly": 460.12
        },
        "20051": {
            "year_quarter": 20051,
            "year": 2005,
            "quarter": 1,
            "eps": 0.14,
            "eps_growth_year": -60,
            "eps_4q": 0.66,
            "eps_4q_growth_year": 45.47,
            "roe": 1,
            "roe_4q": 4.8500000000000005,
            "gross_profit": 35968,
            "gross_margin": 19.12,
            "gross_margin_4q_avg": 19.7,
            "net_income": 21096,
            "revenue": 188140,
            "common_shares": 1509517,
            "book_valuer_per_share": 14.38,
            "book_valuer_per_share_4q_avg": 13.73,
            "equity": 2170546,
            "current_ratio": 1088.5,
            "debt_ratio": 10.76,
            "inventory_turnover_ratio": 0.7,
            "account_receivable_turnover_ratio": null,
            "reinvestment_rate": -120.71,
            "research_to_sale_ratio": null,
            "price_fair": 20.16,
            "eps_avg_yearly": 0.58,
            "eps_latest_yearly": 0.56,
            "eps_growth_yearly": 486.11
        },
        "20052": {
            "year_quarter": 20052,
            "year": 2005,
            "quarter": 2,
            "eps": 0.06,
            "eps_growth_year": 20,
            "eps_4q": 0.67,
            "eps_4q_growth_year": 40.56,
            "roe": 0.42,
            "roe_4q": 4.91,
            "gross_profit": 34825,
            "gross_margin": 17.89,
            "gross_margin_4q_avg": 18.87,
            "net_income": 9055,
            "revenue": 194714,
            "common_shares": 1509517,
            "book_valuer_per_share": 13.89,
            "book_valuer_per_share_4q_avg": 13.9,
            "equity": 2097337,
            "current_ratio": 1137.19,
            "debt_ratio": 10.66,
            "inventory_turnover_ratio": 0.57,
            "account_receivable_turnover_ratio": null,
            "reinvestment_rate": -129.9,
            "research_to_sale_ratio": null,
            "price_fair": 19.09,
            "eps_avg_yearly": 0.55,
            "eps_latest_yearly": 0.24,
            "eps_growth_yearly": 421.14
        },
        "20053": {
            "year_quarter": 20053,
            "year": 2005,
            "quarter": 3,
            "eps": 0.05,
            "eps_growth_year": -88.1,
            "eps_4q": 0.32,
            "eps_4q_growth_year": -62.95,
            "roe": 0.33,
            "roe_4q": 2.11,
            "gross_profit": 42466,
            "gross_margin": 22.69,
            "gross_margin_4q_avg": 19.83,
            "net_income": 6847,
            "revenue": 187120,
            "common_shares": 1509517,
            "book_valuer_per_share": 13.99,
            "book_valuer_per_share_4q_avg": 13.98,
            "equity": 2111405,
            "current_ratio": 1368.04,
            "debt_ratio": 9.58,
            "inventory_turnover_ratio": 0.43,
            "account_receivable_turnover_ratio": null,
            "reinvestment_rate": -62.78,
            "research_to_sale_ratio": null,
            "price_fair": 18.08,
            "eps_avg_yearly": 0.52,
            "eps_latest_yearly": 0.2,
            "eps_growth_yearly": 380.49
        },
        "20054": {
            "year_quarter": 20054,
            "year": 2005,
            "quarter": 4,
            "eps": 0.85,
            "eps_growth_year": 1600,
            "eps_4q": 1.09,
            "eps_4q_growth_year": 24.14,
            "roe": 5.91,
            "roe_4q": 7.66,
            "gross_profit": 49535,
            "gross_margin": 27.68,
            "gross_margin_4q_avg": 21.85,
            "net_income": 128561,
            "revenue": 178925,
            "common_shares": 1509517,
            "book_valuer_per_share": 14.84,
            "book_valuer_per_share_4q_avg": 14.28,
            "equity": 2239978,
            "current_ratio": 640.56,
            "debt_ratio": 13.68,
            "inventory_turnover_ratio": 0.4,
            "account_receivable_turnover_ratio": null,
            "reinvestment_rate": -44.02,
            "research_to_sale_ratio": null,
            "price_fair": 25.85,
            "eps_avg_yearly": 0.74,
            "eps_latest_yearly": 3.4,
            "eps_growth_yearly": 843.53
        },
        "20061": {
            "year_quarter": 20061,
            "year": 2006,
            "quarter": 1,
            "eps": 0.11,
            "eps_growth_year": -21.43,
            "eps_4q": 1.07,
            "eps_4q_growth_year": 62.85,
            "roe": 0.73,
            "roe_4q": 7.390000000000001,
            "gross_profit": 56359,
            "gross_margin": 33.13,
            "gross_margin_4q_avg": 25.35,
            "net_income": 16504,
            "revenue": 170125,
            "common_shares": 1509517,
            "book_valuer_per_share": 14.94,
            "book_valuer_per_share_4q_avg": 14.42,
            "equity": 2255248,
            "current_ratio": 669.31,
            "debt_ratio": 13.09,
            "inventory_turnover_ratio": 0.47,
            "account_receivable_turnover_ratio": null,
            "reinvestment_rate": -37.83,
            "research_to_sale_ratio": null,
            "price_fair": 25.1,
            "eps_avg_yearly": 0.72,
            "eps_latest_yearly": 0.44,
            "eps_growth_yearly": 758.4
        },
        "20062": {
            "year_quarter": 20062,
            "year": 2006,
            "quarter": 2,
            "eps": 0.13,
            "eps_growth_year": 116.67,
            "eps_4q": 1.14,
            "eps_4q_growth_year": 70.95,
            "roe": 0.88,
            "roe_4q": 7.85,
            "gross_profit": 78104,
            "gross_margin": 38.22,
            "gross_margin_4q_avg": 30.43,
            "net_income": 19468,
            "revenue": 204373,
            "common_shares": 1509517,
            "book_valuer_per_share": 14.52,
            "book_valuer_per_share_4q_avg": 14.57,
            "equity": 2192571,
            "current_ratio": 589,
            "debt_ratio": 13.95,
            "inventory_turnover_ratio": 0.62,
            "account_receivable_turnover_ratio": null,
            "reinvestment_rate": -27.15,
            "research_to_sale_ratio": null,
            "price_fair": 25.8,
            "eps_avg_yearly": 0.74,
            "eps_latest_yearly": 0.52,
            "eps_growth_yearly": 779.92
        },
        "20063": {
            "year_quarter": 20063,
            "year": 2006,
            "quarter": 3,
            "eps": -0.01,
            "eps_growth_year": -120,
            "eps_4q": 1.08,
            "eps_4q_growth_year": 233.07,
            "roe": -0.07,
            "roe_4q": 7.45,
            "gross_profit": 58685,
            "gross_margin": 34.47,
            "gross_margin_4q_avg": 33.38,
            "net_income": -1537,
            "revenue": 170253,
            "common_shares": 1509517,
            "book_valuer_per_share": 14.53,
            "book_valuer_per_share_4q_avg": 14.71,
            "equity": 2192877,
            "current_ratio": 1391.32,
            "debt_ratio": 8.44,
            "inventory_turnover_ratio": 0.47,
            "account_receivable_turnover_ratio": null,
            "reinvestment_rate": -14.23,
            "research_to_sale_ratio": null,
            "price_fair": 26.92,
            "eps_avg_yearly": 0.77,
            "eps_latest_yearly": 0.52,
            "eps_growth_yearly": 829.66
        },
        "20064": {
            "year_quarter": 20064,
            "year": 2006,
            "quarter": 4,
            "eps": 0.03,
            "eps_growth_year": -96.47,
            "eps_4q": 0.24,
            "eps_4q_growth_year": -78,
            "roe": 0.22,
            "roe_4q": 1.76,
            "gross_profit": 69996,
            "gross_margin": 25.96,
            "gross_margin_4q_avg": 32.95,
            "net_income": 4901,
            "revenue": 269592,
            "common_shares": 1509517,
            "book_valuer_per_share": 14.59,
            "book_valuer_per_share_4q_avg": 14.65,
            "equity": 2201803,
            "current_ratio": 1415.94,
            "debt_ratio": 8.24,
            "inventory_turnover_ratio": 0.78,
            "account_receivable_turnover_ratio": null,
            "reinvestment_rate": 5.43,
            "research_to_sale_ratio": null,
            "price_fair": 27.18,
            "eps_avg_yearly": 0.78,
            "eps_latest_yearly": 0.52,
            "eps_growth_yearly": 861.3
        },
        "20071": {
            "year_quarter": 20071,
            "year": 2007,
            "quarter": 1,
            "eps": 0.11,
            "eps_growth_year": 0,
            "eps_4q": 0.27,
            "eps_4q_growth_year": -75.02,
            "roe": 0.72,
            "roe_4q": 1.75,
            "gross_profit": 20309,
            "gross_margin": 12.74,
            "gross_margin_4q_avg": 27.85,
            "net_income": 15892,
            "revenue": 159414,
            "common_shares": 1509517,
            "book_valuer_per_share": 14.7,
            "book_valuer_per_share_4q_avg": 14.59,
            "equity": 2218247,
            "current_ratio": 4136.69,
            "debt_ratio": 6.1,
            "inventory_turnover_ratio": 0.58,
            "account_receivable_turnover_ratio": null,
            "reinvestment_rate": 11.12,
            "research_to_sale_ratio": null,
            "price_fair": 27.53,
            "eps_avg_yearly": 0.79,
            "eps_latest_yearly": 0.44,
            "eps_growth_yearly": 967.83
        },
        "20072": {
            "year_quarter": 20072,
            "year": 2007,
            "quarter": 2,
            "eps": 0.08,
            "eps_growth_year": -38.46,
            "eps_4q": 0.21,
            "eps_4q_growth_year": -81.48,
            "roe": 0.53,
            "roe_4q": 1.4,
            "gross_profit": 18167,
            "gross_margin": 9.09,
            "gross_margin_4q_avg": 20.57,
            "net_income": 11676,
            "revenue": 199920,
            "common_shares": 1509517,
            "book_valuer_per_share": 14.52,
            "book_valuer_per_share_4q_avg": 14.59,
            "equity": 2191693,
            "current_ratio": 1636.09,
            "debt_ratio": 7.77,
            "inventory_turnover_ratio": 0.89,
            "account_receivable_turnover_ratio": null,
            "reinvestment_rate": 12.79,
            "research_to_sale_ratio": null,
            "price_fair": 28,
            "eps_avg_yearly": 0.8,
            "eps_latest_yearly": 0.32,
            "eps_growth_yearly": 975.41
        },
        "20073": {
            "year_quarter": 20073,
            "year": 2007,
            "quarter": 3,
            "eps": 0.1,
            "eps_growth_year": null,
            "eps_4q": 0.31,
            "eps_4q_growth_year": -71.5,
            "roe": 0.71,
            "roe_4q": 2.18,
            "gross_profit": 16387,
            "gross_margin": 10.22,
            "gross_margin_4q_avg": 14.5,
            "net_income": 15626,
            "revenue": 160303,
            "common_shares": 1509517,
            "book_valuer_per_share": 14.66,
            "book_valuer_per_share_4q_avg": 14.62,
            "equity": 2212477,
            "current_ratio": 3525.89,
            "debt_ratio": 6.29,
            "inventory_turnover_ratio": 0.99,
            "account_receivable_turnover_ratio": null,
            "reinvestment_rate": 13.4,
            "research_to_sale_ratio": null,
            "price_fair": 26.92,
            "eps_avg_yearly": 0.77,
            "eps_latest_yearly": 0.4,
            "eps_growth_yearly": 908.07
        },
        "20074": {
            "year_quarter": 20074,
            "year": 2007,
            "quarter": 4,
            "eps": 0.03,
            "eps_growth_year": 0,
            "eps_4q": 0.28,
            "eps_4q_growth_year": 15.1,
            "roe": 0.24,
            "roe_4q": 2.2,
            "gross_profit": 12460,
            "gross_margin": 8.46,
            "gross_margin_4q_avg": 10.13,
            "net_income": 5243,
            "revenue": 147231,
            "common_shares": 1509517,
            "book_valuer_per_share": 14.66,
            "book_valuer_per_share_4q_avg": 14.64,
            "equity": 2212297,
            "current_ratio": 3275.19,
            "debt_ratio": 6.33,
            "inventory_turnover_ratio": 1.12,
            "account_receivable_turnover_ratio": null,
            "reinvestment_rate": -141.51,
            "research_to_sale_ratio": null,
            "price_fair": 25.3,
            "eps_avg_yearly": 0.72,
            "eps_latest_yearly": 0.12,
            "eps_growth_yearly": 823.21
        },
        "20081": {
            "year_quarter": 20081,
            "year": 2008,
            "quarter": 1,
            "eps": 0.04,
            "eps_growth_year": -63.64,
            "eps_4q": 0.24,
            "eps_4q_growth_year": -10.68,
            "roe": 0.29,
            "roe_4q": 1.77,
            "gross_profit": 14899,
            "gross_margin": 9.96,
            "gross_margin_4q_avg": 9.43,
            "net_income": 6528,
            "revenue": 149569,
            "common_shares": 1509517,
            "book_valuer_per_share": 14.72,
            "book_valuer_per_share_4q_avg": 14.64,
            "equity": 2222399,
            "current_ratio": 3283.08,
            "debt_ratio": 6.32,
            "inventory_turnover_ratio": 1.26,
            "account_receivable_turnover_ratio": null,
            "reinvestment_rate": -161.06,
            "research_to_sale_ratio": null,
            "price_fair": 22.2,
            "eps_avg_yearly": 0.63,
            "eps_latest_yearly": 0.16,
            "eps_growth_yearly": 694.64
        },
        "20082": {
            "year_quarter": 20082,
            "year": 2008,
            "quarter": 2,
            "eps": 0.17,
            "eps_growth_year": 112.5,
            "eps_4q": 0.35,
            "eps_4q_growth_year": 65.12,
            "roe": 1.17,
            "roe_4q": 2.41,
            "gross_profit": 28201,
            "gross_margin": 15.44,
            "gross_margin_4q_avg": 11.02,
            "net_income": 25882,
            "revenue": 182628,
            "common_shares": 1509517,
            "book_valuer_per_share": 14.51,
            "book_valuer_per_share_4q_avg": 14.64,
            "equity": 2190174,
            "current_ratio": 1338.88,
            "debt_ratio": 8.39,
            "inventory_turnover_ratio": 1.35,
            "account_receivable_turnover_ratio": null,
            "reinvestment_rate": -67.11,
            "research_to_sale_ratio": null,
            "price_fair": 23.4,
            "eps_avg_yearly": 0.67,
            "eps_latest_yearly": 0.68,
            "eps_growth_yearly": 811.98
        },
        "20083": {
            "year_quarter": 20083,
            "year": 2008,
            "quarter": 3,
            "eps": 0.08,
            "eps_growth_year": -20,
            "eps_4q": 0.32,
            "eps_4q_growth_year": 3.27,
            "roe": 0.58,
            "roe_4q": 2.2800000000000002,
            "gross_profit": 19986,
            "gross_margin": 14.43,
            "gross_margin_4q_avg": 12.07,
            "net_income": 12664,
            "revenue": 138540,
            "common_shares": 1509517,
            "book_valuer_per_share": 14.55,
            "book_valuer_per_share_4q_avg": 14.61,
            "equity": 2196999,
            "current_ratio": 2964.63,
            "debt_ratio": 6.54,
            "inventory_turnover_ratio": 0.81,
            "account_receivable_turnover_ratio": null,
            "reinvestment_rate": -77.45,
            "research_to_sale_ratio": null,
            "price_fair": 20,
            "eps_avg_yearly": 0.57,
            "eps_latest_yearly": 0.32,
            "eps_growth_yearly": 585.43
        },
        "20084": {
            "year_quarter": 20084,
            "year": 2008,
            "quarter": 4,
            "eps": -0.19,
            "eps_growth_year": -733.33,
            "eps_4q": 0.11,
            "eps_4q_growth_year": -60.31,
            "roe": -1.31,
            "roe_4q": 0.7299999999999998,
            "gross_profit": -11042,
            "gross_margin": -12.08,
            "gross_margin_4q_avg": 6.94,
            "net_income": -28610,
            "revenue": 91419,
            "common_shares": 1509517,
            "book_valuer_per_share": 14.36,
            "book_valuer_per_share_4q_avg": 14.54,
            "equity": 2167195,
            "current_ratio": 4419.17,
            "debt_ratio": 5.99,
            "inventory_turnover_ratio": 0.72,
            "account_receivable_turnover_ratio": 2.56,
            "reinvestment_rate": -88.19,
            "research_to_sale_ratio": null,
            "price_fair": 21,
            "eps_avg_yearly": 0.6,
            "eps_latest_yearly": 0.32,
            "eps_growth_yearly": 657.57
        },
        "20091": {
            "year_quarter": 20091,
            "year": 2009,
            "quarter": 1,
            "eps": -0.02,
            "eps_growth_year": -150,
            "eps_4q": 0.04,
            "eps_4q_growth_year": -82.83,
            "roe": -0.17,
            "roe_4q": 0.2699999999999999,
            "gross_profit": 2244,
            "gross_margin": 2.96,
            "gross_margin_4q_avg": 5.19,
            "net_income": -3730,
            "revenue": 75715,
            "common_shares": 1509517,
            "book_valuer_per_share": 14.34,
            "book_valuer_per_share_4q_avg": 14.44,
            "equity": 2164220,
            "current_ratio": 4445.35,
            "debt_ratio": 6,
            "inventory_turnover_ratio": 0.66,
            "account_receivable_turnover_ratio": 1.08,
            "reinvestment_rate": -97.04,
            "research_to_sale_ratio": null,
            "price_fair": 21.12,
            "eps_avg_yearly": 0.6,
            "eps_latest_yearly": 0.32,
            "eps_growth_yearly": 652.37
        },
        "20092": {
            "year_quarter": 20092,
            "year": 2009,
            "quarter": 2,
            "eps": 0.02,
            "eps_growth_year": -88.24,
            "eps_4q": -0.12,
            "eps_4q_growth_year": -134.22,
            "roe": 0.13,
            "roe_4q": -0.7700000000000001,
            "gross_profit": 10146,
            "gross_margin": 9.36,
            "gross_margin_4q_avg": 3.67,
            "net_income": 2816,
            "revenue": 108392,
            "common_shares": 1509517,
            "book_valuer_per_share": 14.27,
            "book_valuer_per_share_4q_avg": 14.38,
            "equity": 2154284,
            "current_ratio": 2788.54,
            "debt_ratio": 6.61,
            "inventory_turnover_ratio": 1.15,
            "account_receivable_turnover_ratio": 1.47,
            "reinvestment_rate": -100.24,
            "research_to_sale_ratio": null,
            "price_fair": 22.27,
            "eps_avg_yearly": 0.64,
            "eps_latest_yearly": 0.32,
            "eps_growth_yearly": 732.45
        },
        "20093": {
            "year_quarter": 20093,
            "year": 2009,
            "quarter": 3,
            "eps": 0.05,
            "eps_growth_year": -37.5,
            "eps_4q": -0.13,
            "eps_4q_growth_year": -140.68,
            "roe": 0.38,
            "roe_4q": -0.9700000000000001,
            "gross_profit": 21077,
            "gross_margin": 18.75,
            "gross_margin_4q_avg": 4.75,
            "net_income": 8233,
            "revenue": 112436,
            "common_shares": 1509517,
            "book_valuer_per_share": 14.34,
            "book_valuer_per_share_4q_avg": 14.33,
            "equity": 2164341,
            "current_ratio": 4360.62,
            "debt_ratio": 6.01,
            "inventory_turnover_ratio": 1.31,
            "account_receivable_turnover_ratio": 1.34,
            "reinvestment_rate": -169.91,
            "research_to_sale_ratio": null,
            "price_fair": 22.27,
            "eps_avg_yearly": 0.64,
            "eps_latest_yearly": 0.2,
            "eps_growth_yearly": 793.06
        },
        "20094": {
            "year_quarter": 20094,
            "year": 2009,
            "quarter": 4,
            "eps": 0.09,
            "eps_growth_year": null,
            "eps_4q": 0.14,
            "eps_4q_growth_year": 24.96,
            "roe": 0.62,
            "roe_4q": 0.9599999999999999,
            "gross_profit": 26826,
            "gross_margin": 21.49,
            "gross_margin_4q_avg": 13.14,
            "net_income": 13430,
            "revenue": 124842,
            "common_shares": 1509517,
            "book_valuer_per_share": 14.45,
            "book_valuer_per_share_4q_avg": 14.35,
            "equity": 2180669,
            "current_ratio": 4835.6,
            "debt_ratio": 5.98,
            "inventory_turnover_ratio": 1.28,
            "account_receivable_turnover_ratio": 2.48,
            "reinvestment_rate": -248.79,
            "research_to_sale_ratio": null,
            "price_fair": 12.6,
            "eps_avg_yearly": 0.36,
            "eps_latest_yearly": 0.36,
            "eps_growth_yearly": 240.33
        },
        "20101": {
            "year_quarter": 20101,
            "year": 2010,
            "quarter": 1,
            "eps": 0.08,
            "eps_growth_year": null,
            "eps_4q": 0.24,
            "eps_4q_growth_year": 482.28,
            "roe": 0.53,
            "roe_4q": 1.6599999999999997,
            "gross_profit": 25964,
            "gross_margin": 21.49,
            "gross_margin_4q_avg": 17.77,
            "net_income": 11657,
            "revenue": 120846,
            "common_shares": 1509517,
            "book_valuer_per_share": 14.52,
            "book_valuer_per_share_4q_avg": 14.4,
            "equity": 2192271,
            "current_ratio": 4004.65,
            "debt_ratio": 6.16,
            "inventory_turnover_ratio": 1.04,
            "account_receivable_turnover_ratio": 1.23,
            "reinvestment_rate": -278.71,
            "research_to_sale_ratio": 0.44,
            "price_fair": 12.22,
            "eps_avg_yearly": 0.35,
            "eps_latest_yearly": 0.32,
            "eps_growth_yearly": 267.95
        },
        "20102": {
            "year_quarter": 20102,
            "year": 2010,
            "quarter": 2,
            "eps": 0.12,
            "eps_growth_year": 511.68,
            "eps_4q": 0.34,
            "eps_4q_growth_year": null,
            "roe": 0.84,
            "roe_4q": 2.37,
            "gross_profit": 26220,
            "gross_margin": 18.34,
            "gross_margin_4q_avg": 20.02,
            "net_income": 18467,
            "revenue": 142965,
            "common_shares": 1509517,
            "book_valuer_per_share": 14.51,
            "book_valuer_per_share_4q_avg": 14.46,
            "equity": 2190433,
            "current_ratio": 2311.02,
            "debt_ratio": 6.98,
            "inventory_turnover_ratio": 1,
            "account_receivable_turnover_ratio": 1.33,
            "reinvestment_rate": -318.64,
            "research_to_sale_ratio": 0.42,
            "price_fair": 12.09,
            "eps_avg_yearly": 0.35,
            "eps_latest_yearly": 0.48,
            "eps_growth_yearly": 279.52
        },
        "20103": {
            "year_quarter": 20103,
            "year": 2010,
            "quarter": 3,
            "eps": 0.03,
            "eps_growth_year": -36.27,
            "eps_4q": 0.32,
            "eps_4q_growth_year": null,
            "roe": 0.22,
            "roe_4q": 2.21,
            "gross_profit": 16992,
            "gross_margin": 12,
            "gross_margin_4q_avg": 18.33,
            "net_income": 4810,
            "revenue": 141645,
            "common_shares": 1509517,
            "book_valuer_per_share": 14.55,
            "book_valuer_per_share_4q_avg": 14.51,
            "equity": 2196183,
            "current_ratio": 3658.2,
            "debt_ratio": 6.27,
            "inventory_turnover_ratio": 0.93,
            "account_receivable_turnover_ratio": 1.22,
            "reinvestment_rate": -349.17,
            "research_to_sale_ratio": 0.31,
            "price_fair": 11.43,
            "eps_avg_yearly": 0.33,
            "eps_latest_yearly": 0.12,
            "eps_growth_yearly": 231.22
        },
        "20104": {
            "year_quarter": 20104,
            "year": 2010,
            "quarter": 4,
            "eps": 0.16,
            "eps_growth_year": 79.89,
            "eps_4q": 0.39,
            "eps_4q_growth_year": 186.15,
            "roe": 1.11,
            "roe_4q": 2.7,
            "gross_profit": 31775,
            "gross_margin": 20.33,
            "gross_margin_4q_avg": 18.04,
            "net_income": 24439,
            "revenue": 156276,
            "common_shares": 1509517,
            "book_valuer_per_share": 14.72,
            "book_valuer_per_share_4q_avg": 14.58,
            "equity": 2221905,
            "current_ratio": 3004.2,
            "debt_ratio": 6.55,
            "inventory_turnover_ratio": 0.99,
            "account_receivable_turnover_ratio": 1.3,
            "reinvestment_rate": -345.39,
            "research_to_sale_ratio": 0.29,
            "price_fair": 12.28,
            "eps_avg_yearly": 0.35,
            "eps_latest_yearly": 0.64,
            "eps_growth_yearly": 346.77
        },
        "20111": {
            "year_quarter": 20111,
            "year": 2011,
            "quarter": 1,
            "eps": 0.05,
            "eps_growth_year": -37.5,
            "eps_4q": 0.37,
            "eps_4q_growth_year": 54.51,
            "roe": 0.36,
            "roe_4q": 2.5300000000000002,
            "gross_profit": 23249,
            "gross_margin": 16.03,
            "gross_margin_4q_avg": 16.68,
            "net_income": 8118,
            "revenue": 145059,
            "common_shares": 1509517,
            "book_valuer_per_share": 14.76,
            "book_valuer_per_share_4q_avg": 14.64,
            "equity": 2228605,
            "current_ratio": 3542.14,
            "debt_ratio": 6.33,
            "inventory_turnover_ratio": 1,
            "account_receivable_turnover_ratio": 1.2,
            "reinvestment_rate": -382.14,
            "research_to_sale_ratio": 0.31,
            "price_fair": 11.63,
            "eps_avg_yearly": 0.33,
            "eps_latest_yearly": 0.2,
            "eps_growth_yearly": 243.57
        },
        "20112": {
            "year_quarter": 20112,
            "year": 2011,
            "quarter": 2,
            "eps": 0.11,
            "eps_growth_year": -10.05,
            "eps_4q": 0.36,
            "eps_4q_growth_year": 4.23,
            "roe": 0.75,
            "roe_4q": 2.44,
            "gross_profit": 21938,
            "gross_margin": 15.07,
            "gross_margin_4q_avg": 15.86,
            "net_income": 16612,
            "revenue": 145546,
            "common_shares": 1509517,
            "book_valuer_per_share": 14.52,
            "book_valuer_per_share_4q_avg": 14.64,
            "equity": 2191866,
            "current_ratio": 1290.87,
            "debt_ratio": 8.63,
            "inventory_turnover_ratio": 0.86,
            "account_receivable_turnover_ratio": 1.19,
            "reinvestment_rate": -366.95,
            "research_to_sale_ratio": 0.32,
            "price_fair": 11.95,
            "eps_avg_yearly": 0.34,
            "eps_latest_yearly": 0.44,
            "eps_growth_yearly": 288.88
        },
        "20113": {
            "year_quarter": 20113,
            "year": 2011,
            "quarter": 3,
            "eps": 0.03,
            "eps_growth_year": -3.28,
            "eps_4q": 0.36,
            "eps_4q_growth_year": 11.28,
            "roe": 0.21,
            "roe_4q": 2.4299999999999997,
            "gross_profit": 17330,
            "gross_margin": 11.63,
            "gross_margin_4q_avg": 15.77,
            "net_income": 4652,
            "revenue": 149049,
            "common_shares": 1509517,
            "book_valuer_per_share": 14.54,
            "book_valuer_per_share_4q_avg": 14.64,
            "equity": 2194529,
            "current_ratio": 4942.85,
            "debt_ratio": 6.05,
            "inventory_turnover_ratio": 1.01,
            "account_receivable_turnover_ratio": 1.18,
            "reinvestment_rate": -404.11,
            "research_to_sale_ratio": 0.54,
            "price_fair": 11.2,
            "eps_avg_yearly": 0.32,
            "eps_latest_yearly": 0.12,
            "eps_growth_yearly": 258.81
        },
        "20114": {
            "year_quarter": 20114,
            "year": 2011,
            "quarter": 4,
            "eps": 0.15,
            "eps_growth_year": -9.91,
            "eps_4q": 0.34,
            "eps_4q_growth_year": -13.43,
            "roe": 1,
            "roe_4q": 2.32,
            "gross_profit": 22946,
            "gross_margin": 16.65,
            "gross_margin_4q_avg": 14.85,
            "net_income": 22016,
            "revenue": 137831,
            "common_shares": 1509517,
            "book_valuer_per_share": 14.67,
            "book_valuer_per_share_4q_avg": 14.62,
            "equity": 2214976,
            "current_ratio": 2362.78,
            "debt_ratio": 7.01,
            "inventory_turnover_ratio": 1.18,
            "account_receivable_turnover_ratio": 1.13,
            "reinvestment_rate": 52.4,
            "research_to_sale_ratio": 0.69,
            "price_fair": 12.49,
            "eps_avg_yearly": 0.36,
            "eps_latest_yearly": 0.6,
            "eps_growth_yearly": 403.43
        },
        "20121": {
            "year_quarter": 20121,
            "year": 2012,
            "quarter": 1,
            "eps": 0.05,
            "eps_growth_year": 0,
            "eps_4q": 0.34,
            "eps_4q_growth_year": -8.37,
            "roe": 0.36,
            "roe_4q": 2.32,
            "gross_profit": 20861,
            "gross_margin": 13.88,
            "gross_margin_4q_avg": 14.31,
            "net_income": 7879,
            "revenue": 150287,
            "common_shares": 1509517,
            "book_valuer_per_share": 14.73,
            "book_valuer_per_share_4q_avg": 14.62,
            "equity": 2223776,
            "current_ratio": 2978.61,
            "debt_ratio": 6.61,
            "inventory_turnover_ratio": 1.3,
            "account_receivable_turnover_ratio": 1.21,
            "reinvestment_rate": 53.58,
            "research_to_sale_ratio": 0.91,
            "price_fair": 12.6,
            "eps_avg_yearly": 0.36,
            "eps_latest_yearly": 0.2,
            "eps_growth_yearly": 372.66
        },
        "20122": {
            "year_quarter": 20122,
            "year": 2012,
            "quarter": 2,
            "eps": 0.2,
            "eps_growth_year": 83.46,
            "eps_4q": 0.43,
            "eps_4q_growth_year": 20.46,
            "roe": 1.38,
            "roe_4q": 2.9499999999999997,
            "gross_profit": 29396,
            "gross_margin": 17.58,
            "gross_margin_4q_avg": 14.94,
            "net_income": 30476,
            "revenue": 167165,
            "common_shares": 1509517,
            "book_valuer_per_share": 14.62,
            "book_valuer_per_share_4q_avg": 14.64,
            "equity": 2206550,
            "current_ratio": 1375.54,
            "debt_ratio": 8.41,
            "inventory_turnover_ratio": 1.09,
            "account_receivable_turnover_ratio": 1.26,
            "reinvestment_rate": 56.74,
            "research_to_sale_ratio": 1.27,
            "price_fair": 12.92,
            "eps_avg_yearly": 0.37,
            "eps_latest_yearly": 0.8,
            "eps_growth_yearly": 364.97
        },
        "20123": {
            "year_quarter": 20123,
            "year": 2012,
            "quarter": 3,
            "eps": 0.07,
            "eps_growth_year": 121.99,
            "eps_4q": 0.47,
            "eps_4q_growth_year": 31.36,
            "roe": 0.47,
            "roe_4q": 3.21,
            "gross_profit": 23660,
            "gross_margin": 15.44,
            "gross_margin_4q_avg": 15.89,
            "net_income": 10327,
            "revenue": 153208,
            "common_shares": 1509517,
            "book_valuer_per_share": 14.7,
            "book_valuer_per_share_4q_avg": 14.68,
            "equity": 2218277,
            "current_ratio": 2714,
            "debt_ratio": 6.77,
            "inventory_turnover_ratio": 0.9,
            "account_receivable_turnover_ratio": 1.17,
            "reinvestment_rate": 57.82,
            "research_to_sale_ratio": 0.56,
            "price_fair": 12.82,
            "eps_avg_yearly": 0.37,
            "eps_latest_yearly": 0.28,
            "eps_growth_yearly": 361.25
        },
        "20124": {
            "year_quarter": 20124,
            "year": 2012,
            "quarter": 4,
            "eps": 0.19,
            "eps_growth_year": 32.56,
            "eps_4q": 0.52,
            "eps_4q_growth_year": 51.5,
            "roe": 1.31,
            "roe_4q": 3.52,
            "gross_profit": 34769,
            "gross_margin": 19.31,
            "gross_margin_4q_avg": 16.55,
            "net_income": 29185,
            "revenue": 180083,
            "common_shares": 1509517,
            "book_valuer_per_share": 14.83,
            "book_valuer_per_share_4q_avg": 14.72,
            "equity": 2238467,
            "current_ratio": 2732.42,
            "debt_ratio": 6.97,
            "inventory_turnover_ratio": 0.97,
            "account_receivable_turnover_ratio": 1.33,
            "reinvestment_rate": 46.76,
            "research_to_sale_ratio": 0.31,
            "price_fair": 13.8,
            "eps_avg_yearly": 0.39,
            "eps_latest_yearly": 0.76,
            "eps_growth_yearly": 384.43
        },
        "20131": {
            "year_quarter": 20131,
            "year": 2013,
            "quarter": 1,
            "eps": 0.08,
            "eps_growth_year": 60,
            "eps_4q": 0.54,
            "eps_4q_growth_year": 60.24,
            "roe": 0.54,
            "roe_4q": 3.7,
            "gross_profit": 25083,
            "gross_margin": 15.24,
            "gross_margin_4q_avg": 16.89,
            "net_income": 11987,
            "revenue": 164602,
            "common_shares": 1509517,
            "book_valuer_per_share": 14.76,
            "book_valuer_per_share_4q_avg": 14.73,
            "equity": 2228109,
            "current_ratio": 2935.34,
            "debt_ratio": 7.7,
            "inventory_turnover_ratio": 0.97,
            "account_receivable_turnover_ratio": 1.2,
            "reinvestment_rate": 45.72,
            "research_to_sale_ratio": 0.42,
            "price_fair": 13.63,
            "eps_avg_yearly": 0.39,
            "eps_latest_yearly": 0.32,
            "eps_growth_yearly": 343.36
        },
        "20132": {
            "year_quarter": 20132,
            "year": 2013,
            "quarter": 2,
            "eps": 0.14,
            "eps_growth_year": -30.66,
            "eps_4q": 0.48,
            "eps_4q_growth_year": 11.55,
            "roe": 0.95,
            "roe_4q": 3.2699999999999996,
            "gross_profit": 22598,
            "gross_margin": 13.83,
            "gross_margin_4q_avg": 15.96,
            "net_income": 21037,
            "revenue": 163346,
            "common_shares": 1509517,
            "book_valuer_per_share": 14.45,
            "book_valuer_per_share_4q_avg": 14.69,
            "equity": 2181729,
            "current_ratio": 1203.65,
            "debt_ratio": 9.98,
            "inventory_turnover_ratio": 0.97,
            "account_receivable_turnover_ratio": 1.23,
            "reinvestment_rate": 45.93,
            "research_to_sale_ratio": 0.49,
            "price_fair": 14,
            "eps_avg_yearly": 0.4,
            "eps_latest_yearly": 0.56,
            "eps_growth_yearly": 340.65
        },
        "20133": {
            "year_quarter": 20133,
            "year": 2013,
            "quarter": 3,
            "eps": 0.12,
            "eps_growth_year": 75.41,
            "eps_4q": 0.53,
            "eps_4q_growth_year": 13.02,
            "roe": 0.81,
            "roe_4q": 3.61,
            "gross_profit": 26865,
            "gross_margin": 16.41,
            "gross_margin_4q_avg": 16.2,
            "net_income": 17691,
            "revenue": 163673,
            "common_shares": 1509517,
            "book_valuer_per_share": 14.58,
            "book_valuer_per_share_4q_avg": 14.66,
            "equity": 2200783,
            "current_ratio": 3326.7,
            "debt_ratio": 7.56,
            "inventory_turnover_ratio": 0.84,
            "account_receivable_turnover_ratio": 1.22,
            "reinvestment_rate": 40,
            "research_to_sale_ratio": 0.49,
            "price_fair": 14.61,
            "eps_avg_yearly": 0.42,
            "eps_latest_yearly": 0.48,
            "eps_growth_yearly": 299.58
        },
        "20134": {
            "year_quarter": 20134,
            "year": 2013,
            "quarter": 4,
            "eps": 0.17,
            "eps_growth_year": -12.5,
            "eps_4q": 0.51,
            "eps_4q_growth_year": -2.07,
            "roe": 1.15,
            "roe_4q": 3.45,
            "gross_profit": 27312,
            "gross_margin": 16.18,
            "gross_margin_4q_avg": 15.42,
            "net_income": 25537,
            "revenue": 168760,
            "common_shares": 1509517,
            "book_valuer_per_share": 14.82,
            "book_valuer_per_share_4q_avg": 14.65,
            "equity": 2237606,
            "current_ratio": 3823.03,
            "debt_ratio": 6.82,
            "inventory_turnover_ratio": 0.86,
            "account_receivable_turnover_ratio": 1.26,
            "reinvestment_rate": 9.96,
            "research_to_sale_ratio": 0.55,
            "price_fair": 15.31,
            "eps_avg_yearly": 0.44,
            "eps_latest_yearly": 0.68,
            "eps_growth_yearly": 290
        },
        "20141": {
            "year_quarter": 20141,
            "year": 2014,
            "quarter": 1,
            "eps": 0.11,
            "eps_growth_year": 37.5,
            "eps_4q": 0.54,
            "eps_4q_growth_year": -1.33,
            "roe": 0.74,
            "roe_4q": 3.6500000000000004,
            "gross_profit": 29444,
            "gross_margin": 17.3,
            "gross_margin_4q_avg": 15.93,
            "net_income": 16623,
            "revenue": 170240,
            "common_shares": 1509517,
            "book_valuer_per_share": 14.93,
            "book_valuer_per_share_4q_avg": 14.7,
            "equity": 2253618,
            "current_ratio": 3133.94,
            "debt_ratio": 7.05,
            "inventory_turnover_ratio": 0.91,
            "account_receivable_turnover_ratio": 1.31,
            "reinvestment_rate": 7.48,
            "research_to_sale_ratio": 0.52,
            "price_fair": 15.58,
            "eps_avg_yearly": 0.45,
            "eps_latest_yearly": 0.44,
            "eps_growth_yearly": 283.95
        },
        "20142": {
            "year_quarter": 20142,
            "year": 2014,
            "quarter": 2,
            "eps": 0.15,
            "eps_growth_year": 7.14,
            "eps_4q": 0.55,
            "eps_4q_growth_year": 13.6,
            "roe": 1.01,
            "roe_4q": 3.71,
            "gross_profit": 29807,
            "gross_margin": 16.64,
            "gross_margin_4q_avg": 16.63,
            "net_income": 22548,
            "revenue": 179157,
            "common_shares": 1509517,
            "book_valuer_per_share": 14.6,
            "book_valuer_per_share_4q_avg": 14.73,
            "equity": 2203272,
            "current_ratio": 1044.42,
            "debt_ratio": 10.04,
            "inventory_turnover_ratio": 0.88,
            "account_receivable_turnover_ratio": 1.36,
            "reinvestment_rate": 5.86,
            "research_to_sale_ratio": 0.52,
            "price_fair": 15.84,
            "eps_avg_yearly": 0.45,
            "eps_latest_yearly": 0.6,
            "eps_growth_yearly": 280.54
        },
        "20143": {
            "year_quarter": 20143,
            "year": 2014,
            "quarter": 3,
            "eps": 0.16,
            "eps_growth_year": 33.33,
            "eps_4q": 0.59,
            "eps_4q_growth_year": 11.06,
            "roe": 1.08,
            "roe_4q": 3.98,
            "gross_profit": 33294,
            "gross_margin": 16.75,
            "gross_margin_4q_avg": 16.72,
            "net_income": 24028,
            "revenue": 198735,
            "common_shares": 1509517,
            "book_valuer_per_share": 14.76,
            "book_valuer_per_share_4q_avg": 14.78,
            "equity": 2227615,
            "current_ratio": 3203.55,
            "debt_ratio": 7.05,
            "inventory_turnover_ratio": 0.98,
            "account_receivable_turnover_ratio": 1.34,
            "reinvestment_rate": 8.58,
            "research_to_sale_ratio": 0.46,
            "price_fair": 16.98,
            "eps_avg_yearly": 0.49,
            "eps_latest_yearly": 0.64,
            "eps_growth_yearly": 300.96
        },
        "20144": {
            "year_quarter": 20144,
            "year": 2014,
            "quarter": 4,
            "eps": 0.19,
            "eps_growth_year": 12.79,
            "eps_4q": 0.61,
            "eps_4q_growth_year": 20.65,
            "roe": 1.29,
            "roe_4q": 4.12,
            "gross_profit": 32834,
            "gross_margin": 16.36,
            "gross_margin_4q_avg": 16.76,
            "net_income": 28802,
            "revenue": 200648,
            "common_shares": 1509517,
            "book_valuer_per_share": 14.94,
            "book_valuer_per_share_4q_avg": 14.81,
            "equity": 2254855,
            "current_ratio": 2572.04,
            "debt_ratio": 7.42,
            "inventory_turnover_ratio": 1.11,
            "account_receivable_turnover_ratio": 1.27,
            "reinvestment_rate": 10.11,
            "research_to_sale_ratio": 0.49,
            "price_fair": 17.24,
            "eps_avg_yearly": 0.49,
            "eps_latest_yearly": 0.76,
            "eps_growth_yearly": 197.31
        },
        "20151": {
            "year_quarter": 20151,
            "year": 2015,
            "quarter": 1,
            "eps": 0.12,
            "eps_growth_year": 9.09,
            "eps_4q": 0.62,
            "eps_4q_growth_year": 15.12,
            "roe": 0.78,
            "roe_4q": 4.16,
            "gross_profit": 27690,
            "gross_margin": 14.57,
            "gross_margin_4q_avg": 16.08,
            "net_income": 17739,
            "revenue": 189991,
            "common_shares": 1509517,
            "book_valuer_per_share": 15.05,
            "book_valuer_per_share_4q_avg": 14.84,
            "equity": 2272235,
            "current_ratio": 3014.37,
            "debt_ratio": 7.12,
            "inventory_turnover_ratio": 1,
            "account_receivable_turnover_ratio": 1.2,
            "reinvestment_rate": 13.31,
            "research_to_sale_ratio": 0.43,
            "price_fair": 17.85,
            "eps_avg_yearly": 0.51,
            "eps_latest_yearly": 0.48,
            "eps_growth_yearly": 205.29
        },
        "20152": {
            "year_quarter": 20152,
            "year": 2015,
            "quarter": 2,
            "eps": 0.12,
            "eps_growth_year": -20,
            "eps_4q": 0.58,
            "eps_4q_growth_year": 6.86,
            "roe": 0.78,
            "roe_4q": 3.93,
            "gross_profit": 33560,
            "gross_margin": 18.18,
            "gross_margin_4q_avg": 16.47,
            "net_income": 17479,
            "revenue": 184563,
            "common_shares": 1509517,
            "book_valuer_per_share": 14.62,
            "book_valuer_per_share_4q_avg": 14.84,
            "equity": 2206528,
            "current_ratio": 931.06,
            "debt_ratio": 10.62,
            "inventory_turnover_ratio": 0.87,
            "account_receivable_turnover_ratio": 1.21,
            "reinvestment_rate": 7.99,
            "research_to_sale_ratio": 0.36,
            "price_fair": 17.94,
            "eps_avg_yearly": 0.51,
            "eps_latest_yearly": 0.48,
            "eps_growth_yearly": 175.29
        },
        "20153": {
            "year_quarter": 20153,
            "year": 2015,
            "quarter": 3,
            "eps": 0.12,
            "eps_growth_year": -25,
            "eps_4q": 0.54,
            "eps_4q_growth_year": -7.56,
            "roe": 0.81,
            "roe_4q": 3.66,
            "gross_profit": 22183,
            "gross_margin": 15.08,
            "gross_margin_4q_avg": 16.05,
            "net_income": 18004,
            "revenue": 147095,
            "common_shares": 1509517,
            "book_valuer_per_share": 14.73,
            "book_valuer_per_share_4q_avg": 14.84,
            "equity": 2222984,
            "current_ratio": 3398.87,
            "debt_ratio": 7.03,
            "inventory_turnover_ratio": 0.75,
            "account_receivable_turnover_ratio": 1.11,
            "reinvestment_rate": 11.69,
            "research_to_sale_ratio": 0,
            "price_fair": 18.73,
            "eps_avg_yearly": 0.54,
            "eps_latest_yearly": 0.48,
            "eps_growth_yearly": 193.47
        },
        "20154": {
            "year_quarter": 20154,
            "year": 2015,
            "quarter": 4,
            "eps": 0.11,
            "eps_growth_year": -43.02,
            "eps_4q": 0.46,
            "eps_4q_growth_year": -24.31,
            "roe": 0.74,
            "roe_4q": 3.1100000000000003,
            "gross_profit": 23394,
            "gross_margin": 17.05,
            "gross_margin_4q_avg": 16.22,
            "net_income": 16412,
            "revenue": 137215,
            "common_shares": 1509517,
            "book_valuer_per_share": 14.82,
            "book_valuer_per_share_4q_avg": 14.81,
            "equity": 2237155,
            "current_ratio": 2737.94,
            "debt_ratio": 7.31,
            "inventory_turnover_ratio": 0.78,
            "account_receivable_turnover_ratio": 1.23,
            "reinvestment_rate": 10.6,
            "research_to_sale_ratio": -0.1,
            "price_fair": 18.38,
            "eps_avg_yearly": 0.53,
            "eps_latest_yearly": 0.44,
            "eps_growth_yearly": 91.39
        },
        "20161": {
            "year_quarter": 20161,
            "year": 2016,
            "quarter": 1,
            "eps": 0.12,
            "eps_growth_year": 0,
            "eps_4q": 0.46,
            "eps_4q_growth_year": -25.51,
            "roe": 0.78,
            "roe_4q": 3.1100000000000003,
            "gross_profit": 23742,
            "gross_margin": 17.48,
            "gross_margin_4q_avg": 16.95,
            "net_income": 17469,
            "revenue": 135849,
            "common_shares": 1509517,
            "book_valuer_per_share": 14.96,
            "book_valuer_per_share_4q_avg": 14.78,
            "equity": 2257577,
            "current_ratio": 2592.73,
            "debt_ratio": 7.21,
            "inventory_turnover_ratio": 0.91,
            "account_receivable_turnover_ratio": 1.32,
            "reinvestment_rate": 59.74,
            "research_to_sale_ratio": 0,
            "price_fair": 18.99,
            "eps_avg_yearly": 0.54,
            "eps_latest_yearly": 0.48,
            "eps_growth_yearly": 110.33
        },
        "20162": {
            "year_quarter": 20162,
            "year": 2016,
            "quarter": 2,
            "eps": 0.2,
            "eps_growth_year": 66.67,
            "eps_4q": 0.54,
            "eps_4q_growth_year": -7.01,
            "roe": 1.34,
            "roe_4q": 3.6700000000000004,
            "gross_profit": 33104,
            "gross_margin": 21.35,
            "gross_margin_4q_avg": 17.74,
            "net_income": 29992,
            "revenue": 155076,
            "common_shares": 1509517,
            "book_valuer_per_share": 14.74,
            "book_valuer_per_share_4q_avg": 14.81,
            "equity": 2224371,
            "current_ratio": 1044.56,
            "debt_ratio": 9.51,
            "inventory_turnover_ratio": 0.98,
            "account_receivable_turnover_ratio": 1.45,
            "reinvestment_rate": 55.21,
            "research_to_sale_ratio": 0,
            "price_fair": 18.99,
            "eps_avg_yearly": 0.54,
            "eps_latest_yearly": 0.8,
            "eps_growth_yearly": 52
        },
        "20163": {
            "year_quarter": 20163,
            "year": 2016,
            "quarter": 3,
            "eps": 0.14,
            "eps_growth_year": 16.67,
            "eps_4q": 0.56,
            "eps_4q_growth_year": 3.97,
            "roe": 0.96,
            "roe_4q": 3.8200000000000003,
            "gross_profit": 35667,
            "gross_margin": 23.8,
            "gross_margin_4q_avg": 19.92,
            "net_income": 21405,
            "revenue": 149854,
            "common_shares": 1509517,
            "book_valuer_per_share": 14.88,
            "book_valuer_per_share_4q_avg": 14.85,
            "equity": 2246045,
            "current_ratio": 2402.39,
            "debt_ratio": 7.31,
            "inventory_turnover_ratio": 0.87,
            "account_receivable_turnover_ratio": 1.3,
            "reinvestment_rate": 53.61,
            "research_to_sale_ratio": 0,
            "price_fair": 19.6,
            "eps_avg_yearly": 0.56,
            "eps_latest_yearly": 0.56,
            "eps_growth_yearly": 60.75
        },
        "20164": {
            "year_quarter": 20164,
            "year": 2016,
            "quarter": 4,
            "eps": 0.2,
            "eps_growth_year": 82.32,
            "eps_4q": 0.65,
            "eps_4q_growth_year": 41.87,
            "roe": 1.32,
            "roe_4q": 4.4,
            "gross_profit": 36659,
            "gross_margin": 20.25,
            "gross_margin_4q_avg": 20.72,
            "net_income": 29922,
            "revenue": 181061,
            "common_shares": 1509517,
            "book_valuer_per_share": 15.06,
            "book_valuer_per_share_4q_avg": 14.91,
            "equity": 2273848,
            "current_ratio": 2135.82,
            "debt_ratio": 7.52,
            "inventory_turnover_ratio": 1.04,
            "account_receivable_turnover_ratio": 1.35,
            "reinvestment_rate": 57.07,
            "research_to_sale_ratio": 0,
            "price_fair": 19.69,
            "eps_avg_yearly": 0.56,
            "eps_latest_yearly": 0.8,
            "eps_growth_yearly": 28.6
        },
        "20171": {
            "year_quarter": 20171,
            "year": 2017,
            "quarter": 1,
            "eps": 0.12,
            "eps_growth_year": 0,
            "eps_4q": 0.66,
            "eps_4q_growth_year": 43.74,
            "roe": 0.81,
            "roe_4q": 4.43,
            "gross_profit": 24205,
            "gross_margin": 15.84,
            "gross_margin_4q_avg": 20.31,
            "net_income": 18383,
            "revenue": 152814,
            "common_shares": 1509517,
            "book_valuer_per_share": 15.19,
            "book_valuer_per_share_4q_avg": 14.97,
            "equity": 2292824,
            "current_ratio": 2289.48,
            "debt_ratio": 7.26,
            "inventory_turnover_ratio": 0.93,
            "account_receivable_turnover_ratio": 1.09,
            "reinvestment_rate": 58.03,
            "research_to_sale_ratio": null,
            "price_fair": 20.04,
            "eps_avg_yearly": 0.57,
            "eps_latest_yearly": 0.48,
            "eps_growth_yearly": 33.08
        },
        "20172": {
            "year_quarter": 20172,
            "year": 2017,
            "quarter": 2,
            "eps": 0.19,
            "eps_growth_year": -5,
            "eps_4q": 0.65,
            "eps_4q_growth_year": 20.69,
            "roe": 1.29,
            "roe_4q": 4.38,
            "gross_profit": 32124,
            "gross_margin": 20.18,
            "gross_margin_4q_avg": 20.02,
            "net_income": 29110,
            "revenue": 159199,
            "common_shares": 1509517,
            "book_valuer_per_share": 14.8,
            "book_valuer_per_share_4q_avg": 14.98,
            "equity": 2233467,
            "current_ratio": 788.25,
            "debt_ratio": 10.73,
            "inventory_turnover_ratio": 0.8,
            "account_receivable_turnover_ratio": 1.29,
            "reinvestment_rate": 47.8,
            "research_to_sale_ratio": null,
            "price_fair": 20.48,
            "eps_avg_yearly": 0.59,
            "eps_latest_yearly": 0.76,
            "eps_growth_yearly": 28.91
        },
        "20173": {
            "year_quarter": 20173,
            "year": 2017,
            "quarter": 3,
            "eps": 0.07,
            "eps_growth_year": -50,
            "eps_4q": 0.58,
            "eps_4q_growth_year": 2.94,
            "roe": 0.46,
            "roe_4q": 3.88,
            "gross_profit": 16294,
            "gross_margin": 9.45,
            "gross_margin_4q_avg": 16.43,
            "net_income": 10374,
            "revenue": 172340,
            "common_shares": 1509517,
            "book_valuer_per_share": 14.87,
            "book_valuer_per_share_4q_avg": 14.98,
            "equity": 2245359,
            "current_ratio": 3131.56,
            "debt_ratio": 6.82,
            "inventory_turnover_ratio": 0.98,
            "account_receivable_turnover_ratio": 1.38,
            "reinvestment_rate": 49.71,
            "research_to_sale_ratio": 0,
            "price_fair": 15.28,
            "eps_avg_yearly": 0.57,
            "eps_latest_yearly": 0.28,
            "eps_growth_yearly": 16.69
        },
        "20174": {
            "year_quarter": 20174,
            "year": 2017,
            "quarter": 4,
            "eps": 0.1,
            "eps_growth_year": -49.33,
            "eps_4q": 0.48,
            "eps_4q_growth_year": -26.08,
            "roe": 0.67,
            "roe_4q": 3.23,
            "gross_profit": 29644,
            "gross_margin": 16.52,
            "gross_margin_4q_avg": 15.5,
            "net_income": 15161,
            "revenue": 179447,
            "common_shares": 1509517,
            "book_valuer_per_share": 14.99,
            "book_valuer_per_share_4q_avg": 14.96,
            "equity": 2262238,
            "current_ratio": 2708.33,
            "debt_ratio": 6.92,
            "inventory_turnover_ratio": 1.05,
            "account_receivable_turnover_ratio": 1.23,
            "reinvestment_rate": 48.09,
            "research_to_sale_ratio": null,
            "price_fair": 14.98,
            "eps_avg_yearly": 0.56,
            "eps_latest_yearly": 0.4,
            "eps_growth_yearly": 16.99
        },
        "20181": {
            "year_quarter": 20181,
            "year": 2018,
            "quarter": 1,
            "eps": 0.23,
            "eps_growth_year": 91.67,
            "eps_4q": 0.6,
            "eps_4q_growth_year": -9.69,
            "roe": 1.55,
            "roe_4q": 3.97,
            "gross_profit": 23434,
            "gross_margin": 12.98,
            "gross_margin_4q_avg": 14.78,
            "net_income": 35392,
            "revenue": 180566,
            "common_shares": 1509517,
            "book_valuer_per_share": 15.26,
            "book_valuer_per_share_4q_avg": 14.98,
            "equity": 2302807,
            "current_ratio": 2751.26,
            "debt_ratio": 6.76,
            "inventory_turnover_ratio": 0.92,
            "account_receivable_turnover_ratio": 1.18,
            "reinvestment_rate": 49.34,
            "research_to_sale_ratio": null,
            "price_fair": 20.48,
            "eps_avg_yearly": 0.59,
            "eps_latest_yearly": 0.92,
            "eps_growth_yearly": 58.31
        },
        "20182": {
            "year_quarter": 20182,
            "year": 2018,
            "quarter": 2,
            "eps": 0.24,
            "eps_growth_year": 26.32,
            "eps_4q": 0.64,
            "eps_4q_growth_year": -2.37,
            "roe": 1.55,
            "roe_4q": 4.23,
            "gross_profit": 22503,
            "gross_margin": 12.83,
            "gross_margin_4q_avg": 12.95,
            "net_income": 35554,
            "revenue": 175419,
            "common_shares": 1509517,
            "book_valuer_per_share": 15.05,
            "book_valuer_per_share_4q_avg": 15.04,
            "equity": 2272567,
            "current_ratio": 971.62,
            "debt_ratio": 9.42,
            "inventory_turnover_ratio": 0.79,
            "account_receivable_turnover_ratio": 1.22,
            "reinvestment_rate": 46.74,
            "research_to_sale_ratio": null,
            "price_fair": 21.26,
            "eps_avg_yearly": 0.61,
            "eps_latest_yearly": 0.96,
            "eps_growth_yearly": 50.31
        },
        "20183": {
            "year_quarter": 20183,
            "year": 2018,
            "quarter": 3,
            "eps": 0.19,
            "eps_growth_year": 171.43,
            "eps_4q": 0.76,
            "eps_4q_growth_year": 31.22,
            "roe": 1.27,
            "roe_4q": 5.04,
            "gross_profit": 16915,
            "gross_margin": 10.71,
            "gross_margin_4q_avg": 13.26,
            "net_income": 29087,
            "revenue": 157882,
            "common_shares": 1509517,
            "book_valuer_per_share": 15.24,
            "book_valuer_per_share_4q_avg": 15.14,
            "equity": 2301143,
            "current_ratio": 2346.84,
            "debt_ratio": 6.9,
            "inventory_turnover_ratio": 0.71,
            "account_receivable_turnover_ratio": 1.2,
            "reinvestment_rate": 50.97,
            "research_to_sale_ratio": 0,
            "price_fair": 21.53,
            "eps_avg_yearly": 0.62,
            "eps_latest_yearly": 0.76,
            "eps_growth_yearly": 43.43
        },
        "20184": {
            "year_quarter": 20184,
            "year": 2018,
            "quarter": 4,
            "eps": 0.1,
            "eps_growth_year": 1.83,
            "eps_4q": 0.76,
            "eps_4q_growth_year": 58.12,
            "roe": 0.67,
            "roe_4q": 5.04,
            "gross_profit": 12208,
            "gross_margin": 7.74,
            "gross_margin_4q_avg": 11.07,
            "net_income": 15439,
            "revenue": 157744,
            "common_shares": 1509517,
            "book_valuer_per_share": 15.33,
            "book_valuer_per_share_4q_avg": 15.22,
            "equity": 2314546,
            "current_ratio": 2806.33,
            "debt_ratio": 6.46,
            "inventory_turnover_ratio": 0.77,
            "account_receivable_turnover_ratio": 1.36,
            "reinvestment_rate": 53.65,
            "research_to_sale_ratio": null,
            "price_fair": 20.74,
            "eps_avg_yearly": 0.59,
            "eps_latest_yearly": 0.4,
            "eps_growth_yearly": 26.9
        },
        "20191": {
            "year_quarter": 20191,
            "year": 2019,
            "quarter": 1,
            "eps": 0.13,
            "eps_growth_year": -43.48,
            "eps_4q": 0.66,
            "eps_4q_growth_year": 9.97,
            "roe": 0.81,
            "roe_4q": 4.3,
            "gross_profit": 16648,
            "gross_margin": 10.98,
            "gross_margin_4q_avg": 10.57,
            "net_income": 18936,
            "revenue": 151564,
            "common_shares": 1509517,
            "book_valuer_per_share": 15.46,
            "book_valuer_per_share_4q_avg": 15.27,
            "equity": 2334133,
            "current_ratio": 2702.2,
            "debt_ratio": 6.42,
            "inventory_turnover_ratio": 0.8,
            "account_receivable_turnover_ratio": 1.41,
            "reinvestment_rate": 56.14,
            "research_to_sale_ratio": null,
            "price_fair": 20.83,
            "eps_avg_yearly": 0.6,
            "eps_latest_yearly": 0.52,
            "eps_growth_yearly": 43.62
        },
        "20192": {
            "year_quarter": 20192,
            "year": 2019,
            "quarter": 2,
            "eps": 0.28,
            "eps_growth_year": 16.67,
            "eps_4q": 0.7,
            "eps_4q_growth_year": 10.23,
            "roe": 1.86,
            "roe_4q": 4.609999999999999,
            "gross_profit": 21228,
            "gross_margin": 13.67,
            "gross_margin_4q_avg": 10.78,
            "net_income": 42892,
            "revenue": 155308,
            "common_shares": 1509517,
            "book_valuer_per_share": 15.01,
            "book_valuer_per_share_4q_avg": 15.26,
            "equity": 2266511,
            "current_ratio": 727.58,
            "debt_ratio": 10.36,
            "inventory_turnover_ratio": 0.84,
            "account_receivable_turnover_ratio": 1.34,
            "reinvestment_rate": 54.03,
            "research_to_sale_ratio": null,
            "price_fair": 22.23,
            "eps_avg_yearly": 0.64,
            "eps_latest_yearly": 1.12,
            "eps_growth_yearly": 72.46
        },
        "20193": {
            "year_quarter": 20193,
            "year": 2019,
            "quarter": 3,
            "eps": 0.02,
            "eps_growth_year": -89.47,
            "eps_4q": 0.53,
            "eps_4q_growth_year": -30.65,
            "roe": 0.12,
            "roe_4q": 3.46,
            "gross_profit": 14026,
            "gross_margin": 10.36,
            "gross_margin_4q_avg": 10.69,
            "net_income": 2619,
            "revenue": 135336,
            "common_shares": 1509517,
            "book_valuer_per_share": 15.04,
            "book_valuer_per_share_4q_avg": 15.21,
            "equity": 2270983,
            "current_ratio": 2197.15,
            "debt_ratio": 6.7,
            "inventory_turnover_ratio": 0.77,
            "account_receivable_turnover_ratio": 1.12,
            "reinvestment_rate": 55.17,
            "research_to_sale_ratio": null,
            "price_fair": 21.35,
            "eps_avg_yearly": 0.61,
            "eps_latest_yearly": 0.08,
            "eps_growth_yearly": 49.25
        },
        "20194": {
            "year_quarter": 20194,
            "year": 2019,
            "quarter": 4,
            "eps": 0.21,
            "eps_growth_year": 107.38,
            "eps_4q": 0.64,
            "eps_4q_growth_year": -16.46,
            "roe": 1.4,
            "roe_4q": 4.1899999999999995,
            "gross_profit": 15133,
            "gross_margin": 10.02,
            "gross_margin_4q_avg": 11.26,
            "net_income": 32017,
            "revenue": 150995,
            "common_shares": 1509517,
            "book_valuer_per_share": 15.25,
            "book_valuer_per_share_4q_avg": 15.19,
            "equity": 2301736,
            "current_ratio": 2729.86,
            "debt_ratio": 6.27,
            "inventory_turnover_ratio": 0.93,
            "account_receivable_turnover_ratio": 1.35,
            "reinvestment_rate": 60.23,
            "research_to_sale_ratio": null,
            "price_fair": 22.23,
            "eps_avg_yearly": 0.64,
            "eps_latest_yearly": 0.84,
            "eps_growth_yearly": 288.83
        },
        "20201": {
            "year_quarter": 20201,
            "year": 2020,
            "quarter": 1,
            "eps": 0.1,
            "eps_growth_year": -23.08,
            "eps_4q": 0.62,
            "eps_4q_growth_year": -6.07,
            "roe": 0.67,
            "roe_4q": 4.05,
            "gross_profit": 19892,
            "gross_margin": 15.23,
            "gross_margin_4q_avg": 12.32,
            "net_income": 15474,
            "revenue": 130601,
            "common_shares": 1509517,
            "book_valuer_per_share": 15.34,
            "book_valuer_per_share_4q_avg": 15.16,
            "equity": 2315752,
            "current_ratio": 2505.04,
            "debt_ratio": 6.32,
            "inventory_turnover_ratio": 0.75,
            "account_receivable_turnover_ratio": 1.3,
            "reinvestment_rate": 20.4,
            "research_to_sale_ratio": null,
            "price_fair": 22.05,
            "eps_avg_yearly": 0.63,
            "eps_latest_yearly": 0.4,
            "eps_growth_yearly": 273.46
        },
        "20202": {
            "year_quarter": 20202,
            "year": 2020,
            "quarter": 2,
            "eps": 0.05,
            "eps_growth_year": -82.14,
            "eps_4q": 0.38,
            "eps_4q_growth_year": -46.11,
            "roe": 0.31,
            "roe_4q": 2.5,
            "gross_profit": 15836,
            "gross_margin": 15.04,
            "gross_margin_4q_avg": 12.66,
            "net_income": 7201,
            "revenue": 105321,
            "common_shares": 1509517,
            "book_valuer_per_share": 15.01,
            "book_valuer_per_share_4q_avg": 15.16,
            "equity": 2265083,
            "current_ratio": 784.03,
            "debt_ratio": 9.39,
            "inventory_turnover_ratio": 0.53,
            "account_receivable_turnover_ratio": 1.18,
            "reinvestment_rate": 14.75,
            "research_to_sale_ratio": null,
            "price_fair": 20.74,
            "eps_avg_yearly": 0.59,
            "eps_latest_yearly": 0.2,
            "eps_growth_yearly": 244.3
        },
        "20203": {
            "year_quarter": 20203,
            "year": 2020,
            "quarter": 3,
            "eps": 0.12,
            "eps_growth_year": 500,
            "eps_4q": 0.48,
            "eps_4q_growth_year": -9.36,
            "roe": 0.78,
            "roe_4q": 3.16,
            "gross_profit": 13101,
            "gross_margin": 11.69,
            "gross_margin_4q_avg": 13,
            "net_income": 17714,
            "revenue": 112053,
            "common_shares": 1509517,
            "book_valuer_per_share": 15.08,
            "book_valuer_per_share_4q_avg": 15.17,
            "equity": 2275627,
            "current_ratio": 2377.08,
            "debt_ratio": 6.27,
            "inventory_turnover_ratio": 0.57,
            "account_receivable_turnover_ratio": 1.33,
            "reinvestment_rate": 19.37,
            "research_to_sale_ratio": null,
            "price_fair": 20.56,
            "eps_avg_yearly": 0.59,
            "eps_latest_yearly": 0.48,
            "eps_growth_yearly": 286.8
        },
        "20204": {
            "year_quarter": 20204,
            "year": 2020,
            "quarter": 4,
            "eps": 0.34,
            "eps_growth_year": 59.43,
            "eps_4q": 0.61,
            "eps_4q_growth_year": -5.22,
            "roe": 2.21,
            "roe_4q": 3.97,
            "gross_profit": 17448,
            "gross_margin": 13.67,
            "gross_margin_4q_avg": 13.91,
            "net_income": 51044,
            "revenue": 127669,
            "common_shares": 1509517,
            "book_valuer_per_share": 15.5,
            "book_valuer_per_share_4q_avg": 15.23,
            "equity": 2339296,
            "current_ratio": 2703.23,
            "debt_ratio": 5.83,
            "inventory_turnover_ratio": 0.68,
            "account_receivable_turnover_ratio": 1.36,
            "reinvestment_rate": 27.79,
            "research_to_sale_ratio": null,
            "price_fair": 21.79,
            "eps_avg_yearly": 0.62,
            "eps_latest_yearly": 1.36,
            "eps_growth_yearly": 321.91
        },
        "20211": {
            "year_quarter": 20211,
            "year": 2021,
            "quarter": 1,
            "eps": 0.23,
            "eps_growth_year": 130,
            "eps_4q": 0.73,
            "eps_4q_growth_year": 18.49,
            "roe": 1.44,
            "roe_4q": 4.739999999999999,
            "gross_profit": 18154,
            "gross_margin": 13.54,
            "gross_margin_4q_avg": 13.49,
            "net_income": 34235,
            "revenue": 134092,
            "common_shares": 1509517,
            "book_valuer_per_share": 16.02,
            "book_valuer_per_share_4q_avg": 15.4,
            "equity": 2418447,
            "current_ratio": 2584.13,
            "debt_ratio": 5.64,
            "inventory_turnover_ratio": 0.73,
            "account_receivable_turnover_ratio": 1.16,
            "reinvestment_rate": 32.2,
            "research_to_sale_ratio": null,
            "price_fair": 22.75,
            "eps_avg_yearly": 0.65,
            "eps_latest_yearly": 0.92,
            "eps_growth_yearly": 323.83
        },
        "20212": {
            "year_quarter": 20212,
            "year": 2021,
            "quarter": 2,
            "eps": 0.28,
            "eps_growth_year": 460,
            "eps_4q": 0.96,
            "eps_4q_growth_year": 153.39,
            "roe": 1.73,
            "roe_4q": 6.16,
            "gross_profit": 26104,
            "gross_margin": 16.78,
            "gross_margin_4q_avg": 13.92,
            "net_income": 42228,
            "revenue": 155590,
            "common_shares": 1509517,
            "book_valuer_per_share": 16.33,
            "book_valuer_per_share_4q_avg": 15.73,
            "equity": 2464356,
            "current_ratio": 2199.84,
            "debt_ratio": 5.8,
            "inventory_turnover_ratio": 0.65,
            "account_receivable_turnover_ratio": 1.19,
            "reinvestment_rate": 31.41,
            "research_to_sale_ratio": null,
            "price_fair": 23.54,
            "eps_avg_yearly": 0.67,
            "eps_latest_yearly": 1.12,
            "eps_growth_yearly": 314.68
        },
        "20213": {
            "year_quarter": 20213,
            "year": 2021,
            "quarter": 3,
            "eps": 0.28,
            "eps_growth_year": 133.33,
            "eps_4q": 1.12,
            "eps_4q_growth_year": 133.88,
            "roe": 1.73,
            "roe_4q": 7.11,
            "gross_profit": 17734,
            "gross_margin": 11.24,
            "gross_margin_4q_avg": 13.81,
            "net_income": 41834,
            "revenue": 157802,
            "common_shares": 1509517,
            "book_valuer_per_share": 15.67,
            "book_valuer_per_share_4q_avg": 15.88,
            "equity": 2365281,
            "current_ratio": 1587.92,
            "debt_ratio": 6.37,
            "inventory_turnover_ratio": 0.63,
            "account_receivable_turnover_ratio": 1.14,
            "reinvestment_rate": 33.71,
            "research_to_sale_ratio": null,
            "price_fair": 25.38,
            "eps_avg_yearly": 0.73,
            "eps_latest_yearly": 1.12,
            "eps_growth_yearly": 330.47
        },
        "20214": {
            "year_quarter": 20214,
            "year": 2021,
            "quarter": 4,
            "eps": 0.26,
            "eps_growth_year": -23.22,
            "eps_4q": 1.04,
            "eps_4q_growth_year": 72.24,
            "roe": 1.64,
            "roe_4q": 6.539999999999999,
            "gross_profit": 25217,
            "gross_margin": 14.24,
            "gross_margin_4q_avg": 13.95,
            "net_income": 39190,
            "revenue": 177115,
            "common_shares": 1509517,
            "book_valuer_per_share": 16.07,
            "book_valuer_per_share_4q_avg": 16.02,
            "equity": 2425165,
            "current_ratio": 1585.32,
            "debt_ratio": 6.08,
            "inventory_turnover_ratio": 0.65,
            "account_receivable_turnover_ratio": 1.23,
            "reinvestment_rate": 37.96,
            "research_to_sale_ratio": null,
            "price_fair": 26.78,
            "eps_avg_yearly": 0.77,
            "eps_latest_yearly": 1.04,
            "eps_growth_yearly": 317.97
        },
        "20221": {
            "year_quarter": 20221,
            "year": 2022,
            "quarter": 1,
            "eps": 0.3,
            "eps_growth_year": 30.43,
            "eps_4q": 1.12,
            "eps_4q_growth_year": 53.08,
            "roe": 1.85,
            "roe_4q": 6.950000000000001,
            "gross_profit": 18104,
            "gross_margin": 11.23,
            "gross_margin_4q_avg": 13.37,
            "net_income": 45436,
            "revenue": 161204,
            "common_shares": 1509517,
            "book_valuer_per_share": 16.39,
            "book_valuer_per_share_4q_avg": 16.12,
            "equity": 2474029,
            "current_ratio": 1832.55,
            "debt_ratio": 5.7,
            "inventory_turnover_ratio": 0.57,
            "account_receivable_turnover_ratio": 1.15,
            "reinvestment_rate": 44.26,
            "research_to_sale_ratio": null,
            "price_fair": 27.39,
            "eps_avg_yearly": 0.78,
            "eps_latest_yearly": 1.2,
            "eps_growth_yearly": 289.31
        },
        "20222": {
            "year_quarter": 20222,
            "year": 2022,
            "quarter": 2,
            "eps": 0.31,
            "eps_growth_year": 10.71,
            "eps_4q": 1.15,
            "eps_4q_growth_year": 19.41,
            "roe": 1.93,
            "roe_4q": 7.15,
            "gross_profit": 30818,
            "gross_margin": 18.34,
            "gross_margin_4q_avg": 13.76,
            "net_income": 46953,
            "revenue": 167993,
            "common_shares": 1509517,
            "book_valuer_per_share": 15.83,
            "book_valuer_per_share_4q_avg": 15.99,
            "equity": 2388926,
            "current_ratio": 442.57,
            "debt_ratio": 10.62,
            "inventory_turnover_ratio": 0.5,
            "account_receivable_turnover_ratio": 1.3,
            "reinvestment_rate": 46.11,
            "research_to_sale_ratio": null,
            "price_fair": 28,
            "eps_avg_yearly": 0.8,
            "eps_latest_yearly": 1.24,
            "eps_growth_yearly": 289.06
        },
        "20223": {
            "year_quarter": 20223,
            "year": 2022,
            "quarter": 3,
            "eps": 0.77,
            "eps_growth_year": 175,
            "eps_4q": 1.64,
            "eps_4q_growth_year": 46.17,
            "roe": 4.74,
            "roe_4q": 10.16,
            "gross_profit": 16090,
            "gross_margin": 11.45,
            "gross_margin_4q_avg": 13.82,
            "net_income": 115939,
            "revenue": 140512,
            "common_shares": 1509517,
            "book_valuer_per_share": 16.59,
            "book_valuer_per_share_4q_avg": 16.22,
            "equity": 2503691,
            "current_ratio": 1219.46,
            "debt_ratio": 6.2,
            "inventory_turnover_ratio": 0.41,
            "account_receivable_turnover_ratio": 1.29,
            "reinvestment_rate": 54.44,
            "research_to_sale_ratio": null,
            "price_fair": 33.08,
            "eps_avg_yearly": 0.95,
            "eps_latest_yearly": 3.08,
            "eps_growth_yearly": 331.36
        },
        "20224": {
            "year_quarter": 20224,
            "year": 2022,
            "quarter": 4,
            "eps": 0.51,
            "eps_growth_year": 97.96,
            "eps_4q": 1.89,
            "eps_4q_growth_year": 81.54,
            "roe": 3.05,
            "roe_4q": 11.57,
            "gross_profit": -1795,
            "gross_margin": -1.76,
            "gross_margin_4q_avg": 9.82,
            "net_income": 77580,
            "revenue": 101749,
            "common_shares": 1509517,
            "book_valuer_per_share": 17.13,
            "book_valuer_per_share_4q_avg": 16.49,
            "equity": 2585299,
            "current_ratio": 1261.05,
            "debt_ratio": 6,
            "inventory_turnover_ratio": 0.36,
            "account_receivable_turnover_ratio": 1.17,
            "reinvestment_rate": 63.49,
            "research_to_sale_ratio": null,
            "price_fair": 36.66,
            "eps_avg_yearly": 1.05,
            "eps_latest_yearly": 2.04,
            "eps_growth_yearly": 334.77
        },
        "20231": {
            "year_quarter": 20231,
            "year": 2023,
            "quarter": 1,
            "eps": 0.59,
            "eps_growth_year": 96.67,
            "eps_4q": 2.19,
            "eps_4q_growth_year": 95.75,
            "roe": 3.41,
            "roe_4q": 13.129999999999999,
            "gross_profit": 8715,
            "gross_margin": 7.08,
            "gross_margin_4q_avg": 8.78,
            "net_income": 89731,
            "revenue": 123042,
            "common_shares": 1509517,
            "book_valuer_per_share": 17.77,
            "book_valuer_per_share_4q_avg": 16.83,
            "equity": 2682896,
            "current_ratio": 1483.9,
            "debt_ratio": 5.44,
            "inventory_turnover_ratio": 0.46,
            "account_receivable_turnover_ratio": 1.46,
            "reinvestment_rate": 69.67,
            "research_to_sale_ratio": null,
            "price_fair": 40.69,
            "eps_avg_yearly": 1.16,
            "eps_latest_yearly": 2.36,
            "eps_growth_yearly": 331.19
        }
    },
    "months": {
        "2001-06": {
            "month": "2001-06",
            "price": "6.64",
            "revenue": 73539
        },
        "2001-07": {
            "month": "2001-07",
            "price": "6.04",
            "revenue": 65329
        },
        "2001-08": {
            "month": "2001-08",
            "price": "6.60",
            "revenue": 72924
        },
        "2001-09": {
            "month": "2001-09",
            "price": "6.54",
            "revenue": 59939
        },
        "2001-10": {
            "month": "2001-10",
            "price": "6.64",
            "revenue": 79244
        },
        "2001-11": {
            "month": "2001-11",
            "price": "6.70",
            "revenue": 81029
        },
        "2001-12": {
            "month": "2001-12",
            "price": "7.73",
            "revenue": 63387
        },
        "2002-01": {
            "month": "2002-01",
            "price": "8.42",
            "revenue": 68185
        },
        "2002-02": {
            "month": "2002-02",
            "price": "8.85",
            "revenue": 40149
        },
        "2002-03": {
            "month": "2002-03",
            "price": "9.09",
            "revenue": 76833
        },
        "2002-04": {
            "month": "2002-04",
            "price": "11.86",
            "revenue": 76206
        },
        "2002-05": {
            "month": "2002-05",
            "price": "9.51",
            "revenue": 68571
        },
        "2002-06": {
            "month": "2002-06",
            "price": "9.65",
            "revenue": 66682
        },
        "2002-07": {
            "month": "2002-07",
            "price": "9.31",
            "revenue": 61150
        },
        "2002-08": {
            "month": "2002-08",
            "price": "8.70",
            "revenue": 60141
        },
        "2002-09": {
            "month": "2002-09",
            "price": "7.66",
            "revenue": 58138
        },
        "2002-10": {
            "month": "2002-10",
            "price": "6.98",
            "revenue": 66419
        },
        "2002-11": {
            "month": "2002-11",
            "price": "7.92",
            "revenue": 65238
        },
        "2002-12": {
            "month": "2002-12",
            "price": "8.24",
            "revenue": 68109
        },
        "2003-01": {
            "month": "2003-01",
            "price": "9.09",
            "revenue": 70000
        },
        "2003-02": {
            "month": "2003-02",
            "price": "8.29",
            "revenue": 42169
        },
        "2003-03": {
            "month": "2003-03",
            "price": "8.27",
            "revenue": 62835
        },
        "2003-04": {
            "month": "2003-04",
            "price": "8.06",
            "revenue": 74720
        },
        "2003-05": {
            "month": "2003-05",
            "price": "7.27",
            "revenue": 66343
        },
        "2003-06": {
            "month": "2003-06",
            "price": "8.14",
            "revenue": 62903
        },
        "2003-07": {
            "month": "2003-07",
            "price": "8.43",
            "revenue": 63136
        },
        "2003-08": {
            "month": "2003-08",
            "price": "8.54",
            "revenue": 59393
        },
        "2003-09": {
            "month": "2003-09",
            "price": "8.65",
            "revenue": 67775
        },
        "2003-10": {
            "month": "2003-10",
            "price": "9.60",
            "revenue": 58559
        },
        "2003-11": {
            "month": "2003-11",
            "price": "9.41",
            "revenue": 63282
        },
        "2003-12": {
            "month": "2003-12",
            "price": "9.05",
            "revenue": 68789
        },
        "2004-01": {
            "month": "2004-01",
            "price": "10.05",
            "revenue": 66915
        },
        "2004-02": {
            "month": "2004-02",
            "price": "13.51",
            "revenue": 64621
        },
        "2004-03": {
            "month": "2004-03",
            "price": "12.57",
            "revenue": 80237
        },
        "2004-04": {
            "month": "2004-04",
            "price": "11.30",
            "revenue": 81368
        },
        "2004-05": {
            "month": "2004-05",
            "price": "9.32",
            "revenue": 69856
        },
        "2004-06": {
            "month": "2004-06",
            "price": "9.34",
            "revenue": 71151
        },
        "2004-07": {
            "month": "2004-07",
            "price": "8.92",
            "revenue": 68354
        },
        "2004-08": {
            "month": "2004-08",
            "price": "8.68",
            "revenue": 70427
        },
        "2004-09": {
            "month": "2004-09",
            "price": "9.59",
            "revenue": 68152
        },
        "2004-10": {
            "month": "2004-10",
            "price": "10.22",
            "revenue": 70497
        },
        "2004-11": {
            "month": "2004-11",
            "price": "10.56",
            "revenue": 84694
        },
        "2004-12": {
            "month": "2004-12",
            "price": "10.87",
            "revenue": 66131
        },
        "2005-01": {
            "month": "2005-01",
            "price": "11.48",
            "revenue": 64634
        },
        "2005-02": {
            "month": "2005-02",
            "price": "10.82",
            "revenue": 53691
        },
        "2005-03": {
            "month": "2005-03",
            "price": "10.70",
            "revenue": 69815
        },
        "2005-04": {
            "month": "2005-04",
            "price": "9.38",
            "revenue": 70151
        },
        "2005-05": {
            "month": "2005-05",
            "price": "9.19",
            "revenue": 64914
        },
        "2005-06": {
            "month": "2005-06",
            "price": "10.00",
            "revenue": 59649
        },
        "2005-07": {
            "month": "2005-07",
            "price": "9.75",
            "revenue": 59898
        },
        "2005-08": {
            "month": "2005-08",
            "price": "9.87",
            "revenue": 64663
        },
        "2005-09": {
            "month": "2005-09",
            "price": "9.35",
            "revenue": 62559
        },
        "2005-10": {
            "month": "2005-10",
            "price": "9.15",
            "revenue": 76840
        },
        "2005-11": {
            "month": "2005-11",
            "price": "8.90",
            "revenue": 51832
        },
        "2005-12": {
            "month": "2005-12",
            "price": "8.78",
            "revenue": 50253
        },
        "2006-01": {
            "month": "2006-01",
            "price": "8.68",
            "revenue": 57280
        },
        "2006-02": {
            "month": "2006-02",
            "price": "8.33",
            "revenue": 47536
        },
        "2006-03": {
            "month": "2006-03",
            "price": "7.65",
            "revenue": 65309
        },
        "2006-04": {
            "month": "2006-04",
            "price": "8.59",
            "revenue": 64402
        },
        "2006-05": {
            "month": "2006-05",
            "price": "10.69",
            "revenue": 69778
        },
        "2006-06": {
            "month": "2006-06",
            "price": "9.52",
            "revenue": 70194
        },
        "2006-07": {
            "month": "2006-07",
            "price": "9.45",
            "revenue": 52971
        },
        "2006-08": {
            "month": "2006-08",
            "price": "8.79",
            "revenue": 62960
        },
        "2006-09": {
            "month": "2006-09",
            "price": "8.74",
            "revenue": 54321
        },
        "2006-10": {
            "month": "2006-10",
            "price": "9.57",
            "revenue": 56105
        },
        "2006-11": {
            "month": "2006-11",
            "price": "10.32",
            "revenue": 62862
        },
        "2006-12": {
            "month": "2006-12",
            "price": "12.49",
            "revenue": 150626
        },
        "2007-01": {
            "month": "2007-01",
            "price": "13.02",
            "revenue": 60683
        },
        "2007-02": {
            "month": "2007-02",
            "price": "12.68",
            "revenue": 43186
        },
        "2007-03": {
            "month": "2007-03",
            "price": "12.84",
            "revenue": 55545
        },
        "2007-04": {
            "month": "2007-04",
            "price": "15.99",
            "revenue": 57087
        },
        "2007-05": {
            "month": "2007-05",
            "price": "16.75",
            "revenue": 67961
        },
        "2007-06": {
            "month": "2007-06",
            "price": "17.24",
            "revenue": 74872
        },
        "2007-07": {
            "month": "2007-07",
            "price": "18.58",
            "revenue": 63652
        },
        "2007-08": {
            "month": "2007-08",
            "price": "14.54",
            "revenue": 49142
        },
        "2007-09": {
            "month": "2007-09",
            "price": "14.06",
            "revenue": 47509
        },
        "2007-10": {
            "month": "2007-10",
            "price": "13.87",
            "revenue": 49301
        },
        "2007-11": {
            "month": "2007-11",
            "price": "11.76",
            "revenue": 47774
        },
        "2007-12": {
            "month": "2007-12",
            "price": "11.44",
            "revenue": 50156
        },
        "2008-01": {
            "month": "2008-01",
            "price": "11.82",
            "revenue": 62166
        },
        "2008-02": {
            "month": "2008-02",
            "price": "13.21",
            "revenue": 33554
        },
        "2008-03": {
            "month": "2008-03",
            "price": "14.44",
            "revenue": 53849
        },
        "2008-04": {
            "month": "2008-04",
            "price": "16.53",
            "revenue": 56219
        },
        "2008-05": {
            "month": "2008-05",
            "price": "16.04",
            "revenue": 62539
        },
        "2008-06": {
            "month": "2008-06",
            "price": "13.41",
            "revenue": 63870
        },
        "2008-07": {
            "month": "2008-07",
            "price": "10.81",
            "revenue": 55617
        },
        "2008-08": {
            "month": "2008-08",
            "price": "10.51",
            "revenue": 41198
        },
        "2008-09": {
            "month": "2008-09",
            "price": "8.42",
            "revenue": 41726
        },
        "2008-10": {
            "month": "2008-10",
            "price": "7.09",
            "revenue": 36284
        },
        "2008-11": {
            "month": "2008-11",
            "price": "6.88",
            "revenue": 26984
        },
        "2008-12": {
            "month": "2008-12",
            "price": "7.25",
            "revenue": 28150
        },
        "2009-01": {
            "month": "2009-01",
            "price": "7.12",
            "revenue": 20292
        },
        "2009-02": {
            "month": "2009-02",
            "price": "6.75",
            "revenue": 25076
        },
        "2009-03": {
            "month": "2009-03",
            "price": "7.69",
            "revenue": 30348
        },
        "2009-04": {
            "month": "2009-04",
            "price": "8.93",
            "revenue": 36080
        },
        "2009-05": {
            "month": "2009-05",
            "price": "9.72",
            "revenue": 36650
        },
        "2009-06": {
            "month": "2009-06",
            "price": "10.37",
            "revenue": 35660
        },
        "2009-07": {
            "month": "2009-07",
            "price": "10.90",
            "revenue": 34683
        },
        "2009-08": {
            "month": "2009-08",
            "price": "10.75",
            "revenue": 34548
        },
        "2009-09": {
            "month": "2009-09",
            "price": "10.60",
            "revenue": 43205
        },
        "2009-10": {
            "month": "2009-10",
            "price": "11.41",
            "revenue": 41671
        },
        "2009-11": {
            "month": "2009-11",
            "price": "11.23",
            "revenue": 39163
        },
        "2009-12": {
            "month": "2009-12",
            "price": "11.67",
            "revenue": 44008
        },
        "2010-01": {
            "month": "2010-01",
            "price": "12.10",
            "revenue": 43106
        },
        "2010-02": {
            "month": "2010-02",
            "price": "10.78",
            "revenue": 30022
        },
        "2010-03": {
            "month": "2010-03",
            "price": "11.96",
            "revenue": 47717
        },
        "2010-04": {
            "month": "2010-04",
            "price": "12.33",
            "revenue": 46824
        },
        "2010-05": {
            "month": "2010-05",
            "price": "11.19",
            "revenue": 47901
        },
        "2010-06": {
            "month": "2010-06",
            "price": "11.09",
            "revenue": 48272
        },
        "2010-07": {
            "month": "2010-07",
            "price": "11.80",
            "revenue": 43868
        },
        "2010-08": {
            "month": "2010-08",
            "price": "13.07",
            "revenue": 57127
        },
        "2010-09": {
            "month": "2010-09",
            "price": "13.13",
            "revenue": 40651
        },
        "2010-10": {
            "month": "2010-10",
            "price": "13.45",
            "revenue": 47365
        },
        "2010-11": {
            "month": "2010-11",
            "price": "13.12",
            "revenue": 56013
        },
        "2010-12": {
            "month": "2010-12",
            "price": "14.10",
            "revenue": 52897
        },
        "2011-01": {
            "month": "2011-01",
            "price": "14.66",
            "revenue": 51214
        },
        "2011-02": {
            "month": "2011-02",
            "price": "14.61",
            "revenue": 40657
        },
        "2011-03": {
            "month": "2011-03",
            "price": "13.68",
            "revenue": 53189
        },
        "2011-04": {
            "month": "2011-04",
            "price": "14.05",
            "revenue": 55110
        },
        "2011-05": {
            "month": "2011-05",
            "price": "14.21",
            "revenue": 49961
        },
        "2011-06": {
            "month": "2011-06",
            "price": "13.75",
            "revenue": 40475
        },
        "2011-07": {
            "month": "2011-07",
            "price": "13.49",
            "revenue": 50302
        },
        "2011-08": {
            "month": "2011-08",
            "price": "12.82",
            "revenue": 46798
        },
        "2011-09": {
            "month": "2011-09",
            "price": "11.38",
            "revenue": 51949
        },
        "2011-10": {
            "month": "2011-10",
            "price": "10.72",
            "revenue": 45162
        },
        "2011-11": {
            "month": "2011-11",
            "price": "10.59",
            "revenue": 41227
        },
        "2011-12": {
            "month": "2011-12",
            "price": "9.70",
            "revenue": 51441
        },
        "2012-01": {
            "month": "2012-01",
            "price": "9.66",
            "revenue": 41192
        },
        "2012-02": {
            "month": "2012-02",
            "price": "10.94",
            "revenue": 47781
        },
        "2012-03": {
            "month": "2012-03",
            "price": "11.71",
            "revenue": 61314
        },
        "2012-04": {
            "month": "2012-04",
            "price": "11.34",
            "revenue": 55951
        },
        "2012-05": {
            "month": "2012-05",
            "price": "11.20",
            "revenue": 59991
        },
        "2012-06": {
            "month": "2012-06",
            "price": "11.12",
            "revenue": 51224
        },
        "2012-07": {
            "month": "2012-07",
            "price": "10.87",
            "revenue": 45172
        },
        "2012-08": {
            "month": "2012-08",
            "price": "11.07",
            "revenue": 58812
        },
        "2012-09": {
            "month": "2012-09",
            "price": "13.07",
            "revenue": 49224
        },
        "2012-10": {
            "month": "2012-10",
            "price": "12.78",
            "revenue": 62748
        },
        "2012-11": {
            "month": "2012-11",
            "price": "12.10",
            "revenue": 58612
        },
        "2012-12": {
            "month": "2012-12",
            "price": "12.62",
            "revenue": 58722
        },
        "2013-01": {
            "month": "2013-01",
            "price": "12.88",
            "revenue": 64009
        },
        "2013-02": {
            "month": "2013-02",
            "price": "12.73",
            "revenue": 37622
        },
        "2013-03": {
            "month": "2013-03",
            "price": "14.29",
            "revenue": 62970
        },
        "2013-04": {
            "month": "2013-04",
            "price": "14.19",
            "revenue": 58028
        },
        "2013-05": {
            "month": "2013-05",
            "price": "14.43",
            "revenue": 61307
        },
        "2013-06": {
            "month": "2013-06",
            "price": "15.25",
            "revenue": 44011
        },
        "2013-07": {
            "month": "2013-07",
            "price": "15.21",
            "revenue": 53488
        },
        "2013-08": {
            "month": "2013-08",
            "price": "14.66",
            "revenue": 57863
        },
        "2013-09": {
            "month": "2013-09",
            "price": "14.69",
            "revenue": 52323
        },
        "2013-10": {
            "month": "2013-10",
            "price": "15.65",
            "revenue": 62198
        },
        "2013-11": {
            "month": "2013-11",
            "price": "17.47",
            "revenue": 51288
        },
        "2013-12": {
            "month": "2013-12",
            "price": "19.03",
            "revenue": 55274
        },
        "2014-01": {
            "month": "2014-01",
            "price": "18.52",
            "revenue": 58735
        },
        "2014-02": {
            "month": "2014-02",
            "price": "17.93",
            "revenue": 49501
        },
        "2014-03": {
            "month": "2014-03",
            "price": "17.71",
            "revenue": 62004
        },
        "2014-04": {
            "month": "2014-04",
            "price": "17.85",
            "revenue": 60634
        },
        "2014-05": {
            "month": "2014-05",
            "price": "17.00",
            "revenue": 63897
        },
        "2014-06": {
            "month": "2014-06",
            "price": "17.28",
            "revenue": 54627
        },
        "2014-07": {
            "month": "2014-07",
            "price": "16.84",
            "revenue": 69565
        },
        "2014-08": {
            "month": "2014-08",
            "price": "15.97",
            "revenue": 65976
        },
        "2014-09": {
            "month": "2014-09",
            "price": "15.87",
            "revenue": 63194
        },
        "2014-10": {
            "month": "2014-10",
            "price": "15.24",
            "revenue": 64029
        },
        "2014-11": {
            "month": "2014-11",
            "price": "15.21",
            "revenue": 63244
        },
        "2014-12": {
            "month": "2014-12",
            "price": "16.55",
            "revenue": 73375
        },
        "2015-01": {
            "month": "2015-01",
            "price": "17.20",
            "revenue": 69082
        },
        "2015-02": {
            "month": "2015-02",
            "price": "17.32",
            "revenue": 44192
        },
        "2015-03": {
            "month": "2015-03",
            "price": "17.20",
            "revenue": 76716
        },
        "2015-04": {
            "month": "2015-04",
            "price": "16.97",
            "revenue": 71105
        },
        "2015-05": {
            "month": "2015-05",
            "price": "16.92",
            "revenue": 58288
        },
        "2015-06": {
            "month": "2015-06",
            "price": "16.85",
            "revenue": 55171
        },
        "2015-07": {
            "month": "2015-07",
            "price": "16.72",
            "revenue": 56483
        },
        "2015-08": {
            "month": "2015-08",
            "price": "16.23",
            "revenue": 41153
        },
        "2015-09": {
            "month": "2015-09",
            "price": "15.84",
            "revenue": 49460
        },
        "2015-10": {
            "month": "2015-10",
            "price": "15.75",
            "revenue": 48379
        },
        "2015-11": {
            "month": "2015-11",
            "price": "15.40",
            "revenue": 40608
        },
        "2015-12": {
            "month": "2015-12",
            "price": "15.20",
            "revenue": 48228
        },
        "2016-01": {
            "month": "2016-01",
            "price": "15.22",
            "revenue": 39708
        },
        "2016-02": {
            "month": "2016-02",
            "price": "15.68",
            "revenue": 39963
        },
        "2016-03": {
            "month": "2016-03",
            "price": "15.82",
            "revenue": 56177
        },
        "2016-04": {
            "month": "2016-04",
            "price": "15.76",
            "revenue": 55716
        },
        "2016-05": {
            "month": "2016-05",
            "price": "15.42",
            "revenue": 53484
        },
        "2016-06": {
            "month": "2016-06",
            "price": "15.00",
            "revenue": 45876
        },
        "2016-07": {
            "month": "2016-07",
            "price": "14.82",
            "revenue": 56589
        },
        "2016-08": {
            "month": "2016-08",
            "price": "14.87",
            "revenue": 49784
        },
        "2016-09": {
            "month": "2016-09",
            "price": "15.02",
            "revenue": 43480
        },
        "2016-10": {
            "month": "2016-10",
            "price": "14.96",
            "revenue": 50013
        },
        "2016-11": {
            "month": "2016-11",
            "price": "14.64",
            "revenue": 63892
        },
        "2016-12": {
            "month": "2016-12",
            "price": "14.70",
            "revenue": 67155
        },
        "2017-01": {
            "month": "2017-01",
            "price": "14.99",
            "revenue": 43234
        },
        "2017-02": {
            "month": "2017-02",
            "price": "15.45",
            "revenue": 48775
        },
        "2017-03": {
            "month": "2017-03",
            "price": "15.74",
            "revenue": 60806
        },
        "2017-04": {
            "month": "2017-04",
            "price": "17.19",
            "revenue": 46603
        },
        "2017-05": {
            "month": "2017-05",
            "price": "16.65",
            "revenue": 59838
        },
        "2017-06": {
            "month": "2017-06",
            "price": "16.32",
            "revenue": 52758
        },
        "2017-07": {
            "month": "2017-07",
            "price": "15.78",
            "revenue": 47739
        },
        "2017-08": {
            "month": "2017-08",
            "price": "15.44",
            "revenue": 65138
        },
        "2017-09": {
            "month": "2017-09",
            "price": "15.54",
            "revenue": 59463
        },
        "2017-10": {
            "month": "2017-10",
            "price": "16.51",
            "revenue": 62841
        },
        "2017-11": {
            "month": "2017-11",
            "price": "16.75",
            "revenue": 68397
        },
        "2017-12": {
            "month": "2017-12",
            "price": "16.82",
            "revenue": 48209
        },
        "2018-01": {
            "month": "2018-01",
            "price": "18.33",
            "revenue": 86868
        },
        "2018-02": {
            "month": "2018-02",
            "price": "17.97",
            "revenue": 35392
        },
        "2018-03": {
            "month": "2018-03",
            "price": "18.44",
            "revenue": 58306
        },
        "2018-04": {
            "month": "2018-04",
            "price": "17.82",
            "revenue": 45308
        },
        "2018-05": {
            "month": "2018-05",
            "price": "17.64",
            "revenue": 74654
        },
        "2018-06": {
            "month": "2018-06",
            "price": "18.09",
            "revenue": 55458
        },
        "2018-07": {
            "month": "2018-07",
            "price": "17.82",
            "revenue": 61824
        },
        "2018-08": {
            "month": "2018-08",
            "price": "18.02",
            "revenue": 52376
        },
        "2018-09": {
            "month": "2018-09",
            "price": "18.53",
            "revenue": 43683
        },
        "2018-10": {
            "month": "2018-10",
            "price": "17.50",
            "revenue": 54500
        },
        "2018-11": {
            "month": "2018-11",
            "price": "17.52",
            "revenue": 63161
        },
        "2018-12": {
            "month": "2018-12",
            "price": "18.95",
            "revenue": 40083
        },
        "2019-01": {
            "month": "2019-01",
            "price": "19.02",
            "revenue": 66383
        },
        "2019-02": {
            "month": "2019-02",
            "price": "19.08",
            "revenue": 39890
        },
        "2019-03": {
            "month": "2019-03",
            "price": "19.16",
            "revenue": 45291
        },
        "2019-04": {
            "month": "2019-04",
            "price": "19.18",
            "revenue": 51639
        },
        "2019-05": {
            "month": "2019-05",
            "price": "19.01",
            "revenue": 54577
        },
        "2019-06": {
            "month": "2019-06",
            "price": "18.91",
            "revenue": 49092
        },
        "2019-07": {
            "month": "2019-07",
            "price": "18.35",
            "revenue": 40451
        },
        "2019-08": {
            "month": "2019-08",
            "price": "18.01",
            "revenue": 52712
        },
        "2019-09": {
            "month": "2019-09",
            "price": "18.18",
            "revenue": 42173
        },
        "2019-10": {
            "month": "2019-10",
            "price": "18.20",
            "revenue": 49064
        },
        "2019-11": {
            "month": "2019-11",
            "price": "17.94",
            "revenue": 54567
        },
        "2019-12": {
            "month": "2019-12",
            "price": "18.04",
            "revenue": 47363
        },
        "2020-01": {
            "month": "2020-01",
            "price": "18.10",
            "revenue": 36808
        },
        "2020-02": {
            "month": "2020-02",
            "price": "17.68",
            "revenue": 41743
        },
        "2020-03": {
            "month": "2020-03",
            "price": "16.81",
            "revenue": 52050
        },
        "2020-04": {
            "month": "2020-04",
            "price": "17.09",
            "revenue": 37460
        },
        "2020-05": {
            "month": "2020-05",
            "price": "17.90",
            "revenue": 37539
        },
        "2020-06": {
            "month": "2020-06",
            "price": "18.10",
            "revenue": 30322
        },
        "2020-07": {
            "month": "2020-07",
            "price": "17.90",
            "revenue": 36624
        },
        "2020-08": {
            "month": "2020-08",
            "price": "17.90",
            "revenue": 36333
        },
        "2020-09": {
            "month": "2020-09",
            "price": "17.88",
            "revenue": 39097
        },
        "2020-10": {
            "month": "2020-10",
            "price": "17.94",
            "revenue": 32338
        },
        "2020-11": {
            "month": "2020-11",
            "price": "18.25",
            "revenue": 39774
        },
        "2020-12": {
            "month": "2020-12",
            "price": "19.15",
            "revenue": 55557
        },
        "2021-01": {
            "month": "2021-01",
            "price": "19.80",
            "revenue": 47489
        },
        "2021-02": {
            "month": "2021-02",
            "price": "18.94",
            "revenue": 33629
        },
        "2021-03": {
            "month": "2021-03",
            "price": "19.97",
            "revenue": 52974
        },
        "2021-04": {
            "month": "2021-04",
            "price": "21.53",
            "revenue": 47429
        },
        "2021-05": {
            "month": "2021-05",
            "price": "22.46",
            "revenue": 51729
        },
        "2021-06": {
            "month": "2021-06",
            "price": "24.20",
            "revenue": 56432
        },
        "2021-07": {
            "month": "2021-07",
            "price": "23.95",
            "revenue": 62372
        },
        "2021-08": {
            "month": "2021-08",
            "price": "22.70",
            "revenue": 49951
        },
        "2021-09": {
            "month": "2021-09",
            "price": "23.65",
            "revenue": 45479
        },
        "2021-10": {
            "month": "2021-10",
            "price": "24.08",
            "revenue": 53546
        },
        "2021-11": {
            "month": "2021-11",
            "price": "24.38",
            "revenue": 71058
        },
        "2021-12": {
            "month": "2021-12",
            "price": "24.40",
            "revenue": 52511
        },
        "2022-01": {
            "month": "2022-01",
            "price": "24.29",
            "revenue": 54770
        },
        "2022-02": {
            "month": "2022-02",
            "price": "24.26",
            "revenue": 50676
        },
        "2022-03": {
            "month": "2022-03",
            "price": "24.12",
            "revenue": 55759
        },
        "2022-04": {
            "month": "2022-04",
            "price": "23.84",
            "revenue": 52127
        },
        "2022-05": {
            "month": "2022-05",
            "price": "23.16",
            "revenue": 61520
        },
        "2022-06": {
            "month": "2022-06",
            "price": "23.95",
            "revenue": 54346
        },
        "2022-07": {
            "month": "2022-07",
            "price": "24.19",
            "revenue": 44478
        },
        "2022-08": {
            "month": "2022-08",
            "price": "24.22",
            "revenue": 58815
        },
        "2022-09": {
            "month": "2022-09",
            "price": "24.96",
            "revenue": 37219
        },
        "2022-10": {
            "month": "2022-10",
            "price": "24.12",
            "revenue": 34035
        },
        "2022-11": {
            "month": "2022-11",
            "price": "24.27",
            "revenue": 38509
        },
        "2022-12": {
            "month": "2022-12",
            "price": "24.91",
            "revenue": 29206
        },
        "2023-01": {
            "month": "2023-01",
            "price": "24.92",
            "revenue": 26296
        },
        "2023-02": {
            "month": "2023-02",
            "price": "25.35",
            "revenue": 54357
        },
        "2023-03": {
            "month": "2023-03",
            "price": "27.39",
            "revenue": 42389
        },
        "2023-04": {
            "month": "2023-04",
            "price": "29.27",
            "revenue": 28535
        }
    }
}
