{
    "summary": {
        "stock_name": "和桐",
        "stock_id": "1714",
        "category": "化工",
        "main_business": "石油化工原料製造業、其他石油及煤製品製造業<br>清潔用品製造業、其他化學製品批發業、清潔用品批發業<br>國際貿易業",
        "website_url": "http://www.htgroup.com.tw",
        "ceo": "陳怡如",
        "pe_ratio": 27,
        "report_year_from": 2001,
        "report_year_to": 2023,
        "age": 22,
        "eps_negative_percentage": 13,
        "eps_growth_avg": {
            "last_all": -15.73,
            "last_2y": -1.92,
            "last_4y": -24.32,
            "last_8y": -28.76,
            "last_12y": -27.12,
            "last_16y": -13.25,
            "last_20y": -15.73,
            "at_2006_last_3y": -45.45,
            "at_2007_last_3y": -85,
            "at_2008_last_3y": 15,
            "at_2009_last_3y": 42.25,
            "at_2010_last_3y": 31.27,
            "at_2011_last_3y": 45.82,
            "at_2012_last_3y": 7.92,
            "at_2013_last_3y": -23.83,
            "at_2014_last_3y": -48.41,
            "at_2015_last_3y": -60.62,
            "at_2016_last_3y": -39.91,
            "at_2017_last_3y": -36.17,
            "at_2018_last_3y": -10.68,
            "at_2019_last_3y": -31.09,
            "at_2020_last_3y": -8.72,
            "at_2021_last_3y": -18.24,
            "at_2022_last_3y": -24.52,
            "at_2023_last_3y": -24.52,
            "at_2006_last_all": -28.15,
            "at_2007_last_all": -38.61,
            "at_2008_last_all": -10.89,
            "at_2009_last_all": 7.05,
            "at_2010_last_all": 5.8,
            "at_2011_last_all": 3.6,
            "at_2012_last_all": -2.53,
            "at_2013_last_all": -5.3,
            "at_2014_last_all": -13.91,
            "at_2015_last_all": -13.91,
            "at_2016_last_all": -11.88,
            "at_2017_last_all": -12.43,
            "at_2018_last_all": -13.22,
            "at_2019_last_all": -18.49,
            "at_2020_last_all": -11.09,
            "at_2021_last_all": -13.8,
            "at_2022_last_all": -15.73,
            "at_2023_last_all": -15.73
        },
        "latest_eps": 0.34,
        "latest_price": 9.25,
        "latest_roe": 3.46,
        "latest_gross_margin": 9.5,
        "latest_equity": 16367857,
        "latest_revenue": 5214172,
        "latest_gross_profit": 495521,
        "latest_net_income": 203265,
        "latest_debt_ratio": 29.7,
        "latest_current_ratio": 261.5,
        "latest_account_receivable_turnover_ratio": 1.53,
        "latest_inventory_turnover_ratio": 1.78,
        "latest_reinvestment_rate": -25.92,
        "latest_research_to_sale_ratio": 0.31
    },
    "eps_dividends": {
        "1991": {
            "cash": 0,
            "stock": 2,
            "eps": 0
        },
        "1992": {
            "cash": 0,
            "stock": 1,
            "eps": 0
        },
        "1993": {
            "cash": 0,
            "stock": 1,
            "eps": 0
        },
        "1994": {
            "cash": 0,
            "stock": 1,
            "eps": 0
        },
        "1995": {
            "cash": 0,
            "stock": 1,
            "eps": 0
        },
        "2000": {
            "cash": 0,
            "stock": 2,
            "eps": 0
        },
        "2001": {
            "cash": 0,
            "stock": 0,
            "eps": 1.24
        },
        "2002": {
            "cash": 0,
            "stock": 1,
            "eps": 1.32
        },
        "2003": {
            "cash": 0,
            "stock": 1,
            "eps": 1.44
        },
        "2004": {
            "cash": 2,
            "stock": 2,
            "eps": -0.37
        },
        "2005": {
            "cash": 0,
            "stock": 0,
            "eps": -1.47
        },
        "2006": {
            "cash": 0,
            "stock": 0,
            "eps": 0.3
        },
        "2007": {
            "cash": 0,
            "stock": 0,
            "eps": 0.09
        },
        "2008": {
            "cash": 0,
            "stock": 0,
            "eps": 0.92
        },
        "2009": {
            "cash": 0,
            "stock": 1,
            "eps": 1.81
        },
        "2010": {
            "cash": 0,
            "stock": 1,
            "eps": 1.78
        },
        "2011": {
            "cash": 0,
            "stock": 2,
            "eps": 1.57
        },
        "2012": {
            "cash": 0,
            "stock": 0,
            "eps": 0.76
        },
        "2013": {
            "cash": 0,
            "stock": 1,
            "eps": 0.53
        },
        "2014": {
            "cash": 0,
            "stock": 1,
            "eps": -0.41
        },
        "2015": {
            "cash": 0,
            "stock": 0,
            "eps": 0.38
        },
        "2016": {
            "cash": 0,
            "stock": 0,
            "eps": 0.42
        },
        "2017": {
            "cash": 0,
            "stock": 0,
            "eps": 0.34
        },
        "2018": {
            "cash": 0,
            "stock": 0,
            "eps": 0.26
        },
        "2019": {
            "cash": 0,
            "stock": 0,
            "eps": 0.02
        },
        "2020": {
            "cash": 0,
            "stock": 0,
            "eps": 1.68
        },
        "2021": {
            "cash": 1,
            "stock": 0,
            "eps": 0.72
        },
        "2022": {
            "cash": 0,
            "stock": 0,
            "eps": 0.37
        },
        "2023": {
            "cash": 0,
            "stock": 0,
            "eps": 0.14
        }
    },
    "dividends": {
        "1991-03-08": {
            "cash": 0,
            "stock": 1.5
        },
        "1992-03-03": {
            "cash": 0,
            "stock": 1.2
        },
        "1993-06-23": {
            "cash": 0,
            "stock": 1.2
        },
        "1994-07-05": {
            "cash": 0,
            "stock": 1
        },
        "1995-06-06": {
            "cash": 0,
            "stock": 1
        },
        "2000-04-19": {
            "cash": 0.4,
            "stock": 2.1
        },
        "2002-05-06": {
            "cash": 0.3,
            "stock": 1.2
        },
        "2003-03-18": {
            "cash": 0.2,
            "stock": 0.8
        },
        "2004-04-13": {
            "cash": 0.52,
            "stock": 0.52
        },
        "2004-06-29": {
            "cash": 0.5,
            "stock": 0.5
        },
        "2009-04-24": {
            "cash": 0,
            "stock": 0.55
        },
        "2010-04-22": {
            "cash": 0,
            "stock": 1.2
        },
        "2011-01-01": {
            "cash": 0,
            "stock": 1.2
        },
        "2011-04-28": {
            "cash": 0,
            "stock": 1.2
        },
        "2013-03-28": {
            "cash": 0.2,
            "stock": 0.5
        },
        "2014-06-19": {
            "cash": 0,
            "stock": 0.5
        },
        "2016-03-30": {
            "cash": 0,
            "stock": 0.3
        },
        "2017-03-30": {
            "cash": 0,
            "stock": 0.35
        },
        "2018-11-28": {
            "cash": 0.3,
            "stock": 0
        },
        "2019-11-26": {
            "cash": 0.15,
            "stock": 0
        },
        "2021-09-24": {
            "cash": 0.7,
            "stock": 0
        },
        "2022-09-08": {
            "cash": 0.42,
            "stock": 0
        },
        "2023-03-15": {
            "cash": 0.1,
            "stock": 0
        }
    },
    "prices": {
        "200101": "15.43",
        "200102": "18.56",
        "200103": "22.55",
        "200104": "25.87",
        "200105": "21.25",
        "200106": "21.86",
        "200107": "18.04",
        "200108": "16.43",
        "200109": "17.48",
        "200110": "16.12",
        "200111": "16.10",
        "200112": "18.87",
        "200201": "19.73",
        "200202": "18.78",
        "200203": "20.11",
        "200204": "22.13",
        "200205": "19.57",
        "200206": "18.96",
        "200207": "17.77",
        "200208": "16.17",
        "200209": "15.80",
        "200210": "14.33",
        "200211": "14.87",
        "200212": "15.37",
        "200301": "16.68",
        "200302": "15.17",
        "200303": "14.77",
        "200304": "14.63",
        "200305": "14.09",
        "200306": "14.70",
        "200307": "15.12",
        "200308": "15.15",
        "200309": "14.58",
        "200310": "14.01",
        "200311": "13.69",
        "200312": "13.40",
        "200401": "13.73",
        "200402": "15.22",
        "200403": "14.63",
        "200404": "13.49",
        "200405": "11.93",
        "200406": "11.60",
        "200407": "11.26",
        "200408": "10.60",
        "200409": "11.15",
        "200410": "11.58",
        "200411": "10.28",
        "200412": "10.34",
        "200501": "9.15",
        "200502": "8.74",
        "200503": "8.64",
        "200504": "8.07",
        "200505": "7.37",
        "200506": "7.70",
        "200507": "7.31",
        "200508": "7.03",
        "200509": "6.34",
        "200510": "6.20",
        "200511": "6.63",
        "200512": "7.30",
        "200601": "7.52",
        "200602": "6.96",
        "200603": "6.49",
        "200604": "6.98",
        "200605": "7.39",
        "200606": "6.39",
        "200607": "6.16",
        "200608": "6.06",
        "200609": "5.53",
        "200610": "6.15",
        "200611": "7.48",
        "200612": "8.20",
        "200701": "7.67",
        "200702": "7.39",
        "200703": "7.32",
        "200704": "10.27",
        "200705": "10.53",
        "200706": "12.41",
        "200707": "13.22",
        "200708": "11.17",
        "200709": "11.46",
        "200710": "12.07",
        "200711": "10.16",
        "200712": "8.96",
        "200801": "8.93",
        "200802": "9.35",
        "200803": "10.53",
        "200804": "12.49",
        "200805": "13.27",
        "200806": "11.95",
        "200807": "10.36",
        "200808": "10.26",
        "200809": "9.03",
        "200810": "7.70",
        "200811": "7.45",
        "200812": "7.75",
        "200901": "7.53",
        "200902": "7.21",
        "200903": "7.90",
        "200904": "8.96",
        "200905": "12.63",
        "200906": "11.35",
        "200907": "11.51",
        "200908": "11.79",
        "200909": "12.74",
        "200910": "15.77",
        "200911": "15.40",
        "200912": "16.00",
        "201001": "17.52",
        "201002": "15.60",
        "201003": "17.10",
        "201004": "17.65",
        "201005": "15.60",
        "201006": "15.47",
        "201007": "15.91",
        "201008": "16.88",
        "201009": "16.99",
        "201010": "16.11",
        "201011": "15.83",
        "201012": "16.54",
        "201101": "16.82",
        "201102": "16.43",
        "201103": "16.46",
        "201104": "18.84",
        "201105": "20.66",
        "201106": "19.55",
        "201107": "19.60",
        "201108": "18.71",
        "201109": "17.16",
        "201110": "16.30",
        "201111": "16.39",
        "201112": "15.25",
        "201201": "15.43",
        "201202": "17.64",
        "201203": "18.70",
        "201204": "17.30",
        "201205": "17.10",
        "201206": "16.46",
        "201207": "16.71",
        "201208": "17.70",
        "201209": "16.79",
        "201210": "15.43",
        "201211": "13.79",
        "201212": "13.79",
        "201301": "14.05",
        "201302": "13.74",
        "201303": "13.75",
        "201304": "14.06",
        "201305": "14.19",
        "201306": "13.34",
        "201307": "13.28",
        "201308": "13.21",
        "201309": "13.44",
        "201310": "14.46",
        "201311": "14.01",
        "201312": "14.28",
        "201401": "14.54",
        "201402": "14.82",
        "201403": "14.47",
        "201404": "14.22",
        "201405": "13.50",
        "201406": "13.42",
        "201407": "13.18",
        "201408": "11.61",
        "201409": "10.85",
        "201410": "10.39",
        "201411": "10.12",
        "201412": "10.39",
        "201501": "10.85",
        "201502": "10.30",
        "201503": "9.97",
        "201504": "8.62",
        "201505": "8.30",
        "201506": "8.27",
        "201507": "7.60",
        "201508": "6.69",
        "201509": "7.26",
        "201510": "7.46",
        "201511": "7.59",
        "201512": "7.39",
        "201601": "6.89",
        "201602": "7.15",
        "201603": "7.68",
        "201604": "7.34",
        "201605": "6.84",
        "201606": "6.93",
        "201607": "7.22",
        "201608": "7.55",
        "201609": "7.30",
        "201610": "7.60",
        "201611": "7.74",
        "201612": "8.42",
        "201701": "8.47",
        "201702": "9.05",
        "201703": "8.79",
        "201704": "8.92",
        "201705": "8.60",
        "201706": "8.26",
        "201707": "8.32",
        "201708": "8.46",
        "201709": "9.27",
        "201710": "9.30",
        "201711": "9.78",
        "201712": "10.31",
        "201801": "10.16",
        "201802": "8.97",
        "201803": "8.77",
        "201804": "8.53",
        "201805": "8.42",
        "201806": "8.72",
        "201807": "8.32",
        "201808": "8.27",
        "201809": "7.85",
        "201810": "7.19",
        "201811": "6.70",
        "201812": "6.60",
        "201901": "6.42",
        "201902": "6.72",
        "201903": "6.80",
        "201904": "6.87",
        "201905": "6.86",
        "201906": "7.36",
        "201907": "7.15",
        "201908": "6.90",
        "201909": "7.15",
        "201910": "7.18",
        "201911": "6.90",
        "201912": "7.06",
        "202001": "7.28",
        "202002": "7.77",
        "202003": "6.60",
        "202004": "6.83",
        "202005": "7.33",
        "202006": "7.32",
        "202007": "7.91",
        "202008": "8.93",
        "202009": "10.60",
        "202010": "10.27",
        "202011": "10.28",
        "202012": "10.10",
        "202101": "9.78",
        "202102": "9.37",
        "202103": "9.56",
        "202104": "10.84",
        "202105": "11.23",
        "202106": "11.94",
        "202107": "11.80",
        "202108": "11.16",
        "202109": "10.30",
        "202110": "10.52",
        "202111": "10.90",
        "202112": "11.08",
        "202201": "11.27",
        "202202": "10.85",
        "202203": "10.42",
        "202204": "10.44",
        "202205": "9.80",
        "202206": "9.58",
        "202207": "9.07",
        "202208": "9.27",
        "202209": "9.09",
        "202210": "8.41",
        "202211": "8.32",
        "202212": "8.69",
        "202301": "8.63",
        "202302": "8.79",
        "202303": "8.95",
        "202304": "9.21",
        "202305": "9.25"
    },
    "quarters": {
        "20011": {
            "year_quarter": 20011,
            "year": 2001,
            "quarter": 1,
            "eps": 0.23,
            "eps_growth_year": -47.73,
            "eps_4q": 0.83,
            "eps_4q_growth_year": -55.42,
            "roe": 1.51,
            "roe_4q": 1.51,
            "gross_profit": 102969,
            "gross_margin": 3.56,
            "gross_margin_4q_avg": 3.56,
            "net_income": 98847,
            "revenue": 2891901,
            "common_shares": 4651108,
            "book_valuer_per_share": 12.71,
            "book_valuer_per_share_4q_avg": 12.71,
            "equity": 5913773,
            "current_ratio": 148.86,
            "debt_ratio": 47.82,
            "inventory_turnover_ratio": 8.82,
            "account_receivable_turnover_ratio": null,
            "reinvestment_rate": null,
            "research_to_sale_ratio": null,
            "price_fair": 0,
            "eps_avg_yearly": 0,
            "eps_latest_yearly": 0,
            "eps_growth_yearly": 0
        },
        "20012": {
            "year_quarter": 20012,
            "year": 2001,
            "quarter": 2,
            "eps": 0.34,
            "eps_growth_year": -2.86,
            "eps_4q": 0.84,
            "eps_4q_growth_year": -51.78,
            "roe": 2.51,
            "roe_4q": 4.02,
            "gross_profit": 115867,
            "gross_margin": 4.99,
            "gross_margin_4q_avg": 4.28,
            "net_income": 151169,
            "revenue": 2322219,
            "common_shares": 4436958,
            "book_valuer_per_share": 13.85,
            "book_valuer_per_share_4q_avg": 13.28,
            "equity": 6147292,
            "current_ratio": 151.37,
            "debt_ratio": 45.48,
            "inventory_turnover_ratio": 16.4,
            "account_receivable_turnover_ratio": null,
            "reinvestment_rate": null,
            "research_to_sale_ratio": null,
            "price_fair": 0,
            "eps_avg_yearly": 0,
            "eps_latest_yearly": 0,
            "eps_growth_yearly": 0
        },
        "20013": {
            "year_quarter": 20013,
            "year": 2001,
            "quarter": 3,
            "eps": 0.41,
            "eps_growth_year": null,
            "eps_4q": 1.16,
            "eps_4q_growth_year": 7.63,
            "roe": 3.42,
            "roe_4q": 7.4399999999999995,
            "gross_profit": 86177,
            "gross_margin": 4.98,
            "gross_margin_4q_avg": 4.51,
            "net_income": 214132,
            "revenue": 1729433,
            "common_shares": 5110886,
            "book_valuer_per_share": 12.47,
            "book_valuer_per_share_4q_avg": 13.01,
            "equity": 6372425,
            "current_ratio": 178.34,
            "debt_ratio": 40.8,
            "inventory_turnover_ratio": 15.46,
            "account_receivable_turnover_ratio": null,
            "reinvestment_rate": null,
            "research_to_sale_ratio": null,
            "price_fair": 0,
            "eps_avg_yearly": 0,
            "eps_latest_yearly": 0,
            "eps_growth_yearly": 0
        },
        "20014": {
            "year_quarter": 20014,
            "year": 2001,
            "quarter": 4,
            "eps": 0.26,
            "eps_growth_year": -16.13,
            "eps_4q": 1.14,
            "eps_4q_growth_year": 23.58,
            "roe": 1.89,
            "roe_4q": 9.33,
            "gross_profit": 39824,
            "gross_margin": 2.19,
            "gross_margin_4q_avg": 3.93,
            "net_income": 137899,
            "revenue": 1821772,
            "common_shares": 5111508,
            "book_valuer_per_share": 12.51,
            "book_valuer_per_share_4q_avg": 12.89,
            "equity": 8225770,
            "current_ratio": 167.74,
            "debt_ratio": 43.29,
            "inventory_turnover_ratio": 3.64,
            "account_receivable_turnover_ratio": null,
            "reinvestment_rate": null,
            "research_to_sale_ratio": null,
            "price_fair": 0,
            "eps_avg_yearly": 0,
            "eps_latest_yearly": 0,
            "eps_growth_yearly": 0
        },
        "20021": {
            "year_quarter": 20021,
            "year": 2002,
            "quarter": 1,
            "eps": 0.14,
            "eps_growth_year": -39.13,
            "eps_4q": 1.12,
            "eps_4q_growth_year": 34.61,
            "roe": 0.98,
            "roe_4q": 8.8,
            "gross_profit": 113140,
            "gross_margin": 6.29,
            "gross_margin_4q_avg": 4.61,
            "net_income": 72169,
            "revenue": 1798406,
            "common_shares": 5111508,
            "book_valuer_per_share": 12.6,
            "book_valuer_per_share_4q_avg": 12.86,
            "equity": 6438676,
            "current_ratio": 124.33,
            "debt_ratio": 43.74,
            "inventory_turnover_ratio": 3.35,
            "account_receivable_turnover_ratio": null,
            "reinvestment_rate": null,
            "research_to_sale_ratio": null,
            "price_fair": 1.68,
            "eps_avg_yearly": 0.56,
            "eps_latest_yearly": 0.56,
            "eps_growth_yearly": -184.62
        },
        "20022": {
            "year_quarter": 20022,
            "year": 2002,
            "quarter": 2,
            "eps": 0.38,
            "eps_growth_year": 11.76,
            "eps_4q": 1.21,
            "eps_4q_growth_year": 43,
            "roe": 2.99,
            "roe_4q": 9.280000000000001,
            "gross_profit": 92507,
            "gross_margin": 4.15,
            "gross_margin_4q_avg": 4.4,
            "net_income": 194701,
            "revenue": 2231567,
            "common_shares": 5111508,
            "book_valuer_per_share": 12.87,
            "book_valuer_per_share_4q_avg": 12.61,
            "equity": 6580419,
            "current_ratio": 119.16,
            "debt_ratio": 45.69,
            "inventory_turnover_ratio": 18.33,
            "account_receivable_turnover_ratio": null,
            "reinvestment_rate": null,
            "research_to_sale_ratio": null,
            "price_fair": 36.4,
            "eps_avg_yearly": 1.04,
            "eps_latest_yearly": 1.52,
            "eps_growth_yearly": 250.55
        },
        "20023": {
            "year_quarter": 20023,
            "year": 2002,
            "quarter": 3,
            "eps": 0.42,
            "eps_growth_year": 2.44,
            "eps_4q": 1.14,
            "eps_4q_growth_year": -2.09,
            "roe": 3.52,
            "roe_4q": 9.38,
            "gross_profit": 75429,
            "gross_margin": 3.57,
            "gross_margin_4q_avg": 4.05,
            "net_income": 236423,
            "revenue": 2115209,
            "common_shares": 5764261,
            "book_valuer_per_share": 11.92,
            "book_valuer_per_share_4q_avg": 12.48,
            "equity": 6868888,
            "current_ratio": 81.71,
            "debt_ratio": 40.23,
            "inventory_turnover_ratio": 19.41,
            "account_receivable_turnover_ratio": null,
            "reinvestment_rate": null,
            "research_to_sale_ratio": null,
            "price_fair": 43.87,
            "eps_avg_yearly": 1.25,
            "eps_latest_yearly": 1.68,
            "eps_growth_yearly": 181.07
        },
        "20024": {
            "year_quarter": 20024,
            "year": 2002,
            "quarter": 4,
            "eps": 0.38,
            "eps_growth_year": 46.15,
            "eps_4q": 1.26,
            "eps_4q_growth_year": 11.37,
            "roe": 2.69,
            "roe_4q": 10.18,
            "gross_profit": 132892,
            "gross_margin": 6.15,
            "gross_margin_4q_avg": 5.04,
            "net_income": 216309,
            "revenue": 2161335,
            "common_shares": 5767664,
            "book_valuer_per_share": 12.17,
            "book_valuer_per_share_4q_avg": 12.39,
            "equity": 9196752,
            "current_ratio": 102.72,
            "debt_ratio": 43.03,
            "inventory_turnover_ratio": 3.28,
            "account_receivable_turnover_ratio": null,
            "reinvestment_rate": 74.69,
            "research_to_sale_ratio": null,
            "price_fair": 46.2,
            "eps_avg_yearly": 1.32,
            "eps_latest_yearly": 1.52,
            "eps_growth_yearly": 126.28
        },
        "20031": {
            "year_quarter": 20031,
            "year": 2003,
            "quarter": 1,
            "eps": 0.16,
            "eps_growth_year": 14.29,
            "eps_4q": 1.28,
            "eps_4q_growth_year": 15.11,
            "roe": 1.13,
            "roe_4q": 10.33,
            "gross_profit": 176779,
            "gross_margin": 7.49,
            "gross_margin_4q_avg": 5.34,
            "net_income": 92091,
            "revenue": 2361703,
            "common_shares": 5767664,
            "book_valuer_per_share": 12.33,
            "book_valuer_per_share_4q_avg": 12.32,
            "equity": 7110329,
            "current_ratio": 74.28,
            "debt_ratio": 41.32,
            "inventory_turnover_ratio": 2.61,
            "account_receivable_turnover_ratio": null,
            "reinvestment_rate": 34.27,
            "research_to_sale_ratio": null,
            "price_fair": 41.44,
            "eps_avg_yearly": 1.18,
            "eps_latest_yearly": 0.64,
            "eps_growth_yearly": 54.71
        },
        "20032": {
            "year_quarter": 20032,
            "year": 2003,
            "quarter": 2,
            "eps": 0.3,
            "eps_growth_year": -21.05,
            "eps_4q": 1.27,
            "eps_4q_growth_year": 5.11,
            "roe": 2.4,
            "roe_4q": 9.74,
            "gross_profit": 74069,
            "gross_margin": 2.28,
            "gross_margin_4q_avg": 4.87,
            "net_income": 168555,
            "revenue": 3243688,
            "common_shares": 5767664,
            "book_valuer_per_share": 12.07,
            "book_valuer_per_share_4q_avg": 12.12,
            "equity": 6963154,
            "current_ratio": 70.46,
            "debt_ratio": 46.7,
            "inventory_turnover_ratio": 6.43,
            "account_receivable_turnover_ratio": null,
            "reinvestment_rate": 33.92,
            "research_to_sale_ratio": null,
            "price_fair": 41.53,
            "eps_avg_yearly": 1.19,
            "eps_latest_yearly": 1.2,
            "eps_growth_yearly": 103.92
        },
        "20033": {
            "year_quarter": 20033,
            "year": 2003,
            "quarter": 3,
            "eps": 0.12,
            "eps_growth_year": -71.43,
            "eps_4q": 0.99,
            "eps_4q_growth_year": -12.65,
            "roe": 0.94,
            "roe_4q": 7.16,
            "gross_profit": 91945,
            "gross_margin": 2.95,
            "gross_margin_4q_avg": 4.72,
            "net_income": 65415,
            "revenue": 3118416,
            "common_shares": 5767664,
            "book_valuer_per_share": 12.15,
            "book_valuer_per_share_4q_avg": 12.18,
            "equity": 7006427,
            "current_ratio": 67.75,
            "debt_ratio": 41.24,
            "inventory_turnover_ratio": 9.08,
            "account_receivable_turnover_ratio": null,
            "reinvestment_rate": 34.29,
            "research_to_sale_ratio": null,
            "price_fair": 38,
            "eps_avg_yearly": 1.09,
            "eps_latest_yearly": 0.48,
            "eps_growth_yearly": 54.79
        },
        "20034": {
            "year_quarter": 20034,
            "year": 2003,
            "quarter": 4,
            "eps": 0.86,
            "eps_growth_year": 126.32,
            "eps_4q": 1.4,
            "eps_4q_growth_year": 10.86,
            "roe": 6.39,
            "roe_4q": 10.86,
            "gross_profit": 425366,
            "gross_margin": 12.29,
            "gross_margin_4q_avg": 6.25,
            "net_income": 517893,
            "revenue": 3461005,
            "common_shares": 6108947,
            "book_valuer_per_share": 12.29,
            "book_valuer_per_share_4q_avg": 12.21,
            "equity": 9204277,
            "current_ratio": 152.99,
            "debt_ratio": 49.41,
            "inventory_turnover_ratio": 4.36,
            "account_receivable_turnover_ratio": null,
            "reinvestment_rate": 50.3,
            "research_to_sale_ratio": null,
            "price_fair": 48.3,
            "eps_avg_yearly": 1.38,
            "eps_latest_yearly": 3.44,
            "eps_growth_yearly": 356.27
        },
        "20041": {
            "year_quarter": 20041,
            "year": 2004,
            "quarter": 1,
            "eps": 0.04,
            "eps_growth_year": -75,
            "eps_4q": 1.4,
            "eps_4q_growth_year": 9.29,
            "roe": 0.26,
            "roe_4q": 9.99,
            "gross_profit": 82045,
            "gross_margin": 7.02,
            "gross_margin_4q_avg": 6.14,
            "net_income": 22046,
            "revenue": 1167919,
            "common_shares": 6108947,
            "book_valuer_per_share": 12.26,
            "book_valuer_per_share_4q_avg": 12.19,
            "equity": 7492570,
            "current_ratio": 127.45,
            "debt_ratio": 41.95,
            "inventory_turnover_ratio": 1.85,
            "account_receivable_turnover_ratio": null,
            "reinvestment_rate": -39.43,
            "research_to_sale_ratio": null,
            "price_fair": 43.56,
            "eps_avg_yearly": 1.24,
            "eps_latest_yearly": 0.16,
            "eps_growth_yearly": 274.31
        },
        "20042": {
            "year_quarter": 20042,
            "year": 2004,
            "quarter": 2,
            "eps": 0.1,
            "eps_growth_year": -66.67,
            "eps_4q": 1.09,
            "eps_4q_growth_year": -14.39,
            "roe": 0.84,
            "roe_4q": 8.43,
            "gross_profit": -46168,
            "gross_margin": 100,
            "gross_margin_4q_avg": 30.57,
            "net_income": 61334,
            "revenue": -46168,
            "common_shares": 6108947,
            "book_valuer_per_share": 11.58,
            "book_valuer_per_share_4q_avg": 12.07,
            "equity": 7074809,
            "current_ratio": 136.83,
            "debt_ratio": 44.6,
            "inventory_turnover_ratio": null,
            "account_receivable_turnover_ratio": null,
            "reinvestment_rate": -16.86,
            "research_to_sale_ratio": null,
            "price_fair": 40.6,
            "eps_avg_yearly": 1.16,
            "eps_latest_yearly": 0.4,
            "eps_growth_yearly": 306.88
        },
        "20043": {
            "year_quarter": 20043,
            "year": 2004,
            "quarter": 3,
            "eps": 0.06,
            "eps_growth_year": -50,
            "eps_4q": 1.05,
            "eps_4q_growth_year": 5.3,
            "roe": 0.52,
            "roe_4q": 8.01,
            "gross_profit": -182,
            "gross_margin": null,
            "gross_margin_4q_avg": 29.83,
            "net_income": 36525,
            "revenue": 0,
            "common_shares": 6108947,
            "book_valuer_per_share": 11.54,
            "book_valuer_per_share_4q_avg": 11.92,
            "equity": 7047909,
            "current_ratio": 136.91,
            "debt_ratio": 42.18,
            "inventory_turnover_ratio": null,
            "account_receivable_turnover_ratio": null,
            "reinvestment_rate": -17.11,
            "research_to_sale_ratio": null,
            "price_fair": 37.67,
            "eps_avg_yearly": 1.08,
            "eps_latest_yearly": 0.24,
            "eps_growth_yearly": 264.44
        },
        "20044": {
            "year_quarter": 20044,
            "year": 2004,
            "quarter": 4,
            "eps": -0.57,
            "eps_growth_year": -166.28,
            "eps_4q": -0.73,
            "eps_4q_growth_year": -152.4,
            "roe": -4.41,
            "roe_4q": -2.79,
            "gross_profit": 0,
            "gross_margin": null,
            "gross_margin_4q_avg": 26.76,
            "net_income": -354152,
            "revenue": 0,
            "common_shares": 6180734,
            "book_valuer_per_share": 10.68,
            "book_valuer_per_share_4q_avg": 11.52,
            "equity": 8995898,
            "current_ratio": 180.93,
            "debt_ratio": 54.03,
            "inventory_turnover_ratio": 0,
            "account_receivable_turnover_ratio": null,
            "reinvestment_rate": 88.08,
            "research_to_sale_ratio": null,
            "price_fair": 37.67,
            "eps_avg_yearly": 1.08,
            "eps_latest_yearly": 0.24,
            "eps_growth_yearly": 264.44
        },
        "20051": {
            "year_quarter": 20051,
            "year": 2005,
            "quarter": 1,
            "eps": -0.17,
            "eps_growth_year": -525,
            "eps_4q": -0.6,
            "eps_4q_growth_year": -142.64,
            "roe": -1.31,
            "roe_4q": -4.360000000000001,
            "gross_profit": 0,
            "gross_margin": null,
            "gross_margin_4q_avg": 25,
            "net_income": -101618,
            "revenue": 0,
            "common_shares": 6180734,
            "book_valuer_per_share": 10.48,
            "book_valuer_per_share_4q_avg": 11.07,
            "equity": 6477314,
            "current_ratio": 205.89,
            "debt_ratio": 35.13,
            "inventory_turnover_ratio": 0,
            "account_receivable_turnover_ratio": null,
            "reinvestment_rate": -31.83,
            "research_to_sale_ratio": null,
            "price_fair": 37.67,
            "eps_avg_yearly": 1.08,
            "eps_latest_yearly": 0.24,
            "eps_growth_yearly": 264.44
        },
        "20052": {
            "year_quarter": 20052,
            "year": 2005,
            "quarter": 2,
            "eps": -0.31,
            "eps_growth_year": -410,
            "eps_4q": -0.96,
            "eps_4q_growth_year": -188.46,
            "roe": -2.76,
            "roe_4q": -7.960000000000001,
            "gross_profit": 0,
            "gross_margin": null,
            "gross_margin_4q_avg": 0,
            "net_income": -175032,
            "revenue": 0,
            "common_shares": 6180734,
            "book_valuer_per_share": 10.02,
            "book_valuer_per_share_4q_avg": 10.68,
            "equity": 6190054,
            "current_ratio": 119.16,
            "debt_ratio": 48.65,
            "inventory_turnover_ratio": 0,
            "account_receivable_turnover_ratio": null,
            "reinvestment_rate": -26.26,
            "research_to_sale_ratio": null,
            "price_fair": 37.67,
            "eps_avg_yearly": 1.08,
            "eps_latest_yearly": 0.24,
            "eps_growth_yearly": 264.44
        },
        "20053": {
            "year_quarter": 20053,
            "year": 2005,
            "quarter": 3,
            "eps": -0.01,
            "eps_growth_year": -116.67,
            "eps_4q": -1.03,
            "eps_4q_growth_year": -198.22,
            "roe": -0.08,
            "roe_4q": -8.56,
            "gross_profit": 48938,
            "gross_margin": 1.72,
            "gross_margin_4q_avg": 0.43,
            "net_income": -5239,
            "revenue": 2848136,
            "common_shares": 6180734,
            "book_valuer_per_share": 10.15,
            "book_valuer_per_share_4q_avg": 10.33,
            "equity": 6271305,
            "current_ratio": 124.6,
            "debt_ratio": 44.75,
            "inventory_turnover_ratio": 8.09,
            "account_receivable_turnover_ratio": null,
            "reinvestment_rate": -41.1,
            "research_to_sale_ratio": null,
            "price_fair": 37.67,
            "eps_avg_yearly": 1.08,
            "eps_latest_yearly": 0.24,
            "eps_growth_yearly": 264.44
        },
        "20054": {
            "year_quarter": 20054,
            "year": 2005,
            "quarter": 4,
            "eps": -0.98,
            "eps_growth_year": null,
            "eps_4q": -1.49,
            "eps_4q_growth_year": null,
            "roe": -8,
            "roe_4q": -12.15,
            "gross_profit": 78944,
            "gross_margin": 2.69,
            "gross_margin_4q_avg": 1.1,
            "net_income": -559945,
            "revenue": 2934854,
            "common_shares": 6058864,
            "book_valuer_per_share": 9.55,
            "book_valuer_per_share_4q_avg": 10.05,
            "equity": 7721690,
            "current_ratio": 78.15,
            "debt_ratio": 64.34,
            "inventory_turnover_ratio": 2.6,
            "account_receivable_turnover_ratio": null,
            "reinvestment_rate": 374.21,
            "research_to_sale_ratio": null,
            "price_fair": 37.67,
            "eps_avg_yearly": 1.08,
            "eps_latest_yearly": 0.24,
            "eps_growth_yearly": 264.44
        },
        "20061": {
            "year_quarter": 20061,
            "year": 2006,
            "quarter": 1,
            "eps": -0.14,
            "eps_growth_year": null,
            "eps_4q": -1.45,
            "eps_4q_growth_year": null,
            "roe": -1.18,
            "roe_4q": -12.02,
            "gross_profit": 83344,
            "gross_margin": 3.39,
            "gross_margin_4q_avg": 1.95,
            "net_income": -79058,
            "revenue": 2461534,
            "common_shares": 6058864,
            "book_valuer_per_share": 9.4,
            "book_valuer_per_share_4q_avg": 9.78,
            "equity": 5692944,
            "current_ratio": 46.05,
            "debt_ratio": 48.99,
            "inventory_turnover_ratio": 2.02,
            "account_receivable_turnover_ratio": null,
            "reinvestment_rate": -333.07,
            "research_to_sale_ratio": null,
            "price_fair": 39.48,
            "eps_avg_yearly": 1.13,
            "eps_latest_yearly": 0.24,
            "eps_growth_yearly": 309.34
        },
        "20062": {
            "year_quarter": 20062,
            "year": 2006,
            "quarter": 2,
            "eps": -0.38,
            "eps_growth_year": null,
            "eps_4q": -1.42,
            "eps_4q_growth_year": null,
            "roe": -3.88,
            "roe_4q": -13.139999999999999,
            "gross_profit": 86406,
            "gross_margin": 3.02,
            "gross_margin_4q_avg": 2.71,
            "net_income": -216695,
            "revenue": 2865884,
            "common_shares": 6058864,
            "book_valuer_per_share": 9.02,
            "book_valuer_per_share_4q_avg": 9.53,
            "equity": 5466576,
            "current_ratio": 124.16,
            "debt_ratio": 49.73,
            "inventory_turnover_ratio": 6.8,
            "account_receivable_turnover_ratio": null,
            "reinvestment_rate": null,
            "research_to_sale_ratio": null,
            "price_fair": 37.96,
            "eps_avg_yearly": 1.08,
            "eps_latest_yearly": 0.24,
            "eps_growth_yearly": 267.52
        },
        "20063": {
            "year_quarter": 20063,
            "year": 2006,
            "quarter": 3,
            "eps": 0.73,
            "eps_growth_year": null,
            "eps_4q": -0.79,
            "eps_4q_growth_year": null,
            "roe": 7.4,
            "roe_4q": -5.659999999999999,
            "gross_profit": 109575,
            "gross_margin": 3.45,
            "gross_margin_4q_avg": 3.14,
            "net_income": 412131,
            "revenue": 3174253,
            "common_shares": 6058864,
            "book_valuer_per_share": 9.35,
            "book_valuer_per_share_4q_avg": 9.33,
            "equity": 5665871,
            "current_ratio": 179.76,
            "debt_ratio": 49.15,
            "inventory_turnover_ratio": 7.21,
            "account_receivable_turnover_ratio": null,
            "reinvestment_rate": -1330.59,
            "research_to_sale_ratio": null,
            "price_fair": 35.35,
            "eps_avg_yearly": 1.01,
            "eps_latest_yearly": 0.24,
            "eps_growth_yearly": 295.7
        },
        "20064": {
            "year_quarter": 20064,
            "year": 2006,
            "quarter": 4,
            "eps": 0.09,
            "eps_growth_year": null,
            "eps_4q": 0.29,
            "eps_4q_growth_year": null,
            "roe": 0.81,
            "roe_4q": 3.1500000000000012,
            "gross_profit": 94577,
            "gross_margin": 3.5,
            "gross_margin_4q_avg": 3.34,
            "net_income": 53155,
            "revenue": 2702547,
            "common_shares": 6058864,
            "book_valuer_per_share": 9.56,
            "book_valuer_per_share_4q_avg": 9.33,
            "equity": 7503680,
            "current_ratio": 119.83,
            "debt_ratio": 66.35,
            "inventory_turnover_ratio": 1.35,
            "account_receivable_turnover_ratio": null,
            "reinvestment_rate": null,
            "research_to_sale_ratio": null,
            "price_fair": 30.28,
            "eps_avg_yearly": 0.87,
            "eps_latest_yearly": 0.36,
            "eps_growth_yearly": 256.63
        },
        "20071": {
            "year_quarter": 20071,
            "year": 2007,
            "quarter": 1,
            "eps": 0.13,
            "eps_growth_year": null,
            "eps_4q": 0.57,
            "eps_4q_growth_year": null,
            "roe": 1.1,
            "roe_4q": 5.430000000000001,
            "gross_profit": 114827,
            "gross_margin": 4.77,
            "gross_margin_4q_avg": 3.69,
            "net_income": 73392,
            "revenue": 2408326,
            "common_shares": 6058864,
            "book_valuer_per_share": 9.73,
            "book_valuer_per_share_4q_avg": 9.42,
            "equity": 5893810,
            "current_ratio": 197.41,
            "debt_ratio": 45.29,
            "inventory_turnover_ratio": 1.16,
            "account_receivable_turnover_ratio": null,
            "reinvestment_rate": null,
            "research_to_sale_ratio": null,
            "price_fair": 29.75,
            "eps_avg_yearly": 0.85,
            "eps_latest_yearly": 0.52,
            "eps_growth_yearly": 307.8
        },
        "20072": {
            "year_quarter": 20072,
            "year": 2007,
            "quarter": 2,
            "eps": 0.22,
            "eps_growth_year": null,
            "eps_4q": 1.17,
            "eps_4q_growth_year": null,
            "roe": 2.09,
            "roe_4q": 11.4,
            "gross_profit": 130455,
            "gross_margin": 4.66,
            "gross_margin_4q_avg": 4.1,
            "net_income": 125203,
            "revenue": 2797777,
            "common_shares": 6058864,
            "book_valuer_per_share": 10.01,
            "book_valuer_per_share_4q_avg": 9.66,
            "equity": 6066351,
            "current_ratio": 158.43,
            "debt_ratio": 44.02,
            "inventory_turnover_ratio": 5.21,
            "account_receivable_turnover_ratio": null,
            "reinvestment_rate": null,
            "research_to_sale_ratio": null,
            "price_fair": 28.35,
            "eps_avg_yearly": 0.81,
            "eps_latest_yearly": 0.88,
            "eps_growth_yearly": 298.66
        },
        "20073": {
            "year_quarter": 20073,
            "year": 2007,
            "quarter": 3,
            "eps": 0.06,
            "eps_growth_year": -91.78,
            "eps_4q": 0.54,
            "eps_4q_growth_year": null,
            "roe": 0.51,
            "roe_4q": 4.51,
            "gross_profit": 93969,
            "gross_margin": 3.73,
            "gross_margin_4q_avg": 4.17,
            "net_income": 31238,
            "revenue": 2521264,
            "common_shares": 6058864,
            "book_valuer_per_share": 10.04,
            "book_valuer_per_share_4q_avg": 9.84,
            "equity": 6080555,
            "current_ratio": 109.59,
            "debt_ratio": 45.38,
            "inventory_turnover_ratio": 5.2,
            "account_receivable_turnover_ratio": null,
            "reinvestment_rate": null,
            "research_to_sale_ratio": null,
            "price_fair": 27.3,
            "eps_avg_yearly": 0.78,
            "eps_latest_yearly": 0.24,
            "eps_growth_yearly": 292.3
        },
        "20074": {
            "year_quarter": 20074,
            "year": 2007,
            "quarter": 4,
            "eps": -0.32,
            "eps_growth_year": -455.56,
            "eps_4q": 0.01,
            "eps_4q_growth_year": -94.78,
            "roe": -2.59,
            "roe_4q": 1.1099999999999999,
            "gross_profit": 124289,
            "gross_margin": 3.55,
            "gross_margin_4q_avg": 4.18,
            "net_income": -181410,
            "revenue": 3498153,
            "common_shares": 6058864,
            "book_valuer_per_share": 10.07,
            "book_valuer_per_share_4q_avg": 9.96,
            "equity": 7950447,
            "current_ratio": 112.98,
            "debt_ratio": 67.89,
            "inventory_turnover_ratio": 1.5,
            "account_receivable_turnover_ratio": null,
            "reinvestment_rate": null,
            "research_to_sale_ratio": null,
            "price_fair": 1.2,
            "eps_avg_yearly": 0.4,
            "eps_latest_yearly": 0.24,
            "eps_growth_yearly": -18.33
        },
        "20081": {
            "year_quarter": 20081,
            "year": 2008,
            "quarter": 1,
            "eps": 0.21,
            "eps_growth_year": 61.54,
            "eps_4q": 0.12,
            "eps_4q_growth_year": -78.53,
            "roe": 2.14,
            "roe_4q": 2.1500000000000004,
            "gross_profit": 946920,
            "gross_margin": 6.72,
            "gross_margin_4q_avg": 4.67,
            "net_income": 172253,
            "revenue": 14095394,
            "common_shares": 6058864,
            "book_valuer_per_share": 10.07,
            "book_valuer_per_share_4q_avg": 10.05,
            "equity": 8142737,
            "current_ratio": 112.99,
            "debt_ratio": 70.17,
            "inventory_turnover_ratio": 3.18,
            "account_receivable_turnover_ratio": null,
            "reinvestment_rate": null,
            "research_to_sale_ratio": null,
            "price_fair": 15.4,
            "eps_avg_yearly": 0.44,
            "eps_latest_yearly": 0.24,
            "eps_growth_yearly": 42.18
        },
        "20082": {
            "year_quarter": 20082,
            "year": 2008,
            "quarter": 2,
            "eps": 0.58,
            "eps_growth_year": 163.64,
            "eps_4q": 0.43,
            "eps_4q_growth_year": -63.11,
            "roe": 5.19,
            "roe_4q": 5.25,
            "gross_profit": 845853,
            "gross_margin": 6.73,
            "gross_margin_4q_avg": 5.18,
            "net_income": 428942,
            "revenue": 12567396,
            "common_shares": 6058864,
            "book_valuer_per_share": 10.78,
            "book_valuer_per_share_4q_avg": 10.24,
            "equity": 8378353,
            "current_ratio": 136.64,
            "debt_ratio": 63.93,
            "inventory_turnover_ratio": 2.72,
            "account_receivable_turnover_ratio": null,
            "reinvestment_rate": null,
            "research_to_sale_ratio": null,
            "price_fair": 26.6,
            "eps_avg_yearly": 0.76,
            "eps_latest_yearly": 2.32,
            "eps_growth_yearly": 59.64
        },
        "20083": {
            "year_quarter": 20083,
            "year": 2008,
            "quarter": 3,
            "eps": 0.62,
            "eps_growth_year": 933.33,
            "eps_4q": 0.84,
            "eps_4q_growth_year": 53.89,
            "roe": 5.64,
            "roe_4q": 10.38,
            "gross_profit": 835246,
            "gross_margin": 6.2,
            "gross_margin_4q_avg": 5.8,
            "net_income": 485072,
            "revenue": 13461719,
            "common_shares": 6058864,
            "book_valuer_per_share": 11.25,
            "book_valuer_per_share_4q_avg": 10.54,
            "equity": 8837478,
            "current_ratio": 131.34,
            "debt_ratio": 65.09,
            "inventory_turnover_ratio": 2.54,
            "account_receivable_turnover_ratio": null,
            "reinvestment_rate": 4113.84,
            "research_to_sale_ratio": null,
            "price_fair": 39.67,
            "eps_avg_yearly": 1.13,
            "eps_latest_yearly": 2.48,
            "eps_growth_yearly": 90.91
        },
        "20084": {
            "year_quarter": 20084,
            "year": 2008,
            "quarter": 4,
            "eps": -0.49,
            "eps_growth_year": null,
            "eps_4q": 0.77,
            "eps_4q_growth_year": 5050.37,
            "roe": -4.85,
            "roe_4q": 8.120000000000001,
            "gross_profit": -61060,
            "gross_margin": -0.79,
            "gross_margin_4q_avg": 4.72,
            "net_income": -426688,
            "revenue": 7689050,
            "common_shares": 6058864,
            "book_valuer_per_share": 10.91,
            "book_valuer_per_share_4q_avg": 10.75,
            "equity": 8761980,
            "current_ratio": 132.84,
            "debt_ratio": 61.48,
            "inventory_turnover_ratio": 1.61,
            "account_receivable_turnover_ratio": 3.81,
            "reinvestment_rate": 4151.61,
            "research_to_sale_ratio": null,
            "price_fair": 39.67,
            "eps_avg_yearly": 1.13,
            "eps_latest_yearly": 2.48,
            "eps_growth_yearly": 90.91
        },
        "20091": {
            "year_quarter": 20091,
            "year": 2009,
            "quarter": 1,
            "eps": 0.38,
            "eps_growth_year": 80.95,
            "eps_4q": 1.15,
            "eps_4q_growth_year": 841.3,
            "roe": 2.35,
            "roe_4q": 8.33,
            "gross_profit": 383836,
            "gross_margin": 5.59,
            "gross_margin_4q_avg": 4.43,
            "net_income": 211146,
            "revenue": 6872068,
            "common_shares": 6058864,
            "book_valuer_per_share": 11.61,
            "book_valuer_per_share_4q_avg": 11.14,
            "equity": 9186580,
            "current_ratio": 135.77,
            "debt_ratio": 59.22,
            "inventory_turnover_ratio": 1.71,
            "account_receivable_turnover_ratio": 1.94,
            "reinvestment_rate": 1373.5,
            "research_to_sale_ratio": null,
            "price_fair": 39.67,
            "eps_avg_yearly": 1.13,
            "eps_latest_yearly": 2.48,
            "eps_growth_yearly": 90.91
        },
        "20092": {
            "year_quarter": 20092,
            "year": 2009,
            "quarter": 2,
            "eps": 0.64,
            "eps_growth_year": 10.34,
            "eps_4q": 1.06,
            "eps_4q_growth_year": 146.98,
            "roe": 4.3,
            "roe_4q": 7.44,
            "gross_profit": 681654,
            "gross_margin": 7.2,
            "gross_margin_4q_avg": 4.55,
            "net_income": 400846,
            "revenue": 9465366,
            "common_shares": 6055974,
            "book_valuer_per_share": 12.11,
            "book_valuer_per_share_4q_avg": 11.47,
            "equity": 9442595,
            "current_ratio": 128.21,
            "debt_ratio": 59.22,
            "inventory_turnover_ratio": 2.73,
            "account_receivable_turnover_ratio": 2.29,
            "reinvestment_rate": 468.95,
            "research_to_sale_ratio": null,
            "price_fair": 46.8,
            "eps_avg_yearly": 1.34,
            "eps_latest_yearly": 2.56,
            "eps_growth_yearly": 117.02
        },
        "20093": {
            "year_quarter": 20093,
            "year": 2009,
            "quarter": 3,
            "eps": 0.45,
            "eps_growth_year": -27.42,
            "eps_4q": 0.67,
            "eps_4q_growth_year": -20.13,
            "roe": 4.03,
            "roe_4q": 5.83,
            "gross_profit": 636129,
            "gross_margin": 7.97,
            "gross_margin_4q_avg": 4.99,
            "net_income": 386200,
            "revenue": 7980900,
            "common_shares": 6378609,
            "book_valuer_per_share": 11.82,
            "book_valuer_per_share_4q_avg": 11.61,
            "equity": 9730946,
            "current_ratio": 172.81,
            "debt_ratio": 53.7,
            "inventory_turnover_ratio": 2.51,
            "account_receivable_turnover_ratio": 1.76,
            "reinvestment_rate": 330.23,
            "research_to_sale_ratio": null,
            "price_fair": 48.83,
            "eps_avg_yearly": 1.4,
            "eps_latest_yearly": 1.8,
            "eps_growth_yearly": 87.55
        },
        "20094": {
            "year_quarter": 20094,
            "year": 2009,
            "quarter": 4,
            "eps": 0.34,
            "eps_growth_year": null,
            "eps_4q": 1.75,
            "eps_4q_growth_year": 127.39,
            "roe": 3.04,
            "roe_4q": 13.72,
            "gross_profit": 745344,
            "gross_margin": 6.98,
            "gross_margin_4q_avg": 6.94,
            "net_income": 301755,
            "revenue": 10681867,
            "common_shares": 6378609,
            "book_valuer_per_share": 12.83,
            "book_valuer_per_share_4q_avg": 12.09,
            "equity": 10107409,
            "current_ratio": 168.17,
            "debt_ratio": 54.6,
            "inventory_turnover_ratio": 3.25,
            "account_receivable_turnover_ratio": 5.16,
            "reinvestment_rate": 74.07,
            "research_to_sale_ratio": null,
            "price_fair": 48.69,
            "eps_avg_yearly": 1.39,
            "eps_latest_yearly": 1.36,
            "eps_growth_yearly": 66.96
        },
        "20101": {
            "year_quarter": 20101,
            "year": 2010,
            "quarter": 1,
            "eps": 0.39,
            "eps_growth_year": 2.63,
            "eps_4q": 1.79,
            "eps_4q_growth_year": 55.3,
            "roe": 2.82,
            "roe_4q": 14.190000000000001,
            "gross_profit": 578768,
            "gross_margin": 5.46,
            "gross_margin_4q_avg": 6.9,
            "net_income": 287301,
            "revenue": 10608261,
            "common_shares": 6378609,
            "book_valuer_per_share": 13.1,
            "book_valuer_per_share_4q_avg": 12.47,
            "equity": 10301006,
            "current_ratio": 166.99,
            "debt_ratio": 54.4,
            "inventory_turnover_ratio": 3.36,
            "account_receivable_turnover_ratio": 2.39,
            "reinvestment_rate": 265.9,
            "research_to_sale_ratio": null,
            "price_fair": 49.28,
            "eps_avg_yearly": 1.41,
            "eps_latest_yearly": 1.56,
            "eps_growth_yearly": 66.14
        },
        "20102": {
            "year_quarter": 20102,
            "year": 2010,
            "quarter": 2,
            "eps": 0.41,
            "eps_growth_year": -36.67,
            "eps_4q": 1.46,
            "eps_4q_growth_year": 37.58,
            "roe": 3.52,
            "roe_4q": 13.41,
            "gross_profit": 657110,
            "gross_margin": 6.83,
            "gross_margin_4q_avg": 6.81,
            "net_income": 374997,
            "revenue": 9622949,
            "common_shares": 6378609,
            "book_valuer_per_share": 13.64,
            "book_valuer_per_share_4q_avg": 12.85,
            "equity": 10992558,
            "current_ratio": 173.17,
            "debt_ratio": 54.34,
            "inventory_turnover_ratio": 2.88,
            "account_receivable_turnover_ratio": 2.12,
            "reinvestment_rate": 227.81,
            "research_to_sale_ratio": null,
            "price_fair": 50.02,
            "eps_avg_yearly": 1.43,
            "eps_latest_yearly": 1.64,
            "eps_growth_yearly": 62
        },
        "20103": {
            "year_quarter": 20103,
            "year": 2010,
            "quarter": 3,
            "eps": 0.47,
            "eps_growth_year": 4.9,
            "eps_4q": 1.53,
            "eps_4q_growth_year": 129.34,
            "roe": 4.11,
            "roe_4q": 13.490000000000002,
            "gross_profit": 819597,
            "gross_margin": 7.01,
            "gross_margin_4q_avg": 6.57,
            "net_income": 458381,
            "revenue": 11694454,
            "common_shares": 6378609,
            "book_valuer_per_share": 14.03,
            "book_valuer_per_share_4q_avg": 13.4,
            "equity": 11331126,
            "current_ratio": 165.94,
            "debt_ratio": 54.66,
            "inventory_turnover_ratio": 3.25,
            "account_receivable_turnover_ratio": 2.61,
            "reinvestment_rate": 252.57,
            "research_to_sale_ratio": null,
            "price_fair": 51.33,
            "eps_avg_yearly": 1.47,
            "eps_latest_yearly": 1.88,
            "eps_growth_yearly": 61.71
        },
        "20104": {
            "year_quarter": 20104,
            "year": 2010,
            "quarter": 4,
            "eps": 0.51,
            "eps_growth_year": 49.85,
            "eps_4q": 1.74,
            "eps_4q_growth_year": -0.74,
            "roe": 4.1,
            "roe_4q": 14.55,
            "gross_profit": 868623,
            "gross_margin": 7.84,
            "gross_margin_4q_avg": 6.79,
            "net_income": 475253,
            "revenue": 11077526,
            "common_shares": 7121256,
            "book_valuer_per_share": 12.46,
            "book_valuer_per_share_4q_avg": 13.31,
            "equity": 11874967,
            "current_ratio": 164.16,
            "debt_ratio": 55.72,
            "inventory_turnover_ratio": 3.07,
            "account_receivable_turnover_ratio": 2.54,
            "reinvestment_rate": 88.94,
            "research_to_sale_ratio": null,
            "price_fair": 56.23,
            "eps_avg_yearly": 1.61,
            "eps_latest_yearly": 2.04,
            "eps_growth_yearly": 93.77
        },
        "20111": {
            "year_quarter": 20111,
            "year": 2011,
            "quarter": 1,
            "eps": 0.4,
            "eps_growth_year": 2.56,
            "eps_4q": 1.79,
            "eps_4q_growth_year": -0.08,
            "roe": 3.14,
            "roe_4q": 14.870000000000001,
            "gross_profit": 897726,
            "gross_margin": 6.9,
            "gross_margin_4q_avg": 7.15,
            "net_income": 379119,
            "revenue": 13001985,
            "common_shares": 7121256,
            "book_valuer_per_share": 12.99,
            "book_valuer_per_share_4q_avg": 13.28,
            "equity": 12277877,
            "current_ratio": 157.65,
            "debt_ratio": 57.17,
            "inventory_turnover_ratio": 3.08,
            "account_receivable_turnover_ratio": 2.8,
            "reinvestment_rate": 228.1,
            "research_to_sale_ratio": null,
            "price_fair": 59.38,
            "eps_avg_yearly": 1.7,
            "eps_latest_yearly": 1.6,
            "eps_growth_yearly": 71.76
        },
        "20112": {
            "year_quarter": 20112,
            "year": 2011,
            "quarter": 2,
            "eps": 0.45,
            "eps_growth_year": 11.49,
            "eps_4q": 1.68,
            "eps_4q_growth_year": 15.18,
            "roe": 4.16,
            "roe_4q": 15.510000000000002,
            "gross_profit": 937351,
            "gross_margin": 9.15,
            "gross_margin_4q_avg": 7.73,
            "net_income": 520160,
            "revenue": 10246246,
            "common_shares": 7121256,
            "book_valuer_per_share": 13.44,
            "book_valuer_per_share_4q_avg": 13.23,
            "equity": 12734288,
            "current_ratio": 162.57,
            "debt_ratio": 55.44,
            "inventory_turnover_ratio": 2.05,
            "account_receivable_turnover_ratio": 1.92,
            "reinvestment_rate": 222.6,
            "research_to_sale_ratio": null,
            "price_fair": 62.07,
            "eps_avg_yearly": 1.77,
            "eps_latest_yearly": 1.8,
            "eps_growth_yearly": 52.85
        },
        "20113": {
            "year_quarter": 20113,
            "year": 2011,
            "quarter": 3,
            "eps": 0.42,
            "eps_growth_year": -10.81,
            "eps_4q": 1.69,
            "eps_4q_growth_year": 10.03,
            "roe": 3.42,
            "roe_4q": 14.82,
            "gross_profit": 832584,
            "gross_margin": 6.88,
            "gross_margin_4q_avg": 7.69,
            "net_income": 447970,
            "revenue": 12105603,
            "common_shares": 7953021,
            "book_valuer_per_share": 12.99,
            "book_valuer_per_share_4q_avg": 12.97,
            "equity": 13434877,
            "current_ratio": 161.95,
            "debt_ratio": 53.81,
            "inventory_turnover_ratio": 2.55,
            "account_receivable_turnover_ratio": 2.21,
            "reinvestment_rate": 208.7,
            "research_to_sale_ratio": null,
            "price_fair": 66.27,
            "eps_avg_yearly": 1.89,
            "eps_latest_yearly": 1.68,
            "eps_growth_yearly": 74.87
        },
        "20114": {
            "year_quarter": 20114,
            "year": 2011,
            "quarter": 4,
            "eps": 0.3,
            "eps_growth_year": -42.1,
            "eps_4q": 1.53,
            "eps_4q_growth_year": -12.36,
            "roe": 2.4,
            "roe_4q": 13.120000000000001,
            "gross_profit": 891870,
            "gross_margin": 7.36,
            "gross_margin_4q_avg": 7.57,
            "net_income": 333533,
            "revenue": 12112012,
            "common_shares": 7763141,
            "book_valuer_per_share": 13.31,
            "book_valuer_per_share_4q_avg": 13.18,
            "equity": 14391274,
            "current_ratio": 169.36,
            "debt_ratio": 51.44,
            "inventory_turnover_ratio": 2.87,
            "account_receivable_turnover_ratio": 2.15,
            "reinvestment_rate": 64.06,
            "research_to_sale_ratio": null,
            "price_fair": 64.4,
            "eps_avg_yearly": 1.84,
            "eps_latest_yearly": 1.2,
            "eps_growth_yearly": 60.32
        },
        "20121": {
            "year_quarter": 20121,
            "year": 2012,
            "quarter": 1,
            "eps": 0.35,
            "eps_growth_year": -12.5,
            "eps_4q": 1.52,
            "eps_4q_growth_year": -15.2,
            "roe": 2.72,
            "roe_4q": 12.7,
            "gross_profit": 942304,
            "gross_margin": 8.6,
            "gross_margin_4q_avg": 8,
            "net_income": 394863,
            "revenue": 10963044,
            "common_shares": 7763141,
            "book_valuer_per_share": 13.63,
            "book_valuer_per_share_4q_avg": 13.34,
            "equity": 14678722,
            "current_ratio": 163.2,
            "debt_ratio": 52.26,
            "inventory_turnover_ratio": 2.61,
            "account_receivable_turnover_ratio": 1.8,
            "reinvestment_rate": 73.65,
            "research_to_sale_ratio": null,
            "price_fair": 63.3,
            "eps_avg_yearly": 1.81,
            "eps_latest_yearly": 1.4,
            "eps_growth_yearly": 60.78
        },
        "20122": {
            "year_quarter": 20122,
            "year": 2012,
            "quarter": 2,
            "eps": 0.22,
            "eps_growth_year": -50.53,
            "eps_4q": 1.17,
            "eps_4q_growth_year": -30.41,
            "roe": 2.06,
            "roe_4q": 10.6,
            "gross_profit": 854018,
            "gross_margin": 6.25,
            "gross_margin_4q_avg": 7.27,
            "net_income": 300976,
            "revenue": 13671203,
            "common_shares": 7763141,
            "book_valuer_per_share": 13.74,
            "book_valuer_per_share_4q_avg": 13.42,
            "equity": 14595102,
            "current_ratio": 157.15,
            "debt_ratio": 52.53,
            "inventory_turnover_ratio": 2.77,
            "account_receivable_turnover_ratio": 2.27,
            "reinvestment_rate": 114.41,
            "research_to_sale_ratio": null,
            "price_fair": 5.12,
            "eps_avg_yearly": 1.71,
            "eps_latest_yearly": 0.88,
            "eps_growth_yearly": -0.18
        },
        "20123": {
            "year_quarter": 20123,
            "year": 2012,
            "quarter": 3,
            "eps": 0.15,
            "eps_growth_year": -63.88,
            "eps_4q": 0.95,
            "eps_4q_growth_year": -43.64,
            "roe": 0.96,
            "roe_4q": 8.14,
            "gross_profit": 602763,
            "gross_margin": 5.37,
            "gross_margin_4q_avg": 6.9,
            "net_income": 143834,
            "revenue": 11220512,
            "common_shares": 8694718,
            "book_valuer_per_share": 12.3,
            "book_valuer_per_share_4q_avg": 13.25,
            "equity": 15272936,
            "current_ratio": 159.79,
            "debt_ratio": 56.69,
            "inventory_turnover_ratio": 2.18,
            "account_receivable_turnover_ratio": 1.93,
            "reinvestment_rate": 204.79,
            "research_to_sale_ratio": null,
            "price_fair": 4.71,
            "eps_avg_yearly": 1.57,
            "eps_latest_yearly": 0.6,
            "eps_growth_yearly": -11.24
        },
        "20124": {
            "year_quarter": 20124,
            "year": 2012,
            "quarter": 4,
            "eps": 0.04,
            "eps_growth_year": -87.47,
            "eps_4q": 0.72,
            "eps_4q_growth_year": -52.58,
            "roe": 0.06,
            "roe_4q": 5.800000000000001,
            "gross_profit": 624950,
            "gross_margin": 6.15,
            "gross_margin_4q_avg": 6.59,
            "net_income": 8953,
            "revenue": 10164998,
            "common_shares": 8694718,
            "book_valuer_per_share": 12.33,
            "book_valuer_per_share_4q_avg": 13,
            "equity": 15463597,
            "current_ratio": 148.12,
            "debt_ratio": 58.04,
            "inventory_turnover_ratio": 2.1,
            "account_receivable_turnover_ratio": 1.62,
            "reinvestment_rate": 213.49,
            "research_to_sale_ratio": null,
            "price_fair": 4.43,
            "eps_avg_yearly": 1.48,
            "eps_latest_yearly": 0.16,
            "eps_growth_yearly": -30.04
        },
        "20131": {
            "year_quarter": 20131,
            "year": 2013,
            "quarter": 1,
            "eps": 0.13,
            "eps_growth_year": -62.86,
            "eps_4q": 0.55,
            "eps_4q_growth_year": -63.92,
            "roe": 0.59,
            "roe_4q": 3.67,
            "gross_profit": 613996,
            "gross_margin": 5.23,
            "gross_margin_4q_avg": 5.75,
            "net_income": 92815,
            "revenue": 11745380,
            "common_shares": 8694718,
            "book_valuer_per_share": 12.66,
            "book_valuer_per_share_4q_avg": 12.76,
            "equity": 15854208,
            "current_ratio": 152.65,
            "debt_ratio": 60.28,
            "inventory_turnover_ratio": 2.38,
            "account_receivable_turnover_ratio": 1.76,
            "reinvestment_rate": 265.26,
            "research_to_sale_ratio": null,
            "price_fair": 49.61,
            "eps_avg_yearly": 1.42,
            "eps_latest_yearly": 0.52,
            "eps_growth_yearly": 28.08
        },
        "20132": {
            "year_quarter": 20132,
            "year": 2013,
            "quarter": 2,
            "eps": 0.14,
            "eps_growth_year": -37.37,
            "eps_4q": 0.44,
            "eps_4q_growth_year": -62.2,
            "roe": 0.64,
            "roe_4q": 2.25,
            "gross_profit": 589625,
            "gross_margin": 4.58,
            "gross_margin_4q_avg": 5.33,
            "net_income": 101872,
            "revenue": 12863281,
            "common_shares": 8694718,
            "book_valuer_per_share": 12.73,
            "book_valuer_per_share_4q_avg": 12.51,
            "equity": 15984272,
            "current_ratio": 150.82,
            "debt_ratio": 59.26,
            "inventory_turnover_ratio": 2.56,
            "account_receivable_turnover_ratio": 2.07,
            "reinvestment_rate": 308.13,
            "research_to_sale_ratio": null,
            "price_fair": 29.6,
            "eps_avg_yearly": 1.29,
            "eps_latest_yearly": 0.56,
            "eps_growth_yearly": 12.9
        },
        "20133": {
            "year_quarter": 20133,
            "year": 2013,
            "quarter": 3,
            "eps": 0.16,
            "eps_growth_year": 5.21,
            "eps_4q": 0.46,
            "eps_4q_growth_year": -52.09,
            "roe": 1.1,
            "roe_4q": 2.39,
            "gross_profit": 773848,
            "gross_margin": 5.98,
            "gross_margin_4q_avg": 5.49,
            "net_income": 175642,
            "revenue": 12947630,
            "common_shares": 9129454,
            "book_valuer_per_share": 12.03,
            "book_valuer_per_share_4q_avg": 12.44,
            "equity": 16044171,
            "current_ratio": 148.74,
            "debt_ratio": 59.04,
            "inventory_turnover_ratio": 2.29,
            "account_receivable_turnover_ratio": 2.35,
            "reinvestment_rate": 329.35,
            "research_to_sale_ratio": null,
            "price_fair": 41.35,
            "eps_avg_yearly": 1.22,
            "eps_latest_yearly": 0.64,
            "eps_growth_yearly": 23.89
        },
        "20134": {
            "year_quarter": 20134,
            "year": 2013,
            "quarter": 4,
            "eps": 0.1,
            "eps_growth_year": 181.14,
            "eps_4q": 0.53,
            "eps_4q_growth_year": -26.66,
            "roe": -0.17,
            "roe_4q": 2.16,
            "gross_profit": 690878,
            "gross_margin": 4.06,
            "gross_margin_4q_avg": 4.96,
            "net_income": -28024,
            "revenue": 17014083,
            "common_shares": 9129454,
            "book_valuer_per_share": 12.46,
            "book_valuer_per_share_4q_avg": 12.47,
            "equity": 16276990,
            "current_ratio": 135.89,
            "debt_ratio": 60.13,
            "inventory_turnover_ratio": 2.76,
            "account_receivable_turnover_ratio": 3.15,
            "reinvestment_rate": 315.49,
            "research_to_sale_ratio": null,
            "price_fair": 35.53,
            "eps_avg_yearly": 1.16,
            "eps_latest_yearly": 0.4,
            "eps_growth_yearly": 20.63
        },
        "20141": {
            "year_quarter": 20141,
            "year": 2014,
            "quarter": 1,
            "eps": 0.13,
            "eps_growth_year": 0,
            "eps_4q": 0.53,
            "eps_4q_growth_year": -2.67,
            "roe": 0.51,
            "roe_4q": 2.08,
            "gross_profit": 732216,
            "gross_margin": 5.25,
            "gross_margin_4q_avg": 4.97,
            "net_income": 82404,
            "revenue": 13936750,
            "common_shares": 9129454,
            "book_valuer_per_share": 12.53,
            "book_valuer_per_share_4q_avg": 12.44,
            "equity": 16227727,
            "current_ratio": 134.5,
            "debt_ratio": 61.03,
            "inventory_turnover_ratio": 2,
            "account_receivable_turnover_ratio": 2.54,
            "reinvestment_rate": 328.07,
            "research_to_sale_ratio": null,
            "price_fair": 37.73,
            "eps_avg_yearly": 1.1,
            "eps_latest_yearly": 0.52,
            "eps_growth_yearly": 24.45
        },
        "20142": {
            "year_quarter": 20142,
            "year": 2014,
            "quarter": 2,
            "eps": -0.06,
            "eps_growth_year": -142.86,
            "eps_4q": 0.32,
            "eps_4q_growth_year": -27.8,
            "roe": -0.6,
            "roe_4q": 0.8400000000000001,
            "gross_profit": 681518,
            "gross_margin": 4.72,
            "gross_margin_4q_avg": 5,
            "net_income": -96248,
            "revenue": 14429205,
            "common_shares": 9129454,
            "book_valuer_per_share": 12.32,
            "book_valuer_per_share_4q_avg": 12.34,
            "equity": 15884882,
            "current_ratio": 120.54,
            "debt_ratio": 62.89,
            "inventory_turnover_ratio": 1.84,
            "account_receivable_turnover_ratio": 2.72,
            "reinvestment_rate": 358.84,
            "research_to_sale_ratio": null,
            "price_fair": 36.75,
            "eps_avg_yearly": 1.06,
            "eps_latest_yearly": 0.52,
            "eps_growth_yearly": 24.72
        },
        "20143": {
            "year_quarter": 20143,
            "year": 2014,
            "quarter": 3,
            "eps": -0.02,
            "eps_growth_year": -112.5,
            "eps_4q": 0.14,
            "eps_4q_growth_year": -68.85,
            "roe": -0.93,
            "roe_4q": -1.19,
            "gross_profit": 561342,
            "gross_margin": 4.29,
            "gross_margin_4q_avg": 4.58,
            "net_income": -149000,
            "revenue": 13086520,
            "common_shares": 9585927,
            "book_valuer_per_share": 11.93,
            "book_valuer_per_share_4q_avg": 12.31,
            "equity": 16085559,
            "current_ratio": 111.97,
            "debt_ratio": 64,
            "inventory_turnover_ratio": 1.63,
            "account_receivable_turnover_ratio": 2.34,
            "reinvestment_rate": 411.37,
            "research_to_sale_ratio": 0.36,
            "price_fair": 32.3,
            "eps_avg_yearly": 1,
            "eps_latest_yearly": 0.52,
            "eps_growth_yearly": 22.3
        },
        "20144": {
            "year_quarter": 20144,
            "year": 2014,
            "quarter": 4,
            "eps": -0.46,
            "eps_growth_year": -545.8,
            "eps_4q": -0.42,
            "eps_4q_growth_year": -179.2,
            "roe": -6.34,
            "roe_4q": -7.359999999999999,
            "gross_profit": 335424,
            "gross_margin": 2.2,
            "gross_margin_4q_avg": 4.12,
            "net_income": -996292,
            "revenue": 15224858,
            "common_shares": 9585927,
            "book_valuer_per_share": 11.72,
            "book_valuer_per_share_4q_avg": 12.13,
            "equity": 15323856,
            "current_ratio": 104.3,
            "debt_ratio": 67.77,
            "inventory_turnover_ratio": 2.17,
            "account_receivable_turnover_ratio": 2.41,
            "reinvestment_rate": 590.7,
            "research_to_sale_ratio": 0.09,
            "price_fair": 28.89,
            "eps_avg_yearly": 0.92,
            "eps_latest_yearly": 0.52,
            "eps_growth_yearly": 21.4
        },
        "20151": {
            "year_quarter": 20151,
            "year": 2015,
            "quarter": 1,
            "eps": 0.01,
            "eps_growth_year": -92.31,
            "eps_4q": -0.54,
            "eps_4q_growth_year": -201.97,
            "roe": -1.03,
            "roe_4q": -8.9,
            "gross_profit": 496798,
            "gross_margin": 4.37,
            "gross_margin_4q_avg": 3.9,
            "net_income": -157204,
            "revenue": 11356116,
            "common_shares": 9585927,
            "book_valuer_per_share": 11.64,
            "book_valuer_per_share_4q_avg": 11.9,
            "equity": 15135575,
            "current_ratio": 106.31,
            "debt_ratio": 65.79,
            "inventory_turnover_ratio": 1.94,
            "account_receivable_turnover_ratio": 1.97,
            "reinvestment_rate": 490.84,
            "research_to_sale_ratio": 0.22,
            "price_fair": 30.22,
            "eps_avg_yearly": 0.86,
            "eps_latest_yearly": 0.52,
            "eps_growth_yearly": 30.37
        },
        "20152": {
            "year_quarter": 20152,
            "year": 2015,
            "quarter": 2,
            "eps": 0.22,
            "eps_growth_year": null,
            "eps_4q": -0.26,
            "eps_4q_growth_year": -182.22,
            "roe": 0.6,
            "roe_4q": -7.699999999999999,
            "gross_profit": 642738,
            "gross_margin": 6.3,
            "gross_margin_4q_avg": 4.29,
            "net_income": 89964,
            "revenue": 10197953,
            "common_shares": 9585927,
            "book_valuer_per_share": 11.66,
            "book_valuer_per_share_4q_avg": 11.74,
            "equity": 14912963,
            "current_ratio": 104.97,
            "debt_ratio": 59.86,
            "inventory_turnover_ratio": 1.83,
            "account_receivable_turnover_ratio": 2.07,
            "reinvestment_rate": 500.14,
            "research_to_sale_ratio": 0.74,
            "price_fair": 27.53,
            "eps_avg_yearly": 0.79,
            "eps_latest_yearly": 0.88,
            "eps_growth_yearly": 726.2
        },
        "20153": {
            "year_quarter": 20153,
            "year": 2015,
            "quarter": 3,
            "eps": 0.33,
            "eps_growth_year": null,
            "eps_4q": 0.09,
            "eps_4q_growth_year": -33.39,
            "roe": 1.44,
            "roe_4q": -5.33,
            "gross_profit": 437884,
            "gross_margin": 4.94,
            "gross_margin_4q_avg": 4.45,
            "net_income": 218485,
            "revenue": 8869009,
            "common_shares": 9585927,
            "book_valuer_per_share": 12.29,
            "book_valuer_per_share_4q_avg": 11.83,
            "equity": 15495998,
            "current_ratio": 150.01,
            "debt_ratio": 50.82,
            "inventory_turnover_ratio": 1.66,
            "account_receivable_turnover_ratio": 1.81,
            "reinvestment_rate": 194.39,
            "research_to_sale_ratio": 0.42,
            "price_fair": 26.48,
            "eps_avg_yearly": 0.76,
            "eps_latest_yearly": 1.32,
            "eps_growth_yearly": 745.09
        },
        "20154": {
            "year_quarter": 20154,
            "year": 2015,
            "quarter": 4,
            "eps": -0.18,
            "eps_growth_year": null,
            "eps_4q": 0.37,
            "eps_4q_growth_year": null,
            "roe": -1.6,
            "roe_4q": -0.5900000000000002,
            "gross_profit": 503120,
            "gross_margin": 5.95,
            "gross_margin_4q_avg": 5.39,
            "net_income": -244546,
            "revenue": 8460885,
            "common_shares": 9585927,
            "book_valuer_per_share": 11.94,
            "book_valuer_per_share_4q_avg": 11.88,
            "equity": 14982371,
            "current_ratio": 146.84,
            "debt_ratio": 52.04,
            "inventory_turnover_ratio": 1.74,
            "account_receivable_turnover_ratio": 1.73,
            "reinvestment_rate": 265.26,
            "research_to_sale_ratio": 0.67,
            "price_fair": 25.07,
            "eps_avg_yearly": 0.72,
            "eps_latest_yearly": 1.32,
            "eps_growth_yearly": 823.22
        },
        "20161": {
            "year_quarter": 20161,
            "year": 2016,
            "quarter": 1,
            "eps": 0.1,
            "eps_growth_year": 900,
            "eps_4q": 0.47,
            "eps_4q_growth_year": null,
            "roe": 1.17,
            "roe_4q": 1.6099999999999999,
            "gross_profit": 719567,
            "gross_margin": 10.33,
            "gross_margin_4q_avg": 6.88,
            "net_income": 174440,
            "revenue": 6968835,
            "common_shares": 9585927,
            "book_valuer_per_share": 11.9,
            "book_valuer_per_share_4q_avg": 11.95,
            "equity": 14869047,
            "current_ratio": 146.09,
            "debt_ratio": 52.27,
            "inventory_turnover_ratio": 1.36,
            "account_receivable_turnover_ratio": 1.43,
            "reinvestment_rate": 259.89,
            "research_to_sale_ratio": 0.48,
            "price_fair": 22.68,
            "eps_avg_yearly": 0.65,
            "eps_latest_yearly": 1.32,
            "eps_growth_yearly": 898.87
        },
        "20162": {
            "year_quarter": 20162,
            "year": 2016,
            "quarter": 2,
            "eps": 0.15,
            "eps_growth_year": -31.82,
            "eps_4q": 0.39,
            "eps_4q_growth_year": null,
            "roe": 1.67,
            "roe_4q": 2.6799999999999997,
            "gross_profit": 795117,
            "gross_margin": 10.19,
            "gross_margin_4q_avg": 7.85,
            "net_income": 248567,
            "revenue": 7801611,
            "common_shares": 9585927,
            "book_valuer_per_share": 11.91,
            "book_valuer_per_share_4q_avg": 12.01,
            "equity": 14893700,
            "current_ratio": 148.69,
            "debt_ratio": 50.15,
            "inventory_turnover_ratio": 1.48,
            "account_receivable_turnover_ratio": 1.56,
            "reinvestment_rate": 154.02,
            "research_to_sale_ratio": 0.41,
            "price_fair": 21.7,
            "eps_avg_yearly": 0.62,
            "eps_latest_yearly": 0.6,
            "eps_growth_yearly": 933.73
        },
        "20163": {
            "year_quarter": 20163,
            "year": 2016,
            "quarter": 3,
            "eps": 0.01,
            "eps_growth_year": -96.97,
            "eps_4q": 0.08,
            "eps_4q_growth_year": -17.21,
            "roe": 0.16,
            "roe_4q": 1.4,
            "gross_profit": 522479,
            "gross_margin": 7.62,
            "gross_margin_4q_avg": 8.52,
            "net_income": 23889,
            "revenue": 6860109,
            "common_shares": 9872074,
            "book_valuer_per_share": 11.31,
            "book_valuer_per_share_4q_avg": 11.77,
            "equity": 14663959,
            "current_ratio": 148.38,
            "debt_ratio": 49.72,
            "inventory_turnover_ratio": 1.37,
            "account_receivable_turnover_ratio": 1.36,
            "reinvestment_rate": -292.86,
            "research_to_sale_ratio": 0.41,
            "price_fair": 19.74,
            "eps_avg_yearly": 0.56,
            "eps_latest_yearly": 0.04,
            "eps_growth_yearly": 909.12
        },
        "20164": {
            "year_quarter": 20164,
            "year": 2016,
            "quarter": 4,
            "eps": 0.16,
            "eps_growth_year": null,
            "eps_4q": 0.42,
            "eps_4q_growth_year": 10.94,
            "roe": 3.45,
            "roe_4q": 6.45,
            "gross_profit": 892729,
            "gross_margin": 9.91,
            "gross_margin_4q_avg": 9.51,
            "net_income": 514522,
            "revenue": 9012315,
            "common_shares": 9872074,
            "book_valuer_per_share": 11.42,
            "book_valuer_per_share_4q_avg": 11.64,
            "equity": 15196162,
            "current_ratio": 149.86,
            "debt_ratio": 48.67,
            "inventory_turnover_ratio": 1.8,
            "account_receivable_turnover_ratio": 1.73,
            "reinvestment_rate": -519.47,
            "research_to_sale_ratio": 0.42,
            "price_fair": 21.42,
            "eps_avg_yearly": 0.61,
            "eps_latest_yearly": 0.64,
            "eps_growth_yearly": 1538.46
        },
        "20171": {
            "year_quarter": 20171,
            "year": 2017,
            "quarter": 1,
            "eps": 0.07,
            "eps_growth_year": -30,
            "eps_4q": 0.39,
            "eps_4q_growth_year": -18.22,
            "roe": 0.76,
            "roe_4q": 6.04,
            "gross_profit": 656553,
            "gross_margin": 8.24,
            "gross_margin_4q_avg": 8.99,
            "net_income": 112291,
            "revenue": 7964810,
            "common_shares": 9872074,
            "book_valuer_per_share": 11.16,
            "book_valuer_per_share_4q_avg": 11.45,
            "equity": 14282745,
            "current_ratio": 163.71,
            "debt_ratio": 48.65,
            "inventory_turnover_ratio": 1.55,
            "account_receivable_turnover_ratio": 1.46,
            "reinvestment_rate": -873.1,
            "research_to_sale_ratio": 0.36,
            "price_fair": 20.58,
            "eps_avg_yearly": 0.59,
            "eps_latest_yearly": 0.28,
            "eps_growth_yearly": 1425.96
        },
        "20172": {
            "year_quarter": 20172,
            "year": 2017,
            "quarter": 2,
            "eps": 0.06,
            "eps_growth_year": -60,
            "eps_4q": 0.29,
            "eps_4q_growth_year": -26.91,
            "roe": 0.52,
            "roe_4q": 4.890000000000001,
            "gross_profit": 558454,
            "gross_margin": 7.41,
            "gross_margin_4q_avg": 8.3,
            "net_income": 74307,
            "revenue": 7534318,
            "common_shares": 9872074,
            "book_valuer_per_share": 11.33,
            "book_valuer_per_share_4q_avg": 11.31,
            "equity": 14527648,
            "current_ratio": 170.55,
            "debt_ratio": 46.64,
            "inventory_turnover_ratio": 1.44,
            "account_receivable_turnover_ratio": 1.48,
            "reinvestment_rate": -1073.47,
            "research_to_sale_ratio": 0.37,
            "price_fair": 19.46,
            "eps_avg_yearly": 0.56,
            "eps_latest_yearly": 0.24,
            "eps_growth_yearly": 1417.17
        },
        "20173": {
            "year_quarter": 20173,
            "year": 2017,
            "quarter": 3,
            "eps": 0.23,
            "eps_growth_year": 2200,
            "eps_4q": 0.51,
            "eps_4q_growth_year": 555.71,
            "roe": 1.7,
            "roe_4q": 6.43,
            "gross_profit": 577719,
            "gross_margin": 7.15,
            "gross_margin_4q_avg": 8.18,
            "net_income": 249766,
            "revenue": 8078225,
            "common_shares": 10215928,
            "book_valuer_per_share": 11.19,
            "book_valuer_per_share_4q_avg": 11.28,
            "equity": 14804816,
            "current_ratio": 171.22,
            "debt_ratio": 46.18,
            "inventory_turnover_ratio": 1.67,
            "account_receivable_turnover_ratio": 1.57,
            "reinvestment_rate": -935.57,
            "research_to_sale_ratio": 0.36,
            "price_fair": 20.44,
            "eps_avg_yearly": 0.58,
            "eps_latest_yearly": 0.92,
            "eps_growth_yearly": 1524.79
        },
        "20174": {
            "year_quarter": 20174,
            "year": 2017,
            "quarter": 4,
            "eps": -0.02,
            "eps_growth_year": -114.49,
            "eps_4q": 0.34,
            "eps_4q_growth_year": -19.11,
            "roe": -0.17,
            "roe_4q": 2.8099999999999996,
            "gross_profit": 573879,
            "gross_margin": 7.31,
            "gross_margin_4q_avg": 7.53,
            "net_income": -24938,
            "revenue": 7852317,
            "common_shares": 10215928,
            "book_valuer_per_share": 11.16,
            "book_valuer_per_share_4q_avg": 11.21,
            "equity": 14618638,
            "current_ratio": 166.57,
            "debt_ratio": 45.61,
            "inventory_turnover_ratio": 1.66,
            "account_receivable_turnover_ratio": 1.41,
            "reinvestment_rate": -1182.93,
            "research_to_sale_ratio": 0.37,
            "price_fair": 21.16,
            "eps_avg_yearly": 0.6,
            "eps_latest_yearly": 0.92,
            "eps_growth_yearly": 1710.87
        },
        "20181": {
            "year_quarter": 20181,
            "year": 2018,
            "quarter": 1,
            "eps": 0.08,
            "eps_growth_year": 14.29,
            "eps_4q": 0.35,
            "eps_4q_growth_year": -8.9,
            "roe": 0.66,
            "roe_4q": 2.71,
            "gross_profit": 459753,
            "gross_margin": 7.3,
            "gross_margin_4q_avg": 7.29,
            "net_income": 98036,
            "revenue": 6300793,
            "common_shares": 10168248,
            "book_valuer_per_share": 11.42,
            "book_valuer_per_share_4q_avg": 11.28,
            "equity": 14937026,
            "current_ratio": 169.32,
            "debt_ratio": 43.82,
            "inventory_turnover_ratio": 1.26,
            "account_receivable_turnover_ratio": 1.21,
            "reinvestment_rate": -1573.73,
            "research_to_sale_ratio": 0.43,
            "price_fair": 21.53,
            "eps_avg_yearly": 0.62,
            "eps_latest_yearly": 0.92,
            "eps_growth_yearly": 1909.73
        },
        "20182": {
            "year_quarter": 20182,
            "year": 2018,
            "quarter": 2,
            "eps": 0.06,
            "eps_growth_year": 0,
            "eps_4q": 0.35,
            "eps_4q_growth_year": 21.95,
            "roe": 0.74,
            "roe_4q": 2.9299999999999997,
            "gross_profit": 612437,
            "gross_margin": 7.31,
            "gross_margin_4q_avg": 7.27,
            "net_income": 110138,
            "revenue": 8373332,
            "common_shares": 10168248,
            "book_valuer_per_share": 11.18,
            "book_valuer_per_share_4q_avg": 11.24,
            "equity": 14722476,
            "current_ratio": 161.21,
            "debt_ratio": 45.39,
            "inventory_turnover_ratio": 1.64,
            "account_receivable_turnover_ratio": 1.63,
            "reinvestment_rate": -1372.9,
            "research_to_sale_ratio": 0.21,
            "price_fair": 20.07,
            "eps_avg_yearly": 0.57,
            "eps_latest_yearly": 0.24,
            "eps_growth_yearly": 1686.43
        },
        "20183": {
            "year_quarter": 20183,
            "year": 2018,
            "quarter": 3,
            "eps": 0.02,
            "eps_growth_year": -91.3,
            "eps_4q": 0.14,
            "eps_4q_growth_year": -72.97,
            "roe": 0.43,
            "roe_4q": 1.6600000000000001,
            "gross_profit": 568080,
            "gross_margin": 7.47,
            "gross_margin_4q_avg": 7.35,
            "net_income": 62168,
            "revenue": 7603035,
            "common_shares": 10168248,
            "book_valuer_per_share": 10.93,
            "book_valuer_per_share_4q_avg": 11.17,
            "equity": 14381061,
            "current_ratio": 158.2,
            "debt_ratio": 46.57,
            "inventory_turnover_ratio": 1.54,
            "account_receivable_turnover_ratio": 1.36,
            "reinvestment_rate": -1413.03,
            "research_to_sale_ratio": 0.21,
            "price_fair": 18.34,
            "eps_avg_yearly": 0.52,
            "eps_latest_yearly": 0.08,
            "eps_growth_yearly": 1491.12
        },
        "20184": {
            "year_quarter": 20184,
            "year": 2018,
            "quarter": 4,
            "eps": 0.1,
            "eps_growth_year": null,
            "eps_4q": 0.26,
            "eps_4q_growth_year": -21.71,
            "roe": 1.16,
            "roe_4q": 2.99,
            "gross_profit": 655559,
            "gross_margin": 8.08,
            "gross_margin_4q_avg": 7.54,
            "net_income": 167575,
            "revenue": 8116874,
            "common_shares": 10168248,
            "book_valuer_per_share": 11,
            "book_valuer_per_share_4q_avg": 11.13,
            "equity": 14515557,
            "current_ratio": 184.73,
            "debt_ratio": 42.9,
            "inventory_turnover_ratio": 1.71,
            "account_receivable_turnover_ratio": 1.5,
            "reinvestment_rate": -879.58,
            "research_to_sale_ratio": 0.31,
            "price_fair": 17.95,
            "eps_avg_yearly": 0.51,
            "eps_latest_yearly": 0.4,
            "eps_growth_yearly": 1501.02
        },
        "20191": {
            "year_quarter": 20191,
            "year": 2019,
            "quarter": 1,
            "eps": 0.1,
            "eps_growth_year": 25,
            "eps_4q": 0.28,
            "eps_4q_growth_year": -19.88,
            "roe": 1.14,
            "roe_4q": 3.4699999999999998,
            "gross_profit": 631520,
            "gross_margin": 9.62,
            "gross_margin_4q_avg": 8.12,
            "net_income": 165801,
            "revenue": 6565821,
            "common_shares": 10168248,
            "book_valuer_per_share": 11.23,
            "book_valuer_per_share_4q_avg": 11.09,
            "equity": 14652987,
            "current_ratio": 192.09,
            "debt_ratio": 43.65,
            "inventory_turnover_ratio": 1.43,
            "account_receivable_turnover_ratio": 1.23,
            "reinvestment_rate": -621.29,
            "research_to_sale_ratio": 0.29,
            "price_fair": 17.62,
            "eps_avg_yearly": 0.5,
            "eps_latest_yearly": 0.4,
            "eps_growth_yearly": 1375.93
        },
        "20192": {
            "year_quarter": 20192,
            "year": 2019,
            "quarter": 2,
            "eps": 0.09,
            "eps_growth_year": 50,
            "eps_4q": 0.31,
            "eps_4q_growth_year": -10.88,
            "roe": 1.26,
            "roe_4q": 3.9899999999999998,
            "gross_profit": 689532,
            "gross_margin": 9.74,
            "gross_margin_4q_avg": 8.73,
            "net_income": 182900,
            "revenue": 7079066,
            "common_shares": 10168248,
            "book_valuer_per_share": 11.07,
            "book_valuer_per_share_4q_avg": 11.06,
            "equity": 14465101,
            "current_ratio": 187.5,
            "debt_ratio": 44.73,
            "inventory_turnover_ratio": 1.53,
            "account_receivable_turnover_ratio": 1.31,
            "reinvestment_rate": -667.72,
            "research_to_sale_ratio": 0.35,
            "price_fair": 16.1,
            "eps_avg_yearly": 0.46,
            "eps_latest_yearly": 0.36,
            "eps_growth_yearly": 672.6
        },
        "20193": {
            "year_quarter": 20193,
            "year": 2019,
            "quarter": 3,
            "eps": -0.06,
            "eps_growth_year": -400,
            "eps_4q": 0.23,
            "eps_4q_growth_year": 64.04,
            "roe": 0,
            "roe_4q": 3.5599999999999996,
            "gross_profit": 594322,
            "gross_margin": 7.96,
            "gross_margin_4q_avg": 8.85,
            "net_income": 669,
            "revenue": 7461962,
            "common_shares": 10168248,
            "book_valuer_per_share": 10.76,
            "book_valuer_per_share_4q_avg": 11.02,
            "equity": 14098622,
            "current_ratio": 198.5,
            "debt_ratio": 43.46,
            "inventory_turnover_ratio": 1.69,
            "account_receivable_turnover_ratio": 1.42,
            "reinvestment_rate": -508.04,
            "research_to_sale_ratio": 0.39,
            "price_fair": 13.36,
            "eps_avg_yearly": 0.38,
            "eps_latest_yearly": 0.36,
            "eps_growth_yearly": 715.56
        },
        "20194": {
            "year_quarter": 20194,
            "year": 2019,
            "quarter": 4,
            "eps": -0.11,
            "eps_growth_year": -206.73,
            "eps_4q": 0.02,
            "eps_4q_growth_year": -93.25,
            "roe": 0.07,
            "roe_4q": 2.4699999999999998,
            "gross_profit": 627998,
            "gross_margin": 9.89,
            "gross_margin_4q_avg": 9.3,
            "net_income": 9254,
            "revenue": 6352788,
            "common_shares": 10168248,
            "book_valuer_per_share": 10.45,
            "book_valuer_per_share_4q_avg": 10.88,
            "equity": 13821043,
            "current_ratio": 208.6,
            "debt_ratio": 41.89,
            "inventory_turnover_ratio": 1.49,
            "account_receivable_turnover_ratio": 1.33,
            "reinvestment_rate": -469.29,
            "research_to_sale_ratio": 0.33,
            "price_fair": 13.36,
            "eps_avg_yearly": 0.38,
            "eps_latest_yearly": 0.36,
            "eps_growth_yearly": 715.56
        },
        "20201": {
            "year_quarter": 20201,
            "year": 2020,
            "quarter": 1,
            "eps": 0.08,
            "eps_growth_year": -20,
            "eps_4q": -0.01,
            "eps_4q_growth_year": -101.86,
            "roe": 1.46,
            "roe_4q": 2.79,
            "gross_profit": 795397,
            "gross_margin": 14.36,
            "gross_margin_4q_avg": 10.49,
            "net_income": 203040,
            "revenue": 5537739,
            "common_shares": 10168248,
            "book_valuer_per_share": 10.45,
            "book_valuer_per_share_4q_avg": 10.68,
            "equity": 13930913,
            "current_ratio": 218.74,
            "debt_ratio": 40.71,
            "inventory_turnover_ratio": 1.24,
            "account_receivable_turnover_ratio": 1.22,
            "reinvestment_rate": -466.45,
            "research_to_sale_ratio": 0.29,
            "price_fair": 13.36,
            "eps_avg_yearly": 0.38,
            "eps_latest_yearly": 0.36,
            "eps_growth_yearly": 715.56
        },
        "20202": {
            "year_quarter": 20202,
            "year": 2020,
            "quarter": 2,
            "eps": 1.94,
            "eps_growth_year": 2055.56,
            "eps_4q": 1.85,
            "eps_4q_growth_year": 490.04,
            "roe": 15.2,
            "roe_4q": 16.73,
            "gross_profit": 3175045,
            "gross_margin": 34.29,
            "gross_margin_4q_avg": 16.63,
            "net_income": 2268262,
            "revenue": 9258581,
            "common_shares": 10168248,
            "book_valuer_per_share": 12.27,
            "book_valuer_per_share_4q_avg": 10.98,
            "equity": 15917496,
            "current_ratio": 271.99,
            "debt_ratio": 35.37,
            "inventory_turnover_ratio": 2.04,
            "account_receivable_turnover_ratio": 2.03,
            "reinvestment_rate": -165.31,
            "research_to_sale_ratio": 0.16,
            "price_fair": 36.15,
            "eps_avg_yearly": 1.03,
            "eps_latest_yearly": 7.76,
            "eps_growth_yearly": 1542.84
        },
        "20203": {
            "year_quarter": 20203,
            "year": 2020,
            "quarter": 3,
            "eps": -0.14,
            "eps_growth_year": null,
            "eps_4q": 1.77,
            "eps_4q_growth_year": 680.78,
            "roe": 0.31,
            "roe_4q": 17.04,
            "gross_profit": 1057795,
            "gross_margin": 19.12,
            "gross_margin_4q_avg": 19.42,
            "net_income": 50129,
            "revenue": 5531289,
            "common_shares": 10168248,
            "book_valuer_per_share": 12.27,
            "book_valuer_per_share_4q_avg": 11.36,
            "equity": 16164684,
            "current_ratio": 304.68,
            "debt_ratio": 32.61,
            "inventory_turnover_ratio": 2.11,
            "account_receivable_turnover_ratio": 1.46,
            "reinvestment_rate": -156.5,
            "research_to_sale_ratio": 0.27,
            "price_fair": 39.62,
            "eps_avg_yearly": 1.13,
            "eps_latest_yearly": 7.76,
            "eps_growth_yearly": 1734.45
        },
        "20204": {
            "year_quarter": 20204,
            "year": 2020,
            "quarter": 4,
            "eps": -0.2,
            "eps_growth_year": null,
            "eps_4q": 1.68,
            "eps_4q_growth_year": 9363.58,
            "roe": -0.75,
            "roe_4q": 16.22,
            "gross_profit": 977947,
            "gross_margin": 17.71,
            "gross_margin_4q_avg": 21.37,
            "net_income": -121885,
            "revenue": 5521582,
            "common_shares": 10168248,
            "book_valuer_per_share": 12.3,
            "book_valuer_per_share_4q_avg": 11.82,
            "equity": 16343964,
            "current_ratio": 295.62,
            "debt_ratio": 32.69,
            "inventory_turnover_ratio": 2.02,
            "account_receivable_turnover_ratio": 1.74,
            "reinvestment_rate": -169.1,
            "research_to_sale_ratio": 0.38,
            "price_fair": 41.53,
            "eps_avg_yearly": 1.19,
            "eps_latest_yearly": 7.76,
            "eps_growth_yearly": 1260.5
        },
        "20211": {
            "year_quarter": 20211,
            "year": 2021,
            "quarter": 1,
            "eps": 0.29,
            "eps_growth_year": 262.5,
            "eps_4q": 1.89,
            "eps_4q_growth_year": null,
            "roe": 3.19,
            "roe_4q": 17.95,
            "gross_profit": 952845,
            "gross_margin": 19.65,
            "gross_margin_4q_avg": 22.69,
            "net_income": 530170,
            "revenue": 4849625,
            "common_shares": 10168248,
            "book_valuer_per_share": 12.59,
            "book_valuer_per_share_4q_avg": 12.36,
            "equity": 16869777,
            "current_ratio": 317.91,
            "debt_ratio": 30.9,
            "inventory_turnover_ratio": 1.54,
            "account_receivable_turnover_ratio": 1.65,
            "reinvestment_rate": -125.6,
            "research_to_sale_ratio": 0.32,
            "price_fair": 45.5,
            "eps_avg_yearly": 1.3,
            "eps_latest_yearly": 7.76,
            "eps_growth_yearly": 1446.19
        },
        "20212": {
            "year_quarter": 20212,
            "year": 2021,
            "quarter": 2,
            "eps": 0.21,
            "eps_growth_year": -89.18,
            "eps_4q": 0.16,
            "eps_4q_growth_year": -91.52,
            "roe": 2.48,
            "roe_4q": 5.2299999999999995,
            "gross_profit": 855661,
            "gross_margin": 17.11,
            "gross_margin_4q_avg": 18.4,
            "net_income": 413696,
            "revenue": 4999883,
            "common_shares": 10168248,
            "book_valuer_per_share": 12.11,
            "book_valuer_per_share_4q_avg": 12.32,
            "equity": 16545918,
            "current_ratio": 276.92,
            "debt_ratio": 32.95,
            "inventory_turnover_ratio": 1.5,
            "account_receivable_turnover_ratio": 1.87,
            "reinvestment_rate": -115.79,
            "research_to_sale_ratio": 0.43,
            "price_fair": 48.13,
            "eps_avg_yearly": 1.38,
            "eps_latest_yearly": 0.84,
            "eps_growth_yearly": 1439.54
        },
        "20213": {
            "year_quarter": 20213,
            "year": 2021,
            "quarter": 3,
            "eps": 0.23,
            "eps_growth_year": null,
            "eps_4q": 0.52,
            "eps_4q_growth_year": -70.49,
            "roe": 2.34,
            "roe_4q": 7.26,
            "gross_profit": 705618,
            "gross_margin": 13.66,
            "gross_margin_4q_avg": 17.03,
            "net_income": 390203,
            "revenue": 5163787,
            "common_shares": 10168248,
            "book_valuer_per_share": 12.32,
            "book_valuer_per_share_4q_avg": 12.33,
            "equity": 16871140,
            "current_ratio": 322.06,
            "debt_ratio": 29.83,
            "inventory_turnover_ratio": 1.77,
            "account_receivable_turnover_ratio": 1.95,
            "reinvestment_rate": -128.04,
            "research_to_sale_ratio": 0.39,
            "price_fair": 48.13,
            "eps_avg_yearly": 1.38,
            "eps_latest_yearly": 0.92,
            "eps_growth_yearly": 1302.64
        },
        "20214": {
            "year_quarter": 20214,
            "year": 2021,
            "quarter": 4,
            "eps": -0.01,
            "eps_growth_year": null,
            "eps_4q": 0.72,
            "eps_4q_growth_year": -57.14,
            "roe": 0.75,
            "roe_4q": 8.76,
            "gross_profit": 573958,
            "gross_margin": 11.04,
            "gross_margin_4q_avg": 15.37,
            "net_income": 125479,
            "revenue": 5198163,
            "common_shares": 10168248,
            "book_valuer_per_share": 12.58,
            "book_valuer_per_share_4q_avg": 12.4,
            "equity": 16627107,
            "current_ratio": 305.4,
            "debt_ratio": 30.75,
            "inventory_turnover_ratio": 1.95,
            "account_receivable_turnover_ratio": 1.82,
            "reinvestment_rate": -122.94,
            "research_to_sale_ratio": 0.35,
            "price_fair": 48.13,
            "eps_avg_yearly": 1.38,
            "eps_latest_yearly": 0.92,
            "eps_growth_yearly": 1302.64
        },
        "20221": {
            "year_quarter": 20221,
            "year": 2022,
            "quarter": 1,
            "eps": 0.17,
            "eps_growth_year": -41.38,
            "eps_4q": 0.61,
            "eps_4q_growth_year": -67.96,
            "roe": 1.51,
            "roe_4q": 7.08,
            "gross_profit": 570583,
            "gross_margin": 11.43,
            "gross_margin_4q_avg": 13.31,
            "net_income": 258620,
            "revenue": 4992562,
            "common_shares": 10168248,
            "book_valuer_per_share": 13.28,
            "book_valuer_per_share_4q_avg": 12.57,
            "equity": 17566048,
            "current_ratio": 326.15,
            "debt_ratio": 28.79,
            "inventory_turnover_ratio": 1.67,
            "account_receivable_turnover_ratio": 1.58,
            "reinvestment_rate": -47.05,
            "research_to_sale_ratio": 0.28,
            "price_fair": 48.13,
            "eps_avg_yearly": 1.38,
            "eps_latest_yearly": 0.92,
            "eps_growth_yearly": 1302.64
        },
        "20222": {
            "year_quarter": 20222,
            "year": 2022,
            "quarter": 2,
            "eps": 0.07,
            "eps_growth_year": -66.67,
            "eps_4q": 0.46,
            "eps_4q_growth_year": 196.91,
            "roe": 0.64,
            "roe_4q": 5.24,
            "gross_profit": 492542,
            "gross_margin": 8.57,
            "gross_margin_4q_avg": 11.18,
            "net_income": 110301,
            "revenue": 5746607,
            "common_shares": 10168248,
            "book_valuer_per_share": 12.73,
            "book_valuer_per_share_4q_avg": 12.73,
            "equity": 16993110,
            "current_ratio": 270.8,
            "debt_ratio": 32.57,
            "inventory_turnover_ratio": 1.7,
            "account_receivable_turnover_ratio": 1.65,
            "reinvestment_rate": -42.4,
            "research_to_sale_ratio": 0.4,
            "price_fair": 48.3,
            "eps_avg_yearly": 1.38,
            "eps_latest_yearly": 0.28,
            "eps_growth_yearly": 1285.72
        },
        "20223": {
            "year_quarter": 20223,
            "year": 2022,
            "quarter": 3,
            "eps": 0.11,
            "eps_growth_year": -52.17,
            "eps_4q": 0.35,
            "eps_4q_growth_year": -33.85,
            "roe": 0.99,
            "roe_4q": 3.8899999999999997,
            "gross_profit": 485020,
            "gross_margin": 7.52,
            "gross_margin_4q_avg": 9.64,
            "net_income": 170466,
            "revenue": 6446515,
            "common_shares": 10168248,
            "book_valuer_per_share": 12.97,
            "book_valuer_per_share_4q_avg": 12.89,
            "equity": 17363411,
            "current_ratio": 289.05,
            "debt_ratio": 30.71,
            "inventory_turnover_ratio": 2,
            "account_receivable_turnover_ratio": 1.61,
            "reinvestment_rate": -30.45,
            "research_to_sale_ratio": 0.37,
            "price_fair": 49.88,
            "eps_avg_yearly": 1.43,
            "eps_latest_yearly": 0.44,
            "eps_growth_yearly": 1347.63
        },
        "20224": {
            "year_quarter": 20224,
            "year": 2022,
            "quarter": 4,
            "eps": 0.02,
            "eps_growth_year": null,
            "eps_4q": 0.37,
            "eps_4q_growth_year": -48.95,
            "roe": 0.62,
            "roe_4q": 3.76,
            "gross_profit": 513325,
            "gross_margin": 9.4,
            "gross_margin_4q_avg": 9.23,
            "net_income": 103179,
            "revenue": 5458531,
            "common_shares": 10168248,
            "book_valuer_per_share": 12.07,
            "book_valuer_per_share_4q_avg": 12.76,
            "equity": 16023976,
            "current_ratio": 289.8,
            "debt_ratio": 30.46,
            "inventory_turnover_ratio": 1.94,
            "account_receivable_turnover_ratio": 1.4,
            "reinvestment_rate": -28.73,
            "research_to_sale_ratio": 0.53,
            "price_fair": 48.48,
            "eps_avg_yearly": 1.39,
            "eps_latest_yearly": 0.08,
            "eps_growth_yearly": 1106.72
        },
        "20231": {
            "year_quarter": 20231,
            "year": 2023,
            "quarter": 1,
            "eps": 0.14,
            "eps_growth_year": -17.65,
            "eps_4q": 0.34,
            "eps_4q_growth_year": -44.08,
            "roe": 1.26,
            "roe_4q": 3.5100000000000002,
            "gross_profit": 495521,
            "gross_margin": 9.5,
            "gross_margin_4q_avg": 8.75,
            "net_income": 203265,
            "revenue": 5214172,
            "common_shares": 10168248,
            "book_valuer_per_share": 12.33,
            "book_valuer_per_share_4q_avg": 12.53,
            "equity": 16367857,
            "current_ratio": 261.5,
            "debt_ratio": 29.7,
            "inventory_turnover_ratio": 1.78,
            "account_receivable_turnover_ratio": 1.53,
            "reinvestment_rate": -25.92,
            "research_to_sale_ratio": 0.31,
            "price_fair": 49.18,
            "eps_avg_yearly": 1.41,
            "eps_latest_yearly": 0.56,
            "eps_growth_yearly": 1406.72
        }
    },
    "months": {
        "2001-06": {
            "month": "2001-06",
            "price": "21.86",
            "revenue": 992473
        },
        "2001-07": {
            "month": "2001-07",
            "price": "18.04",
            "revenue": 610946
        },
        "2001-08": {
            "month": "2001-08",
            "price": "16.43",
            "revenue": 666148
        },
        "2001-09": {
            "month": "2001-09",
            "price": "17.48",
            "revenue": 452339
        },
        "2001-10": {
            "month": "2001-10",
            "price": "16.12",
            "revenue": 591571
        },
        "2001-11": {
            "month": "2001-11",
            "price": "16.10",
            "revenue": 542548
        },
        "2001-12": {
            "month": "2001-12",
            "price": "18.87",
            "revenue": 702566
        },
        "2002-01": {
            "month": "2002-01",
            "price": "19.73",
            "revenue": 559915
        },
        "2002-02": {
            "month": "2002-02",
            "price": "18.78",
            "revenue": 602968
        },
        "2002-03": {
            "month": "2002-03",
            "price": "20.11",
            "revenue": 589617
        },
        "2002-04": {
            "month": "2002-04",
            "price": "22.13",
            "revenue": 731056
        },
        "2002-05": {
            "month": "2002-05",
            "price": "19.57",
            "revenue": 666042
        },
        "2002-06": {
            "month": "2002-06",
            "price": "18.96",
            "revenue": 890255
        },
        "2002-07": {
            "month": "2002-07",
            "price": "17.77",
            "revenue": 652408
        },
        "2002-08": {
            "month": "2002-08",
            "price": "16.17",
            "revenue": 683962
        },
        "2002-09": {
            "month": "2002-09",
            "price": "15.80",
            "revenue": 779643
        },
        "2002-10": {
            "month": "2002-10",
            "price": "14.33",
            "revenue": 740180
        },
        "2002-11": {
            "month": "2002-11",
            "price": "14.87",
            "revenue": 634267
        },
        "2002-12": {
            "month": "2002-12",
            "price": "15.37",
            "revenue": 787470
        },
        "2003-01": {
            "month": "2003-01",
            "price": "16.68",
            "revenue": 664062
        },
        "2003-02": {
            "month": "2003-02",
            "price": "15.17",
            "revenue": 662883
        },
        "2003-03": {
            "month": "2003-03",
            "price": "14.77",
            "revenue": 986196
        },
        "2003-04": {
            "month": "2003-04",
            "price": "14.63",
            "revenue": 636065
        },
        "2003-05": {
            "month": "2003-05",
            "price": "14.09",
            "revenue": 1233949
        },
        "2003-06": {
            "month": "2003-06",
            "price": "14.70",
            "revenue": 1057697
        },
        "2003-07": {
            "month": "2003-07",
            "price": "15.12",
            "revenue": 1224172
        },
        "2003-08": {
            "month": "2003-08",
            "price": "15.15",
            "revenue": 875036
        },
        "2003-09": {
            "month": "2003-09",
            "price": "14.58",
            "revenue": 1019290
        },
        "2003-10": {
            "month": "2003-10",
            "price": "14.01",
            "revenue": 883900
        },
        "2003-11": {
            "month": "2003-11",
            "price": "13.69",
            "revenue": 1014751
        },
        "2003-12": {
            "month": "2003-12",
            "price": "13.40",
            "revenue": 1340755
        },
        "2004-01": {
            "month": "2004-01",
            "price": "13.73",
            "revenue": 430181
        },
        "2004-02": {
            "month": "2004-02",
            "price": "15.22",
            "revenue": 691624
        },
        "2004-03": {
            "month": "2004-03",
            "price": "14.63",
            "revenue": 39961
        },
        "2004-04": {
            "month": "2004-04",
            "price": "13.49",
            "revenue": 28101
        },
        "2004-05": {
            "month": "2004-05",
            "price": "11.93",
            "revenue": 21319
        },
        "2004-06": {
            "month": "2004-06",
            "price": "11.60",
            "revenue": 8108
        },
        "2004-07": {
            "month": "2004-07",
            "price": "11.26",
            "revenue": -9830
        },
        "2004-08": {
            "month": "2004-08",
            "price": "10.60",
            "revenue": 22090
        },
        "2004-09": {
            "month": "2004-09",
            "price": "11.15",
            "revenue": 12621
        },
        "2004-10": {
            "month": "2004-10",
            "price": "11.58",
            "revenue": 3045
        },
        "2004-11": {
            "month": "2004-11",
            "price": "10.28",
            "revenue": 27664
        },
        "2004-12": {
            "month": "2004-12",
            "price": "10.34",
            "revenue": 16460
        },
        "2005-01": {
            "month": "2005-01",
            "price": "9.15",
            "revenue": 23360
        },
        "2005-02": {
            "month": "2005-02",
            "price": "8.74",
            "revenue": 9839
        },
        "2005-03": {
            "month": "2005-03",
            "price": "8.64",
            "revenue": 22920
        },
        "2005-04": {
            "month": "2005-04",
            "price": "8.07",
            "revenue": 3141770
        },
        "2005-05": {
            "month": "2005-05",
            "price": "7.37",
            "revenue": 2902944
        },
        "2005-06": {
            "month": "2005-06",
            "price": "7.70",
            "revenue": 2836559
        },
        "2005-07": {
            "month": "2005-07",
            "price": "7.31",
            "revenue": 799049
        },
        "2005-08": {
            "month": "2005-08",
            "price": "7.03",
            "revenue": 947081
        },
        "2005-09": {
            "month": "2005-09",
            "price": "6.34",
            "revenue": 1102002
        },
        "2005-10": {
            "month": "2005-10",
            "price": "6.20",
            "revenue": 1031131
        },
        "2005-11": {
            "month": "2005-11",
            "price": "6.63",
            "revenue": 1081152
        },
        "2005-12": {
            "month": "2005-12",
            "price": "7.30",
            "revenue": 817246
        },
        "2006-01": {
            "month": "2006-01",
            "price": "7.52",
            "revenue": 921925
        },
        "2006-02": {
            "month": "2006-02",
            "price": "6.96",
            "revenue": 671358
        },
        "2006-03": {
            "month": "2006-03",
            "price": "6.49",
            "revenue": 863944
        },
        "2006-04": {
            "month": "2006-04",
            "price": "6.98",
            "revenue": 934271
        },
        "2006-05": {
            "month": "2006-05",
            "price": "7.39",
            "revenue": 989897
        },
        "2006-06": {
            "month": "2006-06",
            "price": "6.39",
            "revenue": 946024
        },
        "2006-07": {
            "month": "2006-07",
            "price": "6.16",
            "revenue": 1179356
        },
        "2006-08": {
            "month": "2006-08",
            "price": "6.06",
            "revenue": 1074725
        },
        "2006-09": {
            "month": "2006-09",
            "price": "5.53",
            "revenue": 920173
        },
        "2006-10": {
            "month": "2006-10",
            "price": "6.15",
            "revenue": 899118
        },
        "2006-11": {
            "month": "2006-11",
            "price": "7.48",
            "revenue": 861603
        },
        "2006-12": {
            "month": "2006-12",
            "price": "8.20",
            "revenue": 941827
        },
        "2007-01": {
            "month": "2007-01",
            "price": "7.67",
            "revenue": 874222
        },
        "2007-02": {
            "month": "2007-02",
            "price": "7.39",
            "revenue": 743186
        },
        "2007-03": {
            "month": "2007-03",
            "price": "7.32",
            "revenue": 790205
        },
        "2007-04": {
            "month": "2007-04",
            "price": "10.27",
            "revenue": 790869
        },
        "2007-05": {
            "month": "2007-05",
            "price": "10.53",
            "revenue": 836491
        },
        "2007-06": {
            "month": "2007-06",
            "price": "12.41",
            "revenue": 1171129
        },
        "2007-07": {
            "month": "2007-07",
            "price": "13.22",
            "revenue": 559872
        },
        "2007-08": {
            "month": "2007-08",
            "price": "11.17",
            "revenue": 914869
        },
        "2007-09": {
            "month": "2007-09",
            "price": "11.46",
            "revenue": 1046524
        },
        "2007-10": {
            "month": "2007-10",
            "price": "12.07",
            "revenue": 1079867
        },
        "2007-11": {
            "month": "2007-11",
            "price": "10.16",
            "revenue": 1265299
        },
        "2007-12": {
            "month": "2007-12",
            "price": "8.96",
            "revenue": 1152987
        },
        "2008-01": {
            "month": "2008-01",
            "price": "8.93",
            "revenue": 1448322
        },
        "2008-02": {
            "month": "2008-02",
            "price": "9.35",
            "revenue": 1152740
        },
        "2008-03": {
            "month": "2008-03",
            "price": "10.53",
            "revenue": 1114557
        },
        "2008-04": {
            "month": "2008-04",
            "price": "12.49",
            "revenue": 1386929
        },
        "2008-05": {
            "month": "2008-05",
            "price": "13.27",
            "revenue": 1636269
        },
        "2008-06": {
            "month": "2008-06",
            "price": "11.95",
            "revenue": 1186315
        },
        "2008-07": {
            "month": "2008-07",
            "price": "10.36",
            "revenue": 1514179
        },
        "2008-08": {
            "month": "2008-08",
            "price": "10.26",
            "revenue": 1792427
        },
        "2008-09": {
            "month": "2008-09",
            "price": "9.03",
            "revenue": 1256239
        },
        "2008-10": {
            "month": "2008-10",
            "price": "7.70",
            "revenue": 1204817
        },
        "2008-11": {
            "month": "2008-11",
            "price": "7.45",
            "revenue": 1029309
        },
        "2008-12": {
            "month": "2008-12",
            "price": "7.75",
            "revenue": 890746
        },
        "2009-01": {
            "month": "2009-01",
            "price": "7.53",
            "revenue": 465463
        },
        "2009-02": {
            "month": "2009-02",
            "price": "7.21",
            "revenue": 769308
        },
        "2009-03": {
            "month": "2009-03",
            "price": "7.90",
            "revenue": 718225
        },
        "2009-04": {
            "month": "2009-04",
            "price": "8.96",
            "revenue": 736195
        },
        "2009-05": {
            "month": "2009-05",
            "price": "12.63",
            "revenue": 809463
        },
        "2009-06": {
            "month": "2009-06",
            "price": "11.35",
            "revenue": 698592
        },
        "2009-07": {
            "month": "2009-07",
            "price": "11.51",
            "revenue": 889131
        },
        "2009-08": {
            "month": "2009-08",
            "price": "11.79",
            "revenue": 836672
        },
        "2009-09": {
            "month": "2009-09",
            "price": "12.74",
            "revenue": 989801
        },
        "2009-10": {
            "month": "2009-10",
            "price": "15.77",
            "revenue": 905496
        },
        "2009-11": {
            "month": "2009-11",
            "price": "15.40",
            "revenue": 983951
        },
        "2009-12": {
            "month": "2009-12",
            "price": "16.00",
            "revenue": 1037435
        },
        "2010-01": {
            "month": "2010-01",
            "price": "17.52",
            "revenue": 1059686
        },
        "2010-02": {
            "month": "2010-02",
            "price": "15.60",
            "revenue": 847706
        },
        "2010-03": {
            "month": "2010-03",
            "price": "17.10",
            "revenue": 909063
        },
        "2010-04": {
            "month": "2010-04",
            "price": "17.65",
            "revenue": 1002815
        },
        "2010-05": {
            "month": "2010-05",
            "price": "15.60",
            "revenue": 1093499
        },
        "2010-06": {
            "month": "2010-06",
            "price": "15.47",
            "revenue": 892585
        },
        "2010-07": {
            "month": "2010-07",
            "price": "15.91",
            "revenue": 1197803
        },
        "2010-08": {
            "month": "2010-08",
            "price": "16.88",
            "revenue": 1035113
        },
        "2010-09": {
            "month": "2010-09",
            "price": "16.99",
            "revenue": 943690
        },
        "2010-10": {
            "month": "2010-10",
            "price": "16.11",
            "revenue": 944904
        },
        "2010-11": {
            "month": "2010-11",
            "price": "15.83",
            "revenue": 1057003
        },
        "2010-12": {
            "month": "2010-12",
            "price": "16.54",
            "revenue": 764695
        },
        "2011-01": {
            "month": "2011-01",
            "price": "16.82",
            "revenue": 1256423
        },
        "2011-02": {
            "month": "2011-02",
            "price": "16.43",
            "revenue": 804193
        },
        "2011-03": {
            "month": "2011-03",
            "price": "16.46",
            "revenue": 1176114
        },
        "2011-04": {
            "month": "2011-04",
            "price": "18.84",
            "revenue": 1277744
        },
        "2011-05": {
            "month": "2011-05",
            "price": "20.66",
            "revenue": 1107796
        },
        "2011-06": {
            "month": "2011-06",
            "price": "19.55",
            "revenue": 853096
        },
        "2011-07": {
            "month": "2011-07",
            "price": "19.60",
            "revenue": 923187
        },
        "2011-08": {
            "month": "2011-08",
            "price": "18.71",
            "revenue": 1284602
        },
        "2011-09": {
            "month": "2011-09",
            "price": "17.16",
            "revenue": 1442149
        },
        "2011-10": {
            "month": "2011-10",
            "price": "16.30",
            "revenue": 1163620
        },
        "2011-11": {
            "month": "2011-11",
            "price": "16.39",
            "revenue": 722441
        },
        "2011-12": {
            "month": "2011-12",
            "price": "15.25",
            "revenue": 1603178
        },
        "2012-01": {
            "month": "2012-01",
            "price": "15.43",
            "revenue": 1093235
        },
        "2012-02": {
            "month": "2012-02",
            "price": "17.64",
            "revenue": 1068251
        },
        "2012-03": {
            "month": "2012-03",
            "price": "18.70",
            "revenue": 1375990
        },
        "2012-04": {
            "month": "2012-04",
            "price": "17.30",
            "revenue": 1450447
        },
        "2012-05": {
            "month": "2012-05",
            "price": "17.10",
            "revenue": 1036918
        },
        "2012-06": {
            "month": "2012-06",
            "price": "16.46",
            "revenue": 1093017
        },
        "2012-07": {
            "month": "2012-07",
            "price": "16.71",
            "revenue": 674867
        },
        "2012-08": {
            "month": "2012-08",
            "price": "17.70",
            "revenue": 565388
        },
        "2012-09": {
            "month": "2012-09",
            "price": "16.79",
            "revenue": 1112728
        },
        "2012-10": {
            "month": "2012-10",
            "price": "15.43",
            "revenue": 1355817
        },
        "2012-11": {
            "month": "2012-11",
            "price": "13.79",
            "revenue": 1204830
        },
        "2012-12": {
            "month": "2012-12",
            "price": "13.79",
            "revenue": 1265124
        },
        "2013-01": {
            "month": "2013-01",
            "price": "14.05",
            "revenue": 3537631
        },
        "2013-02": {
            "month": "2013-02",
            "price": "13.74",
            "revenue": 3935212
        },
        "2013-03": {
            "month": "2013-03",
            "price": "13.75",
            "revenue": 4236159
        },
        "2013-04": {
            "month": "2013-04",
            "price": "14.06",
            "revenue": 4290039
        },
        "2013-05": {
            "month": "2013-05",
            "price": "14.19",
            "revenue": 4021364
        },
        "2013-06": {
            "month": "2013-06",
            "price": "13.34",
            "revenue": 4621231
        },
        "2013-07": {
            "month": "2013-07",
            "price": "13.28",
            "revenue": 3531289
        },
        "2013-08": {
            "month": "2013-08",
            "price": "13.21",
            "revenue": 4925547
        },
        "2013-09": {
            "month": "2013-09",
            "price": "13.44",
            "revenue": 4468591
        },
        "2013-10": {
            "month": "2013-10",
            "price": "14.46",
            "revenue": 6027540
        },
        "2013-11": {
            "month": "2013-11",
            "price": "14.01",
            "revenue": 5211303
        },
        "2013-12": {
            "month": "2013-12",
            "price": "14.28",
            "revenue": 5896435
        },
        "2014-01": {
            "month": "2014-01",
            "price": "14.54",
            "revenue": 5312969
        },
        "2014-02": {
            "month": "2014-02",
            "price": "14.82",
            "revenue": 3445945
        },
        "2014-03": {
            "month": "2014-03",
            "price": "14.47",
            "revenue": 4986035
        },
        "2014-04": {
            "month": "2014-04",
            "price": "14.22",
            "revenue": 5390206
        },
        "2014-05": {
            "month": "2014-05",
            "price": "13.50",
            "revenue": 4849443
        },
        "2014-06": {
            "month": "2014-06",
            "price": "13.42",
            "revenue": 4283323
        },
        "2014-07": {
            "month": "2014-07",
            "price": "13.18",
            "revenue": 3868014
        },
        "2014-08": {
            "month": "2014-08",
            "price": "11.61",
            "revenue": 4443166
        },
        "2014-09": {
            "month": "2014-09",
            "price": "10.85",
            "revenue": 4755087
        },
        "2014-10": {
            "month": "2014-10",
            "price": "10.39",
            "revenue": 4881380
        },
        "2014-11": {
            "month": "2014-11",
            "price": "10.12",
            "revenue": 5352406
        },
        "2014-12": {
            "month": "2014-12",
            "price": "10.39",
            "revenue": 4971270
        },
        "2015-01": {
            "month": "2015-01",
            "price": "10.85",
            "revenue": 4293716
        },
        "2015-02": {
            "month": "2015-02",
            "price": "10.30",
            "revenue": 3169307
        },
        "2015-03": {
            "month": "2015-03",
            "price": "9.97",
            "revenue": 3975489
        },
        "2015-04": {
            "month": "2015-04",
            "price": "8.62",
            "revenue": 3786216
        },
        "2015-05": {
            "month": "2015-05",
            "price": "8.30",
            "revenue": 2801391
        },
        "2015-06": {
            "month": "2015-06",
            "price": "8.27",
            "revenue": 3105320
        },
        "2015-07": {
            "month": "2015-07",
            "price": "7.60",
            "revenue": 3974901
        },
        "2015-08": {
            "month": "2015-08",
            "price": "6.69",
            "revenue": 2848984
        },
        "2015-09": {
            "month": "2015-09",
            "price": "7.26",
            "revenue": 2400156
        },
        "2015-10": {
            "month": "2015-10",
            "price": "7.46",
            "revenue": 3127428
        },
        "2015-11": {
            "month": "2015-11",
            "price": "7.59",
            "revenue": 2694527
        },
        "2015-12": {
            "month": "2015-12",
            "price": "7.39",
            "revenue": 2963330
        },
        "2016-01": {
            "month": "2016-01",
            "price": "6.89",
            "revenue": 3012050
        },
        "2016-02": {
            "month": "2016-02",
            "price": "7.15",
            "revenue": 1736572
        },
        "2016-03": {
            "month": "2016-03",
            "price": "7.68",
            "revenue": 2218220
        },
        "2016-04": {
            "month": "2016-04",
            "price": "7.34",
            "revenue": 2472516
        },
        "2016-05": {
            "month": "2016-05",
            "price": "6.84",
            "revenue": 2503028
        },
        "2016-06": {
            "month": "2016-06",
            "price": "6.93",
            "revenue": 2859935
        },
        "2016-07": {
            "month": "2016-07",
            "price": "7.22",
            "revenue": 2289909
        },
        "2016-08": {
            "month": "2016-08",
            "price": "7.55",
            "revenue": 2363526
        },
        "2016-09": {
            "month": "2016-09",
            "price": "7.30",
            "revenue": 2164885
        },
        "2016-10": {
            "month": "2016-10",
            "price": "7.60",
            "revenue": 2538414
        },
        "2016-11": {
            "month": "2016-11",
            "price": "7.74",
            "revenue": 2911655
        },
        "2016-12": {
            "month": "2016-12",
            "price": "8.42",
            "revenue": 3456067
        },
        "2017-01": {
            "month": "2017-01",
            "price": "8.47",
            "revenue": 2851359
        },
        "2017-02": {
            "month": "2017-02",
            "price": "9.05",
            "revenue": 2195612
        },
        "2017-03": {
            "month": "2017-03",
            "price": "8.79",
            "revenue": 2858282
        },
        "2017-04": {
            "month": "2017-04",
            "price": "8.92",
            "revenue": 2602208
        },
        "2017-05": {
            "month": "2017-05",
            "price": "8.60",
            "revenue": 2413362
        },
        "2017-06": {
            "month": "2017-06",
            "price": "8.26",
            "revenue": 2538812
        },
        "2017-07": {
            "month": "2017-07",
            "price": "8.32",
            "revenue": 2545731
        },
        "2017-08": {
            "month": "2017-08",
            "price": "8.46",
            "revenue": 2960437
        },
        "2017-09": {
            "month": "2017-09",
            "price": "9.27",
            "revenue": 2524220
        },
        "2017-10": {
            "month": "2017-10",
            "price": "9.30",
            "revenue": 2501748
        },
        "2017-11": {
            "month": "2017-11",
            "price": "9.78",
            "revenue": 2651414
        },
        "2017-12": {
            "month": "2017-12",
            "price": "10.31",
            "revenue": 2726653
        },
        "2018-01": {
            "month": "2018-01",
            "price": "10.16",
            "revenue": 2350632
        },
        "2018-02": {
            "month": "2018-02",
            "price": "8.97",
            "revenue": 1346997
        },
        "2018-03": {
            "month": "2018-03",
            "price": "8.77",
            "revenue": 2589976
        },
        "2018-04": {
            "month": "2018-04",
            "price": "8.53",
            "revenue": 3153461
        },
        "2018-05": {
            "month": "2018-05",
            "price": "8.42",
            "revenue": 2387536
        },
        "2018-06": {
            "month": "2018-06",
            "price": "8.72",
            "revenue": 2895388
        },
        "2018-07": {
            "month": "2018-07",
            "price": "8.32",
            "revenue": 2487043
        },
        "2018-08": {
            "month": "2018-08",
            "price": "8.27",
            "revenue": 2156049
        },
        "2018-09": {
            "month": "2018-09",
            "price": "7.85",
            "revenue": 2862836
        },
        "2018-10": {
            "month": "2018-10",
            "price": "7.19",
            "revenue": 3099179
        },
        "2018-11": {
            "month": "2018-11",
            "price": "6.70",
            "revenue": 2554300
        },
        "2018-12": {
            "month": "2018-12",
            "price": "6.60",
            "revenue": 2414790
        },
        "2019-01": {
            "month": "2019-01",
            "price": "6.42",
            "revenue": 2512281
        },
        "2019-02": {
            "month": "2019-02",
            "price": "6.72",
            "revenue": 1442651
        },
        "2019-03": {
            "month": "2019-03",
            "price": "6.80",
            "revenue": 2605677
        },
        "2019-04": {
            "month": "2019-04",
            "price": "6.87",
            "revenue": 2527976
        },
        "2019-05": {
            "month": "2019-05",
            "price": "6.86",
            "revenue": 2017462
        },
        "2019-06": {
            "month": "2019-06",
            "price": "7.36",
            "revenue": 2510582
        },
        "2019-07": {
            "month": "2019-07",
            "price": "7.15",
            "revenue": 2717696
        },
        "2019-08": {
            "month": "2019-08",
            "price": "6.90",
            "revenue": 2061554
        },
        "2019-09": {
            "month": "2019-09",
            "price": "7.15",
            "revenue": 2636454
        },
        "2019-10": {
            "month": "2019-10",
            "price": "7.18",
            "revenue": 2198182
        },
        "2019-11": {
            "month": "2019-11",
            "price": "6.90",
            "revenue": 2237855
        },
        "2019-12": {
            "month": "2019-12",
            "price": "7.06",
            "revenue": 1740654
        },
        "2020-01": {
            "month": "2020-01",
            "price": "7.28",
            "revenue": 1815402
        },
        "2020-02": {
            "month": "2020-02",
            "price": "7.77",
            "revenue": 1396515
        },
        "2020-03": {
            "month": "2020-03",
            "price": "6.60",
            "revenue": 2265616
        },
        "2020-04": {
            "month": "2020-04",
            "price": "6.83",
            "revenue": 2129826
        },
        "2020-05": {
            "month": "2020-05",
            "price": "7.33",
            "revenue": 2098560
        },
        "2020-06": {
            "month": "2020-06",
            "price": "7.32",
            "revenue": 4940382
        },
        "2020-07": {
            "month": "2020-07",
            "price": "7.91",
            "revenue": 1888300
        },
        "2020-08": {
            "month": "2020-08",
            "price": "8.93",
            "revenue": 1794327
        },
        "2020-09": {
            "month": "2020-09",
            "price": "10.60",
            "revenue": 1881822
        },
        "2020-10": {
            "month": "2020-10",
            "price": "10.27",
            "revenue": 1827787
        },
        "2020-11": {
            "month": "2020-11",
            "price": "10.28",
            "revenue": 1938587
        },
        "2020-12": {
            "month": "2020-12",
            "price": "10.10",
            "revenue": 1915455
        },
        "2021-01": {
            "month": "2021-01",
            "price": "9.78",
            "revenue": 1800434
        },
        "2021-02": {
            "month": "2021-02",
            "price": "9.37",
            "revenue": 1211182
        },
        "2021-03": {
            "month": "2021-03",
            "price": "9.56",
            "revenue": 1837409
        },
        "2021-04": {
            "month": "2021-04",
            "price": "10.84",
            "revenue": 1732500
        },
        "2021-05": {
            "month": "2021-05",
            "price": "11.23",
            "revenue": 1622275
        },
        "2021-06": {
            "month": "2021-06",
            "price": "11.94",
            "revenue": 1545691
        },
        "2021-07": {
            "month": "2021-07",
            "price": "11.80",
            "revenue": 1642419
        },
        "2021-08": {
            "month": "2021-08",
            "price": "11.16",
            "revenue": 1673015
        },
        "2021-09": {
            "month": "2021-09",
            "price": "10.30",
            "revenue": 1842123
        },
        "2021-10": {
            "month": "2021-10",
            "price": "10.52",
            "revenue": 1730316
        },
        "2021-11": {
            "month": "2021-11",
            "price": "10.90",
            "revenue": 1644724
        },
        "2021-12": {
            "month": "2021-12",
            "price": "11.08",
            "revenue": 1802419
        },
        "2022-01": {
            "month": "2022-01",
            "price": "11.27",
            "revenue": 1526686
        },
        "2022-02": {
            "month": "2022-02",
            "price": "10.85",
            "revenue": 1491087
        },
        "2022-03": {
            "month": "2022-03",
            "price": "10.42",
            "revenue": 1929326
        },
        "2022-04": {
            "month": "2022-04",
            "price": "10.44",
            "revenue": 1947283
        },
        "2022-05": {
            "month": "2022-05",
            "price": "9.80",
            "revenue": 1878391
        },
        "2022-06": {
            "month": "2022-06",
            "price": "9.58",
            "revenue": 1839578
        },
        "2022-07": {
            "month": "2022-07",
            "price": "9.07",
            "revenue": 2338832
        },
        "2022-08": {
            "month": "2022-08",
            "price": "9.27",
            "revenue": 2042992
        },
        "2022-09": {
            "month": "2022-09",
            "price": "9.09",
            "revenue": 2081377
        },
        "2022-10": {
            "month": "2022-10",
            "price": "8.41",
            "revenue": 1821733
        },
        "2022-11": {
            "month": "2022-11",
            "price": "8.32",
            "revenue": 1860121
        },
        "2022-12": {
            "month": "2022-12",
            "price": "8.69",
            "revenue": 1773292
        },
        "2023-01": {
            "month": "2023-01",
            "price": "8.63",
            "revenue": 1582206
        },
        "2023-02": {
            "month": "2023-02",
            "price": "8.79",
            "revenue": 1589422
        },
        "2023-03": {
            "month": "2023-03",
            "price": "8.95",
            "revenue": 1937142
        },
        "2023-04": {
            "month": "2023-04",
            "price": "9.21",
            "revenue": 1721325
        }
    }
}
