{
    "summary": {
        "stock_name": "萬洲",
        "stock_id": "1715",
        "category": "塑膠",
        "main_business": "接著劑之製造、加工與買賣。<BR>膠帶及其原料之製造、加工與買賣。<BR>塑膠板片之製造、加工與買賣。",
        "website_url": "",
        "ceo": "林佑昇",
        "pe_ratio": -24,
        "report_year_from": 2001,
        "report_year_to": 2017,
        "age": 23,
        "eps_negative_percentage": 6,
        "eps_growth_avg": {
            "last_all": 6.72,
            "last_2y": -85.8,
            "last_4y": -25.08,
            "last_8y": 3.76,
            "last_12y": -1.48,
            "last_16y": null,
            "last_20y": null,
            "at_2006_last_3y": 66.68,
            "at_2007_last_3y": 33.83,
            "at_2008_last_3y": -11.95,
            "at_2009_last_3y": -0.88,
            "at_2010_last_3y": 21.37,
            "at_2011_last_3y": 15,
            "at_2012_last_3y": 32.6,
            "at_2013_last_3y": 18.54,
            "at_2014_last_3y": 0.42,
            "at_2015_last_3y": -3.26,
            "at_2016_last_3y": -25.08,
            "at_2017_last_3y": -48.02,
            "at_2018_last_3y": -48.02,
            "at_2019_last_3y": -48.02,
            "at_2020_last_3y": -48.02,
            "at_2021_last_3y": -48.02,
            "at_2022_last_3y": -48.02,
            "at_2023_last_3y": -48.02,
            "at_2024_last_3y": -48.02,
            "at_2006_last_all": 37.05,
            "at_2007_last_all": 25.64,
            "at_2008_last_all": 10.1,
            "at_2009_last_all": 21.34,
            "at_2010_last_all": 30.08,
            "at_2011_last_all": 21.38,
            "at_2012_last_all": 18.28,
            "at_2013_last_all": 20.41,
            "at_2014_last_all": 20.95,
            "at_2015_last_all": 14.34,
            "at_2016_last_all": 6.72,
            "at_2017_last_all": 6.72,
            "at_2018_last_all": 6.72,
            "at_2019_last_all": 6.72,
            "at_2020_last_all": 6.72,
            "at_2021_last_all": 6.72,
            "at_2022_last_all": 6.72,
            "at_2023_last_all": 6.72,
            "at_2024_last_all": 6.72
        },
        "latest_eps": -0.46,
        "latest_price": 11.05,
        "latest_roe": -3.2,
        "latest_gross_margin": 11.99,
        "latest_equity": 6221432,
        "latest_revenue": 2741314,
        "latest_gross_profit": 328811,
        "latest_net_income": 43954,
        "latest_debt_ratio": 56.75,
        "latest_current_ratio": 110.03,
        "latest_account_receivable_turnover_ratio": 1.56,
        "latest_inventory_turnover_ratio": 1.59,
        "latest_reinvestment_rate": 166.67,
        "latest_research_to_sale_ratio": 0.44
    },
    "eps_dividends": {
        "1990": {
            "cash": 0.7,
            "stock": 0,
            "eps": 0
        },
        "1991": {
            "cash": 0,
            "stock": 2.5,
            "eps": 0
        },
        "1992": {
            "cash": 0,
            "stock": 2,
            "eps": 0
        },
        "1993": {
            "cash": 0,
            "stock": 2,
            "eps": 0
        },
        "1995": {
            "cash": 1.25,
            "stock": 0.75,
            "eps": 0
        },
        "1996": {
            "cash": 0.38,
            "stock": 0.38,
            "eps": 0
        },
        "1997": {
            "cash": 0,
            "stock": 0.75,
            "eps": 0
        },
        "1998": {
            "cash": 0,
            "stock": 1,
            "eps": 0
        },
        "1999": {
            "cash": 0,
            "stock": 0.5,
            "eps": 0
        },
        "2000": {
            "cash": 0,
            "stock": 1.02,
            "eps": 0
        },
        "2001": {
            "cash": 0,
            "stock": 2,
            "eps": 0.27
        },
        "2002": {
            "cash": 0.1,
            "stock": 0,
            "eps": 0.05
        },
        "2003": {
            "cash": 0.15,
            "stock": 0,
            "eps": 0.3
        },
        "2004": {
            "cash": 0.25,
            "stock": 0,
            "eps": 0.7
        },
        "2005": {
            "cash": 0.51,
            "stock": 0,
            "eps": 1.09
        },
        "2006": {
            "cash": 0.8,
            "stock": 0,
            "eps": 1.21
        },
        "2007": {
            "cash": 1,
            "stock": 0,
            "eps": 0.83
        },
        "2008": {
            "cash": 0.77,
            "stock": 0,
            "eps": 0.14
        },
        "2009": {
            "cash": 0.13,
            "stock": 0,
            "eps": 0.47
        },
        "2010": {
            "cash": 0.31,
            "stock": 0,
            "eps": 2.55
        },
        "2011": {
            "cash": 1.25,
            "stock": 0.25,
            "eps": 1.1
        },
        "2012": {
            "cash": 1.05,
            "stock": 0.26,
            "eps": 0.96
        },
        "2013": {
            "cash": 1.01,
            "stock": 0,
            "eps": 1.38
        },
        "2014": {
            "cash": 1.2,
            "stock": 0,
            "eps": 1.76
        },
        "2015": {
            "cash": 1.58,
            "stock": 0,
            "eps": 0.5
        },
        "2016": {
            "cash": 0.5,
            "stock": 0,
            "eps": -0.29
        },
        "2017": {
            "cash": 0.2,
            "stock": 0,
            "eps": 0.06
        }
    },
    "dividends": {
        "1990-04-27": {
            "cash": 0.7,
            "stock": 0
        },
        "1991-03-28": {
            "cash": 0,
            "stock": 2.5
        },
        "1992-04-09": {
            "cash": 0,
            "stock": 2
        },
        "1993-04-29": {
            "cash": 0,
            "stock": 2
        },
        "1995-05-03": {
            "cash": 1.25,
            "stock": 0.75
        },
        "1996-05-03": {
            "cash": 0.38,
            "stock": 0.38
        },
        "1997-05-20": {
            "cash": 0,
            "stock": 0.75
        },
        "1998-05-29": {
            "cash": 0,
            "stock": 1
        },
        "1999-05-25": {
            "cash": 0,
            "stock": 0.5
        },
        "2000-06-19": {
            "cash": 0,
            "stock": 1.02
        },
        "2001-06-28": {
            "cash": 0,
            "stock": 2
        },
        "2002-06-26": {
            "cash": 0.1,
            "stock": 0
        },
        "2003-04-01": {
            "cash": 0.15,
            "stock": 0
        },
        "2004-03-30": {
            "cash": 0.25,
            "stock": 0
        },
        "2005-03-29": {
            "cash": 0.51,
            "stock": 0
        },
        "2006-03-30": {
            "cash": 0.8,
            "stock": 0
        },
        "2007-04-03": {
            "cash": 1,
            "stock": 0
        },
        "2008-04-08": {
            "cash": 0.77,
            "stock": 0
        },
        "2009-05-18": {
            "cash": 0.13,
            "stock": 0
        },
        "2010-04-20": {
            "cash": 0.31,
            "stock": 0
        },
        "2011-04-28": {
            "cash": 1.25,
            "stock": 0.25
        },
        "2012-03-28": {
            "cash": 1.05,
            "stock": 0.26
        },
        "2013-05-09": {
            "cash": 1.01,
            "stock": 0
        },
        "2014-07-31": {
            "cash": 1.2,
            "stock": 0
        },
        "2015-03-26": {
            "cash": 1.58,
            "stock": 0
        },
        "2016-03-24": {
            "cash": 0.5,
            "stock": 0
        },
        "2017-03-30": {
            "cash": 0.2,
            "stock": 0
        }
    },
    "prices": {
        "200101": "13.38",
        "200102": "15.46",
        "200103": "16.82",
        "200104": "15.98",
        "200105": "15.22",
        "200106": "13.48",
        "200107": "10.82",
        "200108": "9.88",
        "200109": "7.32",
        "200110": "7.09",
        "200111": "6.84",
        "200112": "7.06",
        "200201": "7.57",
        "200202": "7.43",
        "200203": "7.98",
        "200204": "9.22",
        "200205": "7.79",
        "200206": "7.70",
        "200207": "7.24",
        "200208": "6.58",
        "200209": "6.40",
        "200210": "6.80",
        "200211": "6.93",
        "200212": "7.07",
        "200301": "7.85",
        "200302": "7.07",
        "200303": "6.68",
        "200304": "6.55",
        "200305": "6.18",
        "200306": "6.67",
        "200307": "6.67",
        "200308": "6.52",
        "200309": "6.86",
        "200310": "7.08",
        "200311": "7.10",
        "200312": "7.04",
        "200401": "7.70",
        "200402": "9.45",
        "200403": "9.25",
        "200404": "9.25",
        "200405": "8.23",
        "200406": "7.86",
        "200407": "7.80",
        "200408": "7.78",
        "200409": "8.54",
        "200410": "8.96",
        "200411": "8.76",
        "200412": "8.87",
        "200501": "9.01",
        "200502": "8.93",
        "200503": "8.67",
        "200504": "8.77",
        "200505": "8.84",
        "200506": "8.99",
        "200507": "8.86",
        "200508": "8.47",
        "200509": "8.30",
        "200510": "8.12",
        "200511": "8.34",
        "200512": "8.99",
        "200601": "9.26",
        "200602": "9.28",
        "200603": "9.64",
        "200604": "9.78",
        "200605": "10.84",
        "200606": "9.96",
        "200607": "8.92",
        "200608": "9.29",
        "200609": "10.12",
        "200610": "10.72",
        "200611": "11.45",
        "200612": "12.11",
        "200701": "14.02",
        "200702": "14.48",
        "200703": "16.05",
        "200704": "16.24",
        "200705": "16.23",
        "200706": "17.04",
        "200707": "17.09",
        "200708": "15.42",
        "200709": "16.34",
        "200710": "18.67",
        "200711": "18.70",
        "200712": "17.95",
        "200801": "16.87",
        "200802": "15.82",
        "200803": "16.50",
        "200804": "17.23",
        "200805": "17.50",
        "200806": "16.94",
        "200807": "16.03",
        "200808": "15.59",
        "200809": "14.15",
        "200810": "12.22",
        "200811": "11.29",
        "200812": "11.54",
        "200901": "11.49",
        "200902": "11.13",
        "200903": "7.29",
        "200904": "9.76",
        "200905": "10.26",
        "200906": "9.95",
        "200907": "9.41",
        "200908": "10.06",
        "200909": "10.55",
        "200910": "10.75",
        "200911": "10.29",
        "200912": "11.41",
        "201001": "12.10",
        "201002": "12.90",
        "201003": "13.92",
        "201004": "15.03",
        "201005": "15.19",
        "201006": "14.29",
        "201007": "15.66",
        "201008": "19.01",
        "201009": "20.56",
        "201010": "20.96",
        "201011": "21.02",
        "201012": "20.77",
        "201101": "20.36",
        "201102": "19.41",
        "201103": "18.72",
        "201104": "19.39",
        "201105": "18.27",
        "201106": "17.19",
        "201107": "16.76",
        "201108": "15.68",
        "201109": "14.80",
        "201110": "13.14",
        "201111": "13.01",
        "201112": "11.77",
        "201201": "12.01",
        "201202": "13.64",
        "201203": "15.02",
        "201204": "15.28",
        "201205": "14.87",
        "201206": "14.77",
        "201207": "15.22",
        "201208": "15.16",
        "201209": "14.18",
        "201210": "13.55",
        "201211": "13.40",
        "201212": "14.01",
        "201301": "14.40",
        "201302": "14.42",
        "201303": "14.52",
        "201304": "14.40",
        "201305": "15.53",
        "201306": "15.19",
        "201307": "15.03",
        "201308": "15.69",
        "201309": "15.72",
        "201310": "17.06",
        "201311": "16.53",
        "201312": "16.85",
        "201401": "18.84",
        "201402": "22.08",
        "201403": "23.02",
        "201404": "23.23",
        "201405": "21.51",
        "201406": "20.64",
        "201407": "19.97",
        "201408": "18.32",
        "201409": "19.47",
        "201410": "18.39",
        "201411": "17.40",
        "201412": "18.36",
        "201501": "19.00",
        "201502": "18.62",
        "201503": "18.58",
        "201504": "18.57",
        "201505": "18.20",
        "201506": "17.09",
        "201507": "15.69",
        "201508": "12.17",
        "201509": "12.28",
        "201510": "13.53",
        "201511": "12.56",
        "201512": "11.15",
        "201601": "10.64",
        "201602": "11.18",
        "201603": "12.31",
        "201604": "12.39",
        "201605": "12.28",
        "201606": "11.88",
        "201607": "11.61",
        "201608": "11.06",
        "201609": "10.82",
        "201610": "10.96",
        "201611": "10.61",
        "201612": "11.04",
        "201701": "11.42",
        "201702": "11.34",
        "201703": "11.24",
        "201704": "10.63",
        "201705": "10.20",
        "201706": "10.28",
        "201707": "10.39",
        "201708": "10.27",
        "201709": "10.60",
        "201710": "10.89",
        "201711": "無",
        "201712": "無",
        "201801": "無",
        "201802": "無",
        "201803": "無",
        "201804": "無",
        "201805": "無",
        "201806": "無",
        "201807": "無",
        "201808": "無",
        "201809": "無",
        "201810": "無",
        "201811": "無",
        "201812": "無",
        "201901": "無",
        "201902": "無",
        "201903": "無",
        "201904": "無",
        "201905": "無",
        "201906": "無",
        "201907": "無",
        "201908": "無",
        "201909": "無",
        "201910": "無",
        "201911": "無",
        "201912": "無",
        "202001": "無",
        "202002": "無",
        "202003": "無",
        "202004": "無",
        "202005": "無",
        "202006": "無",
        "202007": "無",
        "202008": "無",
        "202009": "無",
        "202010": "無",
        "202011": "無",
        "202012": "無",
        "202101": "無",
        "202102": "無",
        "202103": "無",
        "202104": "無",
        "202105": "無",
        "202106": "無",
        "202107": "無",
        "202108": "無",
        "202109": "無",
        "202110": "無",
        "202111": "無",
        "202112": "無",
        "202201": "無",
        "202202": "無",
        "202203": "無",
        "202204": "無",
        "202205": "無",
        "202206": "無",
        "202207": "無",
        "202208": "無",
        "202209": "無",
        "202210": "無",
        "202211": "無",
        "202212": "無",
        "202301": "無",
        "202302": "無",
        "202303": "無",
        "202304": "無",
        "202305": "無",
        "202306": "無",
        "202307": "無",
        "202308": "無",
        "202309": "無",
        "202310": "無",
        "202311": "無",
        "202312": "無",
        "202401": "無",
        "202402": "無",
        "202403": "無"
    },
    "quarters": {
        "20011": {
            "year_quarter": 20011,
            "year": 2001,
            "quarter": 1,
            "eps": 0.54,
            "eps_growth_year": -26.03,
            "eps_4q": 3.38,
            "eps_4q_growth_year": 539.5,
            "roe": 3.06,
            "roe_4q": 3.06,
            "gross_profit": 88964,
            "gross_margin": 12.65,
            "gross_margin_4q_avg": 12.65,
            "net_income": 137678,
            "net_income_4q": null,
            "revenue": 703374,
            "revenue_4q": null,
            "common_shares": 2601146,
            "book_valuer_per_share": 17.22,
            "book_valuer_per_share_4q_avg": 17.22,
            "equity": 4480182,
            "current_ratio": 82.84,
            "debt_ratio": 42.2,
            "inventory_turnover_ratio": 0.92,
            "account_receivable_turnover_ratio": null,
            "reinvestment_rate": null,
            "research_to_sale_ratio": null,
            "price_fair": 0,
            "eps_avg_yearly": 0,
            "eps_latest_yearly": 0,
            "eps_growth_yearly": 0
        },
        "20012": {
            "year_quarter": 20012,
            "year": 2001,
            "quarter": 2,
            "eps": -0.06,
            "eps_growth_year": -146.15,
            "eps_4q": 3.1,
            "eps_4q_growth_year": 220.78,
            "roe": -0.46,
            "roe_4q": 2.6,
            "gross_profit": 115971,
            "gross_margin": 15.24,
            "gross_margin_4q_avg": 13.95,
            "net_income": -20861,
            "net_income_4q": null,
            "revenue": 760716,
            "revenue_4q": null,
            "common_shares": 2601146,
            "book_valuer_per_share": 17.43,
            "book_valuer_per_share_4q_avg": 17.33,
            "equity": 4535025,
            "current_ratio": 88.31,
            "debt_ratio": 42.97,
            "inventory_turnover_ratio": 1.32,
            "account_receivable_turnover_ratio": null,
            "reinvestment_rate": null,
            "research_to_sale_ratio": null,
            "price_fair": 0,
            "eps_avg_yearly": 0,
            "eps_latest_yearly": 0,
            "eps_growth_yearly": 0
        },
        "20013": {
            "year_quarter": 20013,
            "year": 2001,
            "quarter": 3,
            "eps": -0.16,
            "eps_growth_year": -104.91,
            "eps_4q": -0.28,
            "eps_4q_growth_year": -106.81,
            "roe": -1.16,
            "roe_4q": 1.4400000000000002,
            "gross_profit": 131704,
            "gross_margin": 15.68,
            "gross_margin_4q_avg": 14.52,
            "net_income": -52298,
            "net_income_4q": null,
            "revenue": 839792,
            "revenue_4q": null,
            "common_shares": 3371924,
            "book_valuer_per_share": 13.32,
            "book_valuer_per_share_4q_avg": 15.99,
            "equity": 4491753,
            "current_ratio": 85.64,
            "debt_ratio": 42.66,
            "inventory_turnover_ratio": 1.5,
            "account_receivable_turnover_ratio": null,
            "reinvestment_rate": null,
            "research_to_sale_ratio": null,
            "price_fair": 0,
            "eps_avg_yearly": 0,
            "eps_latest_yearly": 0,
            "eps_growth_yearly": 0
        },
        "20014": {
            "year_quarter": 20014,
            "year": 2001,
            "quarter": 4,
            "eps": -0.05,
            "eps_growth_year": null,
            "eps_4q": 0.14,
            "eps_4q_growth_year": -95.96,
            "roe": -0.35,
            "roe_4q": 1.0900000000000003,
            "gross_profit": 150629,
            "gross_margin": 16.96,
            "gross_margin_4q_avg": 15.13,
            "net_income": -16193,
            "net_income_4q": null,
            "revenue": 888262,
            "revenue_4q": null,
            "common_shares": 3371924,
            "book_valuer_per_share": 13.44,
            "book_valuer_per_share_4q_avg": 15.35,
            "equity": 4717722,
            "current_ratio": 117.06,
            "debt_ratio": 45.37,
            "inventory_turnover_ratio": 1.09,
            "account_receivable_turnover_ratio": null,
            "reinvestment_rate": null,
            "research_to_sale_ratio": null,
            "price_fair": 0,
            "eps_avg_yearly": 0,
            "eps_latest_yearly": 0,
            "eps_growth_yearly": 0
        },
        "20021": {
            "year_quarter": 20021,
            "year": 2002,
            "quarter": 1,
            "eps": 0.09,
            "eps_growth_year": -83.33,
            "eps_4q": -0.2,
            "eps_4q_growth_year": -106,
            "roe": 0.6,
            "roe_4q": -1.3699999999999999,
            "gross_profit": 153171,
            "gross_margin": 20,
            "gross_margin_4q_avg": 16.97,
            "net_income": 27490,
            "net_income_4q": null,
            "revenue": 765994,
            "revenue_4q": null,
            "common_shares": 3371924,
            "book_valuer_per_share": 12.97,
            "book_valuer_per_share_4q_avg": 14.29,
            "equity": 4374458,
            "current_ratio": 84.82,
            "debt_ratio": 41.2,
            "inventory_turnover_ratio": 0.91,
            "account_receivable_turnover_ratio": null,
            "reinvestment_rate": null,
            "research_to_sale_ratio": null,
            "price_fair": 0,
            "eps_avg_yearly": 0,
            "eps_latest_yearly": 0,
            "eps_growth_yearly": 0
        },
        "20022": {
            "year_quarter": 20022,
            "year": 2002,
            "quarter": 2,
            "eps": -0.05,
            "eps_growth_year": null,
            "eps_4q": -0.17,
            "eps_4q_growth_year": -105.35,
            "roe": -0.34,
            "roe_4q": -1.25,
            "gross_profit": 140919,
            "gross_margin": 15.33,
            "gross_margin_4q_avg": 16.99,
            "net_income": -14942,
            "net_income_4q": null,
            "revenue": 919274,
            "revenue_4q": null,
            "common_shares": 3371924,
            "book_valuer_per_share": 12.71,
            "book_valuer_per_share_4q_avg": 13.11,
            "equity": 4286735,
            "current_ratio": 80.62,
            "debt_ratio": 41.7,
            "inventory_turnover_ratio": 1.79,
            "account_receivable_turnover_ratio": null,
            "reinvestment_rate": null,
            "research_to_sale_ratio": null,
            "price_fair": 0,
            "eps_avg_yearly": 0,
            "eps_latest_yearly": 0,
            "eps_growth_yearly": 0
        },
        "20023": {
            "year_quarter": 20023,
            "year": 2002,
            "quarter": 3,
            "eps": 0.05,
            "eps_growth_year": null,
            "eps_4q": 0.04,
            "eps_4q_growth_year": null,
            "roe": 0.32,
            "roe_4q": 0.22999999999999998,
            "gross_profit": 117504,
            "gross_margin": 14.11,
            "gross_margin_4q_avg": 16.6,
            "net_income": 13867,
            "net_income_4q": null,
            "revenue": 833016,
            "revenue_4q": null,
            "common_shares": 3371924,
            "book_valuer_per_share": 12.93,
            "book_valuer_per_share_4q_avg": 13.01,
            "equity": 4359376,
            "current_ratio": 116.28,
            "debt_ratio": 41.29,
            "inventory_turnover_ratio": 1.66,
            "account_receivable_turnover_ratio": null,
            "reinvestment_rate": null,
            "research_to_sale_ratio": null,
            "price_fair": 0,
            "eps_avg_yearly": 0,
            "eps_latest_yearly": 0,
            "eps_growth_yearly": 0
        },
        "20024": {
            "year_quarter": 20024,
            "year": 2002,
            "quarter": 4,
            "eps": -0.04,
            "eps_growth_year": null,
            "eps_4q": 0.03,
            "eps_4q_growth_year": -81.64,
            "roe": -0.28,
            "roe_4q": 0.29999999999999993,
            "gross_profit": 106234,
            "gross_margin": 12.09,
            "gross_margin_4q_avg": 15.38,
            "net_income": -12614,
            "net_income_4q": null,
            "revenue": 878352,
            "revenue_4q": null,
            "common_shares": 3371924,
            "book_valuer_per_share": 12.82,
            "book_valuer_per_share_4q_avg": 12.86,
            "equity": 4515944,
            "current_ratio": 135.88,
            "debt_ratio": 47.82,
            "inventory_turnover_ratio": 1.18,
            "account_receivable_turnover_ratio": null,
            "reinvestment_rate": -56.69,
            "research_to_sale_ratio": null,
            "price_fair": 0,
            "eps_avg_yearly": 0,
            "eps_latest_yearly": 0,
            "eps_growth_yearly": 0
        },
        "20031": {
            "year_quarter": 20031,
            "year": 2003,
            "quarter": 1,
            "eps": 0.04,
            "eps_growth_year": -55.56,
            "eps_4q": -0,
            "eps_4q_growth_year": null,
            "roe": 0.29,
            "roe_4q": -0.010000000000000064,
            "gross_profit": 102673,
            "gross_margin": 11.35,
            "gross_margin_4q_avg": 13.22,
            "net_income": 12804,
            "net_income_4q": null,
            "revenue": 904451,
            "revenue_4q": null,
            "common_shares": 3371924,
            "book_valuer_per_share": 12.87,
            "book_valuer_per_share_4q_avg": 12.83,
            "equity": 4338909,
            "current_ratio": 125.56,
            "debt_ratio": 41.21,
            "inventory_turnover_ratio": 1.32,
            "account_receivable_turnover_ratio": null,
            "reinvestment_rate": -35.4,
            "research_to_sale_ratio": null,
            "price_fair": 0,
            "eps_avg_yearly": 0,
            "eps_latest_yearly": 0,
            "eps_growth_yearly": 0
        },
        "20032": {
            "year_quarter": 20032,
            "year": 2003,
            "quarter": 2,
            "eps": 0.03,
            "eps_growth_year": null,
            "eps_4q": 0.08,
            "eps_4q_growth_year": null,
            "roe": 0.2,
            "roe_4q": 0.53,
            "gross_profit": 142363,
            "gross_margin": 13.07,
            "gross_margin_4q_avg": 12.66,
            "net_income": 8501,
            "net_income_4q": null,
            "revenue": 1089194,
            "revenue_4q": null,
            "common_shares": 3371924,
            "book_valuer_per_share": 12.61,
            "book_valuer_per_share_4q_avg": 12.81,
            "equity": 4252775,
            "current_ratio": 119.47,
            "debt_ratio": 42.05,
            "inventory_turnover_ratio": 2.95,
            "account_receivable_turnover_ratio": null,
            "reinvestment_rate": -35.38,
            "research_to_sale_ratio": null,
            "price_fair": 0.36,
            "eps_avg_yearly": 0.12,
            "eps_latest_yearly": 0.12,
            "eps_growth_yearly": -100
        },
        "20033": {
            "year_quarter": 20033,
            "year": 2003,
            "quarter": 3,
            "eps": 0.06,
            "eps_growth_year": 20,
            "eps_4q": 0.09,
            "eps_4q_growth_year": 136.74,
            "roe": 0.45,
            "roe_4q": 0.6599999999999999,
            "gross_profit": 121409,
            "gross_margin": 13.46,
            "gross_margin_4q_avg": 12.49,
            "net_income": 19133,
            "net_income_4q": null,
            "revenue": 902304,
            "revenue_4q": null,
            "common_shares": 3371924,
            "book_valuer_per_share": 12.47,
            "book_valuer_per_share_4q_avg": 12.69,
            "equity": 4205764,
            "current_ratio": 118.59,
            "debt_ratio": 40.93,
            "inventory_turnover_ratio": 2.69,
            "account_receivable_turnover_ratio": null,
            "reinvestment_rate": -48.24,
            "research_to_sale_ratio": null,
            "price_fair": 6.3,
            "eps_avg_yearly": 0.18,
            "eps_latest_yearly": 0.24,
            "eps_growth_yearly": 150
        },
        "20034": {
            "year_quarter": 20034,
            "year": 2003,
            "quarter": 4,
            "eps": 0.17,
            "eps_growth_year": null,
            "eps_4q": 0.31,
            "eps_4q_growth_year": 1074.67,
            "roe": 1.17,
            "roe_4q": 2.11,
            "gross_profit": 210582,
            "gross_margin": 19.59,
            "gross_margin_4q_avg": 14.37,
            "net_income": 49909,
            "net_income_4q": null,
            "revenue": 1074793,
            "revenue_4q": null,
            "common_shares": 3224094,
            "book_valuer_per_share": 12.91,
            "book_valuer_per_share_4q_avg": 12.72,
            "equity": 4361398,
            "current_ratio": 159.07,
            "debt_ratio": 43.84,
            "inventory_turnover_ratio": 1.51,
            "account_receivable_turnover_ratio": null,
            "reinvestment_rate": 8.01,
            "research_to_sale_ratio": null,
            "price_fair": 12.13,
            "eps_avg_yearly": 0.35,
            "eps_latest_yearly": 0.68,
            "eps_growth_yearly": 344.44
        },
        "20041": {
            "year_quarter": 20041,
            "year": 2004,
            "quarter": 1,
            "eps": 0.08,
            "eps_growth_year": 100,
            "eps_4q": 0.34,
            "eps_4q_growth_year": null,
            "roe": 0.56,
            "roe_4q": 2.3800000000000003,
            "gross_profit": 137561,
            "gross_margin": 14.65,
            "gross_margin_4q_avg": 15.19,
            "net_income": 23718,
            "net_income_4q": null,
            "revenue": 938909,
            "revenue_4q": null,
            "common_shares": 3224094,
            "book_valuer_per_share": 12.69,
            "book_valuer_per_share_4q_avg": 12.67,
            "equity": 4092286,
            "current_ratio": 96.12,
            "debt_ratio": 40.34,
            "inventory_turnover_ratio": 1.36,
            "account_receivable_turnover_ratio": null,
            "reinvestment_rate": -50.59,
            "research_to_sale_ratio": null,
            "price_fair": 11.9,
            "eps_avg_yearly": 0.34,
            "eps_latest_yearly": 0.32,
            "eps_growth_yearly": 205.39
        },
        "20042": {
            "year_quarter": 20042,
            "year": 2004,
            "quarter": 2,
            "eps": 0.19,
            "eps_growth_year": 533.33,
            "eps_4q": 0.53,
            "eps_4q_growth_year": 562.07,
            "roe": 1.29,
            "roe_4q": 3.47,
            "gross_profit": 161163,
            "gross_margin": 14.19,
            "gross_margin_4q_avg": 15.47,
            "net_income": 52290,
            "net_income_4q": null,
            "revenue": 1135433,
            "revenue_4q": null,
            "common_shares": 3084094,
            "book_valuer_per_share": 13.04,
            "book_valuer_per_share_4q_avg": 12.78,
            "equity": 4022188,
            "current_ratio": 98.29,
            "debt_ratio": 42.88,
            "inventory_turnover_ratio": 3.3,
            "account_receivable_turnover_ratio": null,
            "reinvestment_rate": 11.81,
            "research_to_sale_ratio": null,
            "price_fair": 14.84,
            "eps_avg_yearly": 0.42,
            "eps_latest_yearly": 0.76,
            "eps_growth_yearly": 274.31
        },
        "20043": {
            "year_quarter": 20043,
            "year": 2004,
            "quarter": 3,
            "eps": 0.34,
            "eps_growth_year": 466.67,
            "eps_4q": 0.79,
            "eps_4q_growth_year": 800.88,
            "roe": 2.38,
            "roe_4q": 5.4,
            "gross_profit": 154372,
            "gross_margin": 13.52,
            "gross_margin_4q_avg": 15.49,
            "net_income": 95979,
            "net_income_4q": null,
            "revenue": 1141749,
            "revenue_4q": null,
            "common_shares": 3084094,
            "book_valuer_per_share": 13.14,
            "book_valuer_per_share_4q_avg": 12.95,
            "equity": 4052863,
            "current_ratio": 95.38,
            "debt_ratio": 39.69,
            "inventory_turnover_ratio": 3.8,
            "account_receivable_turnover_ratio": null,
            "reinvestment_rate": 44.26,
            "research_to_sale_ratio": null,
            "price_fair": 20.3,
            "eps_avg_yearly": 0.58,
            "eps_latest_yearly": 1.36,
            "eps_growth_yearly": 281.23
        },
        "20044": {
            "year_quarter": 20044,
            "year": 2004,
            "quarter": 4,
            "eps": 0.09,
            "eps_growth_year": -47.06,
            "eps_4q": 0.73,
            "eps_4q_growth_year": 138.68,
            "roe": 0.58,
            "roe_4q": 4.8100000000000005,
            "gross_profit": 130912,
            "gross_margin": 11.8,
            "gross_margin_4q_avg": 13.54,
            "net_income": 24016,
            "net_income_4q": null,
            "revenue": 1109342,
            "revenue_4q": null,
            "common_shares": 3084094,
            "book_valuer_per_share": 12.88,
            "book_valuer_per_share_4q_avg": 12.94,
            "equity": 4177436,
            "current_ratio": 133.81,
            "debt_ratio": 46.32,
            "inventory_turnover_ratio": 1.63,
            "account_receivable_turnover_ratio": null,
            "reinvestment_rate": 97.87,
            "research_to_sale_ratio": null,
            "price_fair": 19.2,
            "eps_avg_yearly": 0.55,
            "eps_latest_yearly": 0.36,
            "eps_growth_yearly": 199.03
        },
        "20051": {
            "year_quarter": 20051,
            "year": 2005,
            "quarter": 1,
            "eps": 0.24,
            "eps_growth_year": 200,
            "eps_4q": 0.89,
            "eps_4q_growth_year": 159.62,
            "roe": 1.56,
            "roe_4q": 5.81,
            "gross_profit": 150111,
            "gross_margin": 12.79,
            "gross_margin_4q_avg": 13.08,
            "net_income": 63934,
            "net_income_4q": null,
            "revenue": 1173583,
            "revenue_4q": null,
            "common_shares": 3084094,
            "book_valuer_per_share": 13.08,
            "book_valuer_per_share_4q_avg": 13.04,
            "equity": 4032456,
            "current_ratio": 91.56,
            "debt_ratio": 40.25,
            "inventory_turnover_ratio": 1.59,
            "account_receivable_turnover_ratio": null,
            "reinvestment_rate": -70.95,
            "research_to_sale_ratio": null,
            "price_fair": 21,
            "eps_avg_yearly": 0.6,
            "eps_latest_yearly": 0.96,
            "eps_growth_yearly": 257.49
        },
        "20052": {
            "year_quarter": 20052,
            "year": 2005,
            "quarter": 2,
            "eps": 0.24,
            "eps_growth_year": 26.32,
            "eps_4q": 0.95,
            "eps_4q_growth_year": 79.81,
            "roe": 1.58,
            "roe_4q": 6.1,
            "gross_profit": 159343,
            "gross_margin": 12.23,
            "gross_margin_4q_avg": 12.59,
            "net_income": 62377,
            "net_income_4q": null,
            "revenue": 1303168,
            "revenue_4q": null,
            "common_shares": 2994094,
            "book_valuer_per_share": 12.89,
            "book_valuer_per_share_4q_avg": 13,
            "equity": 3859846,
            "current_ratio": 87.36,
            "debt_ratio": 42.62,
            "inventory_turnover_ratio": 3.49,
            "account_receivable_turnover_ratio": null,
            "reinvestment_rate": -62.47,
            "research_to_sale_ratio": null,
            "price_fair": 22.4,
            "eps_avg_yearly": 0.64,
            "eps_latest_yearly": 0.96,
            "eps_growth_yearly": 228.88
        },
        "20053": {
            "year_quarter": 20053,
            "year": 2005,
            "quarter": 3,
            "eps": 0.38,
            "eps_growth_year": 11.76,
            "eps_4q": 0.95,
            "eps_4q_growth_year": 21.11,
            "roe": 2.5,
            "roe_4q": 6.220000000000001,
            "gross_profit": 172212,
            "gross_margin": 13.89,
            "gross_margin_4q_avg": 12.68,
            "net_income": 99875,
            "net_income_4q": null,
            "revenue": 1239631,
            "revenue_4q": null,
            "common_shares": 2994094,
            "book_valuer_per_share": 13.77,
            "book_valuer_per_share_4q_avg": 13.16,
            "equity": 4122086,
            "current_ratio": 91.59,
            "debt_ratio": 38.62,
            "inventory_turnover_ratio": 3.26,
            "account_receivable_turnover_ratio": null,
            "reinvestment_rate": -48.24,
            "research_to_sale_ratio": null,
            "price_fair": 25.48,
            "eps_avg_yearly": 0.73,
            "eps_latest_yearly": 1.52,
            "eps_growth_yearly": 229.32
        },
        "20054": {
            "year_quarter": 20054,
            "year": 2005,
            "quarter": 4,
            "eps": 0.23,
            "eps_growth_year": 155.56,
            "eps_4q": 1.1,
            "eps_4q_growth_year": 50.08,
            "roe": 1.39,
            "roe_4q": 7.029999999999999,
            "gross_profit": 192648,
            "gross_margin": 14.7,
            "gross_margin_4q_avg": 13.4,
            "net_income": 59634,
            "net_income_4q": null,
            "revenue": 1310482,
            "revenue_4q": null,
            "common_shares": 2994094,
            "book_valuer_per_share": 13.91,
            "book_valuer_per_share_4q_avg": 13.41,
            "equity": 4444198,
            "current_ratio": 138.89,
            "debt_ratio": 46.01,
            "inventory_turnover_ratio": 1.61,
            "account_receivable_turnover_ratio": null,
            "reinvestment_rate": 40.84,
            "research_to_sale_ratio": null,
            "price_fair": 26.09,
            "eps_avg_yearly": 0.75,
            "eps_latest_yearly": 0.92,
            "eps_growth_yearly": 194.12
        },
        "20061": {
            "year_quarter": 20061,
            "year": 2006,
            "quarter": 1,
            "eps": 0.32,
            "eps_growth_year": 33.33,
            "eps_4q": 1.18,
            "eps_4q_growth_year": 33.16,
            "roe": 1.9,
            "roe_4q": 7.37,
            "gross_profit": 172666,
            "gross_margin": 17.95,
            "gross_margin_4q_avg": 14.69,
            "net_income": 82491,
            "net_income_4q": null,
            "revenue": 961688,
            "revenue_4q": null,
            "common_shares": 2994094,
            "book_valuer_per_share": 14.17,
            "book_valuer_per_share_4q_avg": 13.69,
            "equity": 4243049,
            "current_ratio": 128.68,
            "debt_ratio": 32.97,
            "inventory_turnover_ratio": 1.14,
            "account_receivable_turnover_ratio": null,
            "reinvestment_rate": -50.36,
            "research_to_sale_ratio": null,
            "price_fair": 27.65,
            "eps_avg_yearly": 0.79,
            "eps_latest_yearly": 1.28,
            "eps_growth_yearly": 190.99
        },
        "20062": {
            "year_quarter": 20062,
            "year": 2006,
            "quarter": 2,
            "eps": 0.35,
            "eps_growth_year": 45.83,
            "eps_4q": 1.28,
            "eps_4q_growth_year": 35.15,
            "roe": 2.18,
            "roe_4q": 7.97,
            "gross_profit": 176761,
            "gross_margin": 16.24,
            "gross_margin_4q_avg": 15.7,
            "net_income": 90997,
            "net_income_4q": null,
            "revenue": 1088637,
            "revenue_4q": null,
            "common_shares": 2994094,
            "book_valuer_per_share": 13.72,
            "book_valuer_per_share_4q_avg": 13.89,
            "equity": 4109244,
            "current_ratio": 101.88,
            "debt_ratio": 35.68,
            "inventory_turnover_ratio": 2.86,
            "account_receivable_turnover_ratio": null,
            "reinvestment_rate": -46.69,
            "research_to_sale_ratio": null,
            "price_fair": 29.29,
            "eps_avg_yearly": 0.84,
            "eps_latest_yearly": 1.4,
            "eps_growth_yearly": 179.18
        },
        "20063": {
            "year_quarter": 20063,
            "year": 2006,
            "quarter": 3,
            "eps": 0.46,
            "eps_growth_year": 21.05,
            "eps_4q": 1.35,
            "eps_4q_growth_year": 41.73,
            "roe": 2.89,
            "roe_4q": 8.360000000000001,
            "gross_profit": 138706,
            "gross_margin": 13.6,
            "gross_margin_4q_avg": 15.62,
            "net_income": 120597,
            "net_income_4q": null,
            "revenue": 1019800,
            "revenue_4q": null,
            "common_shares": 2994094,
            "book_valuer_per_share": 14.14,
            "book_valuer_per_share_4q_avg": 13.99,
            "equity": 4234899,
            "current_ratio": 114.98,
            "debt_ratio": 33.56,
            "inventory_turnover_ratio": 2.7,
            "account_receivable_turnover_ratio": null,
            "reinvestment_rate": -39.24,
            "research_to_sale_ratio": null,
            "price_fair": 31.8,
            "eps_avg_yearly": 0.91,
            "eps_latest_yearly": 1.84,
            "eps_growth_yearly": 175.36
        },
        "20064": {
            "year_quarter": 20064,
            "year": 2006,
            "quarter": 4,
            "eps": 0.08,
            "eps_growth_year": -65.22,
            "eps_4q": 1.21,
            "eps_4q_growth_year": 9.68,
            "roe": 0.48,
            "roe_4q": 7.450000000000001,
            "gross_profit": 132917,
            "gross_margin": 13.21,
            "gross_margin_4q_avg": 15.25,
            "net_income": 20838,
            "net_income_4q": null,
            "revenue": 1006250,
            "revenue_4q": null,
            "common_shares": 2894094,
            "book_valuer_per_share": 14.66,
            "book_valuer_per_share_4q_avg": 14.17,
            "equity": 4532977,
            "current_ratio": 146.92,
            "debt_ratio": 43.74,
            "inventory_turnover_ratio": 1.15,
            "account_receivable_turnover_ratio": null,
            "reinvestment_rate": -15.73,
            "research_to_sale_ratio": null,
            "price_fair": 30.43,
            "eps_avg_yearly": 0.87,
            "eps_latest_yearly": 0.32,
            "eps_growth_yearly": 141.64
        },
        "20071": {
            "year_quarter": 20071,
            "year": 2007,
            "quarter": 1,
            "eps": 0.17,
            "eps_growth_year": -46.88,
            "eps_4q": 1.1,
            "eps_4q_growth_year": -6.55,
            "roe": 0.96,
            "roe_4q": 6.51,
            "gross_profit": 107833,
            "gross_margin": 11.24,
            "gross_margin_4q_avg": 13.57,
            "net_income": 42335,
            "net_income_4q": null,
            "revenue": 959549,
            "revenue_4q": null,
            "common_shares": 2894094,
            "book_valuer_per_share": 14.87,
            "book_valuer_per_share_4q_avg": 14.35,
            "equity": 4303831,
            "current_ratio": 101.74,
            "debt_ratio": 31.65,
            "inventory_turnover_ratio": 1.09,
            "account_receivable_turnover_ratio": null,
            "reinvestment_rate": -35.41,
            "research_to_sale_ratio": null,
            "price_fair": 30.01,
            "eps_avg_yearly": 0.86,
            "eps_latest_yearly": 0.68,
            "eps_growth_yearly": 160.92
        },
        "20072": {
            "year_quarter": 20072,
            "year": 2007,
            "quarter": 2,
            "eps": 0.37,
            "eps_growth_year": 5.71,
            "eps_4q": 1.11,
            "eps_4q_growth_year": -13.66,
            "roe": 2.19,
            "roe_4q": 6.52,
            "gross_profit": 128065,
            "gross_margin": 12.01,
            "gross_margin_4q_avg": 12.52,
            "net_income": 92402,
            "net_income_4q": null,
            "revenue": 1066380,
            "revenue_4q": null,
            "common_shares": 2894094,
            "book_valuer_per_share": 14.29,
            "book_valuer_per_share_4q_avg": 14.49,
            "equity": 4134377,
            "current_ratio": 110.8,
            "debt_ratio": 37.34,
            "inventory_turnover_ratio": 2.4,
            "account_receivable_turnover_ratio": null,
            "reinvestment_rate": -28.51,
            "research_to_sale_ratio": null,
            "price_fair": 32.99,
            "eps_avg_yearly": 0.94,
            "eps_latest_yearly": 1.48,
            "eps_growth_yearly": 196.58
        },
        "20073": {
            "year_quarter": 20073,
            "year": 2007,
            "quarter": 3,
            "eps": 0.25,
            "eps_growth_year": -45.65,
            "eps_4q": 0.87,
            "eps_4q_growth_year": -35.62,
            "roe": 1.5,
            "roe_4q": 5.130000000000001,
            "gross_profit": 91196,
            "gross_margin": 8.87,
            "gross_margin_4q_avg": 11.33,
            "net_income": 62865,
            "net_income_4q": null,
            "revenue": 1027879,
            "revenue_4q": null,
            "common_shares": 2894094,
            "book_valuer_per_share": 14.63,
            "book_valuer_per_share_4q_avg": 14.61,
            "equity": 4234794,
            "current_ratio": 115.71,
            "debt_ratio": 37.09,
            "inventory_turnover_ratio": 2.16,
            "account_receivable_turnover_ratio": null,
            "reinvestment_rate": -21.53,
            "research_to_sale_ratio": null,
            "price_fair": 34.65,
            "eps_avg_yearly": 0.99,
            "eps_latest_yearly": 1,
            "eps_growth_yearly": 163.47
        },
        "20074": {
            "year_quarter": 20074,
            "year": 2007,
            "quarter": 4,
            "eps": 0.04,
            "eps_growth_year": -50,
            "eps_4q": 0.77,
            "eps_4q_growth_year": -36.53,
            "roe": 0.25,
            "roe_4q": 4.9,
            "gross_profit": 129821,
            "gross_margin": 12.34,
            "gross_margin_4q_avg": 11.12,
            "net_income": 10866,
            "net_income_4q": null,
            "revenue": 1051803,
            "revenue_4q": null,
            "common_shares": 2760564,
            "book_valuer_per_share": 15.39,
            "book_valuer_per_share_4q_avg": 14.8,
            "equity": 4564770,
            "current_ratio": 162.85,
            "debt_ratio": 46.11,
            "inventory_turnover_ratio": 1.01,
            "account_receivable_turnover_ratio": null,
            "reinvestment_rate": 3.95,
            "research_to_sale_ratio": null,
            "price_fair": 33.51,
            "eps_avg_yearly": 0.96,
            "eps_latest_yearly": 0.16,
            "eps_growth_yearly": 96.64
        },
        "20081": {
            "year_quarter": 20081,
            "year": 2008,
            "quarter": 1,
            "eps": -0.17,
            "eps_growth_year": -200,
            "eps_4q": 0.52,
            "eps_4q_growth_year": -53.19,
            "roe": -0.93,
            "roe_4q": 3.01,
            "gross_profit": 301582,
            "gross_margin": 12.84,
            "gross_margin_4q_avg": 11.52,
            "net_income": -40895,
            "net_income_4q": null,
            "revenue": 2348258,
            "revenue_4q": null,
            "common_shares": 2760564,
            "book_valuer_per_share": 14.13,
            "book_valuer_per_share_4q_avg": 14.61,
            "equity": 4202379,
            "current_ratio": 149.83,
            "debt_ratio": 48.97,
            "inventory_turnover_ratio": 1.51,
            "account_receivable_turnover_ratio": null,
            "reinvestment_rate": 95.37,
            "research_to_sale_ratio": null,
            "price_fair": 35,
            "eps_avg_yearly": 1,
            "eps_latest_yearly": 0.16,
            "eps_growth_yearly": 117.2
        },
        "20082": {
            "year_quarter": 20082,
            "year": 2008,
            "quarter": 2,
            "eps": 0.32,
            "eps_growth_year": -13.51,
            "eps_4q": 0.42,
            "eps_4q_growth_year": -61.82,
            "roe": 2,
            "roe_4q": 2.82,
            "gross_profit": 334832,
            "gross_margin": 12.58,
            "gross_margin_4q_avg": 11.66,
            "net_income": 84208,
            "net_income_4q": null,
            "revenue": 2662500,
            "revenue_4q": null,
            "common_shares": 2640614,
            "book_valuer_per_share": 14.75,
            "book_valuer_per_share_4q_avg": 14.73,
            "equity": 4207298,
            "current_ratio": 133.71,
            "debt_ratio": 50.76,
            "inventory_turnover_ratio": 1.68,
            "account_receivable_turnover_ratio": null,
            "reinvestment_rate": 95.28,
            "research_to_sale_ratio": null,
            "price_fair": 35.6,
            "eps_avg_yearly": 1.02,
            "eps_latest_yearly": 0.16,
            "eps_growth_yearly": 86.28
        },
        "20083": {
            "year_quarter": 20083,
            "year": 2008,
            "quarter": 3,
            "eps": 0.18,
            "eps_growth_year": -28,
            "eps_4q": 0.32,
            "eps_4q_growth_year": -62.65,
            "roe": 1.25,
            "roe_4q": 2.57,
            "gross_profit": 438703,
            "gross_margin": 16.11,
            "gross_margin_4q_avg": 13.47,
            "net_income": 51219,
            "net_income_4q": null,
            "revenue": 2722790,
            "revenue_4q": null,
            "common_shares": 2640614,
            "book_valuer_per_share": 13.91,
            "book_valuer_per_share_4q_avg": 14.55,
            "equity": 3993949,
            "current_ratio": 134.36,
            "debt_ratio": 55.12,
            "inventory_turnover_ratio": 1.56,
            "account_receivable_turnover_ratio": null,
            "reinvestment_rate": 101.12,
            "research_to_sale_ratio": null,
            "price_fair": 34,
            "eps_avg_yearly": 0.97,
            "eps_latest_yearly": 0.72,
            "eps_growth_yearly": 51.22
        },
        "20084": {
            "year_quarter": 20084,
            "year": 2008,
            "quarter": 4,
            "eps": -0.19,
            "eps_growth_year": -575,
            "eps_4q": 0.1,
            "eps_4q_growth_year": -86.64,
            "roe": -1.05,
            "roe_4q": 1.27,
            "gross_profit": 296505,
            "gross_margin": 12.68,
            "gross_margin_4q_avg": 13.55,
            "net_income": -41945,
            "net_income_4q": null,
            "revenue": 2338002,
            "revenue_4q": null,
            "common_shares": 2490614,
            "book_valuer_per_share": 14.54,
            "book_valuer_per_share_4q_avg": 14.33,
            "equity": 3964168,
            "current_ratio": 151.59,
            "debt_ratio": 46.92,
            "inventory_turnover_ratio": 1.55,
            "account_receivable_turnover_ratio": 3.92,
            "reinvestment_rate": 4.61,
            "research_to_sale_ratio": null,
            "price_fair": 35.65,
            "eps_avg_yearly": 1.02,
            "eps_latest_yearly": 0.72,
            "eps_growth_yearly": 77.79
        },
        "20091": {
            "year_quarter": 20091,
            "year": 2009,
            "quarter": 1,
            "eps": 0.04,
            "eps_growth_year": null,
            "eps_4q": 0.23,
            "eps_4q_growth_year": -56.23,
            "roe": 0.38,
            "roe_4q": 2.58,
            "gross_profit": 312022,
            "gross_margin": 18.08,
            "gross_margin_4q_avg": 14.86,
            "net_income": 15243,
            "net_income_4q": null,
            "revenue": 1725496,
            "revenue_4q": null,
            "common_shares": 2490614,
            "book_valuer_per_share": 15.03,
            "book_valuer_per_share_4q_avg": 14.56,
            "equity": 4091838,
            "current_ratio": 167.08,
            "debt_ratio": 43.7,
            "inventory_turnover_ratio": 1.37,
            "account_receivable_turnover_ratio": 1.44,
            "reinvestment_rate": 119.78,
            "research_to_sale_ratio": null,
            "price_fair": 35.82,
            "eps_avg_yearly": 1.02,
            "eps_latest_yearly": 0.72,
            "eps_growth_yearly": 28.72
        },
        "20092": {
            "year_quarter": 20092,
            "year": 2009,
            "quarter": 2,
            "eps": 0.28,
            "eps_growth_year": -12.5,
            "eps_4q": 0.27,
            "eps_4q_growth_year": -35.16,
            "roe": 1.71,
            "roe_4q": 2.29,
            "gross_profit": 415982,
            "gross_margin": 19.27,
            "gross_margin_4q_avg": 16.54,
            "net_income": 69525,
            "net_income_4q": null,
            "revenue": 2158586,
            "revenue_4q": null,
            "common_shares": 2490614,
            "book_valuer_per_share": 14.91,
            "book_valuer_per_share_4q_avg": 14.6,
            "equity": 4060754,
            "current_ratio": 165.76,
            "debt_ratio": 41.33,
            "inventory_turnover_ratio": 1.9,
            "account_receivable_turnover_ratio": 1.71,
            "reinvestment_rate": 108.62,
            "research_to_sale_ratio": null,
            "price_fair": 36.28,
            "eps_avg_yearly": 1.04,
            "eps_latest_yearly": 1.12,
            "eps_growth_yearly": 228.72
        },
        "20093": {
            "year_quarter": 20093,
            "year": 2009,
            "quarter": 3,
            "eps": 0.72,
            "eps_growth_year": 300,
            "eps_4q": 0.78,
            "eps_4q_growth_year": 140.03,
            "roe": 4.13,
            "roe_4q": 5.17,
            "gross_profit": 450749,
            "gross_margin": 20.16,
            "gross_margin_4q_avg": 17.55,
            "net_income": 169795,
            "net_income_4q": null,
            "revenue": 2236319,
            "revenue_4q": null,
            "common_shares": 2490614,
            "book_valuer_per_share": 15.28,
            "book_valuer_per_share_4q_avg": 14.94,
            "equity": 4156559,
            "current_ratio": 166.37,
            "debt_ratio": 42.23,
            "inventory_turnover_ratio": 1.93,
            "account_receivable_turnover_ratio": 1.7,
            "reinvestment_rate": 93.93,
            "research_to_sale_ratio": null,
            "price_fair": 40.25,
            "eps_avg_yearly": 1.15,
            "eps_latest_yearly": 2.88,
            "eps_growth_yearly": 261.65
        },
        "20094": {
            "year_quarter": 20094,
            "year": 2009,
            "quarter": 4,
            "eps": -0.57,
            "eps_growth_year": null,
            "eps_4q": 0.47,
            "eps_4q_growth_year": 356.58,
            "roe": -2.84,
            "roe_4q": 3.38,
            "gross_profit": 389367,
            "gross_margin": 16.32,
            "gross_margin_4q_avg": 18.46,
            "net_income": -115743,
            "net_income_4q": null,
            "revenue": 2386453,
            "revenue_4q": null,
            "common_shares": 2490614,
            "book_valuer_per_share": 16.45,
            "book_valuer_per_share_4q_avg": 15.42,
            "equity": 3998284,
            "current_ratio": 155.94,
            "debt_ratio": 44.17,
            "inventory_turnover_ratio": 2.04,
            "account_receivable_turnover_ratio": 3.87,
            "reinvestment_rate": 28.67,
            "research_to_sale_ratio": null,
            "price_fair": 40.98,
            "eps_avg_yearly": 1.17,
            "eps_latest_yearly": 2.88,
            "eps_growth_yearly": 299.79
        },
        "20101": {
            "year_quarter": 20101,
            "year": 2010,
            "quarter": 1,
            "eps": 0.63,
            "eps_growth_year": 1475,
            "eps_4q": 1.06,
            "eps_4q_growth_year": 369.61,
            "roe": 3.68,
            "roe_4q": 6.680000000000001,
            "gross_profit": 375114,
            "gross_margin": 18.03,
            "gross_margin_4q_avg": 18.45,
            "net_income": 148681,
            "net_income_4q": null,
            "revenue": 2080074,
            "revenue_4q": null,
            "common_shares": 2490614,
            "book_valuer_per_share": 16.88,
            "book_valuer_per_share_4q_avg": 15.88,
            "equity": 4089840,
            "current_ratio": 147.77,
            "debt_ratio": 47.63,
            "inventory_turnover_ratio": 1.6,
            "account_receivable_turnover_ratio": 1.69,
            "reinvestment_rate": 196.9,
            "research_to_sale_ratio": 0.62,
            "price_fair": 40.6,
            "eps_avg_yearly": 1.16,
            "eps_latest_yearly": 2.88,
            "eps_growth_yearly": 314.12
        },
        "20102": {
            "year_quarter": 20102,
            "year": 2010,
            "quarter": 2,
            "eps": 1.51,
            "eps_growth_year": 437.5,
            "eps_4q": 2.29,
            "eps_4q_growth_year": 736.67,
            "roe": 8.18,
            "roe_4q": 13.149999999999999,
            "gross_profit": 387368,
            "gross_margin": 15.69,
            "gross_margin_4q_avg": 17.55,
            "net_income": 346876,
            "net_income_4q": null,
            "revenue": 2469310,
            "revenue_4q": null,
            "common_shares": 2490614,
            "book_valuer_per_share": 18.18,
            "book_valuer_per_share_4q_avg": 16.7,
            "equity": 4394747,
            "current_ratio": 196.1,
            "debt_ratio": 43.78,
            "inventory_turnover_ratio": 1.77,
            "account_receivable_turnover_ratio": 1.79,
            "reinvestment_rate": 156.24,
            "research_to_sale_ratio": 0.71,
            "price_fair": 56.84,
            "eps_avg_yearly": 1.62,
            "eps_latest_yearly": 6.04,
            "eps_growth_yearly": 366.24
        },
        "20103": {
            "year_quarter": 20103,
            "year": 2010,
            "quarter": 3,
            "eps": 0.6,
            "eps_growth_year": -16.75,
            "eps_4q": 1.88,
            "eps_4q_growth_year": 141.02,
            "roe": 3.79,
            "roe_4q": 12.809999999999999,
            "gross_profit": 345757,
            "gross_margin": 14.18,
            "gross_margin_4q_avg": 16.06,
            "net_income": 178509,
            "net_income_4q": null,
            "revenue": 2439122,
            "revenue_4q": null,
            "common_shares": 2990614,
            "book_valuer_per_share": 17.15,
            "book_valuer_per_share_4q_avg": 17.17,
            "equity": 5037531,
            "current_ratio": 244.72,
            "debt_ratio": 36.61,
            "inventory_turnover_ratio": 1.77,
            "account_receivable_turnover_ratio": 1.6,
            "reinvestment_rate": 154.85,
            "research_to_sale_ratio": 0.65,
            "price_fair": 58.8,
            "eps_avg_yearly": 1.68,
            "eps_latest_yearly": 2.4,
            "eps_growth_yearly": 329.57
        },
        "20104": {
            "year_quarter": 20104,
            "year": 2010,
            "quarter": 4,
            "eps": -0.19,
            "eps_growth_year": null,
            "eps_4q": 2.14,
            "eps_4q_growth_year": 358.06,
            "roe": -1.05,
            "roe_4q": 14.6,
            "gross_profit": 189043,
            "gross_margin": 8.48,
            "gross_margin_4q_avg": 14.1,
            "net_income": -51301,
            "net_income_4q": null,
            "revenue": 2228237,
            "revenue_4q": null,
            "common_shares": 2990614,
            "book_valuer_per_share": 16.23,
            "book_valuer_per_share_4q_avg": 17.11,
            "equity": 4777904,
            "current_ratio": 191.49,
            "debt_ratio": 49.6,
            "inventory_turnover_ratio": 1.73,
            "account_receivable_turnover_ratio": 1.56,
            "reinvestment_rate": 192.01,
            "research_to_sale_ratio": 0.88,
            "price_fair": 64.09,
            "eps_avg_yearly": 1.83,
            "eps_latest_yearly": 2.4,
            "eps_growth_yearly": 402.9
        },
        "20111": {
            "year_quarter": 20111,
            "year": 2011,
            "quarter": 1,
            "eps": 0.23,
            "eps_growth_year": -63.49,
            "eps_4q": 1.86,
            "eps_4q_growth_year": 75.34,
            "roe": 1.42,
            "roe_4q": 12.34,
            "gross_profit": 269699,
            "gross_margin": 11.71,
            "gross_margin_4q_avg": 12.52,
            "net_income": 68527,
            "net_income_4q": null,
            "revenue": 2303153,
            "revenue_4q": null,
            "common_shares": 2990614,
            "book_valuer_per_share": 16.67,
            "book_valuer_per_share_4q_avg": 17.06,
            "equity": 4860404,
            "current_ratio": 215.74,
            "debt_ratio": 50.21,
            "inventory_turnover_ratio": 1.55,
            "account_receivable_turnover_ratio": 1.64,
            "reinvestment_rate": 306.82,
            "research_to_sale_ratio": 0.53,
            "price_fair": 69.13,
            "eps_avg_yearly": 1.98,
            "eps_latest_yearly": 2.4,
            "eps_growth_yearly": 397.01
        },
        "20112": {
            "year_quarter": 20112,
            "year": 2011,
            "quarter": 2,
            "eps": 0.3,
            "eps_growth_year": -80.33,
            "eps_4q": 0.92,
            "eps_4q_growth_year": -60.03,
            "roe": 1.94,
            "roe_4q": 6.1,
            "gross_profit": 280607,
            "gross_margin": 10.54,
            "gross_margin_4q_avg": 11.23,
            "net_income": 94649,
            "net_income_4q": null,
            "revenue": 2662014,
            "revenue_4q": null,
            "common_shares": 2990614,
            "book_valuer_per_share": 16.81,
            "book_valuer_per_share_4q_avg": 16.72,
            "equity": 4886688,
            "current_ratio": 121.46,
            "debt_ratio": 53.13,
            "inventory_turnover_ratio": 1.68,
            "account_receivable_turnover_ratio": 1.69,
            "reinvestment_rate": 399.61,
            "research_to_sale_ratio": 0.49,
            "price_fair": 67.9,
            "eps_avg_yearly": 1.94,
            "eps_latest_yearly": 1.2,
            "eps_growth_yearly": 353.41
        },
        "20113": {
            "year_quarter": 20113,
            "year": 2011,
            "quarter": 3,
            "eps": 0.4,
            "eps_growth_year": -33.02,
            "eps_4q": 0.73,
            "eps_4q_growth_year": -60.89,
            "roe": 2.36,
            "roe_4q": 4.67,
            "gross_profit": 323211,
            "gross_margin": 12.32,
            "gross_margin_4q_avg": 10.76,
            "net_income": 120580,
            "net_income_4q": null,
            "revenue": 2622567,
            "revenue_4q": null,
            "common_shares": 2962880,
            "book_valuer_per_share": 17.96,
            "book_valuer_per_share_4q_avg": 16.92,
            "equity": 5350120,
            "current_ratio": 151.47,
            "debt_ratio": 53.78,
            "inventory_turnover_ratio": 1.64,
            "account_receivable_turnover_ratio": 1.51,
            "reinvestment_rate": 404.91,
            "research_to_sale_ratio": 0.41,
            "price_fair": 70.53,
            "eps_avg_yearly": 2.02,
            "eps_latest_yearly": 1.6,
            "eps_growth_yearly": 386.29
        },
        "20114": {
            "year_quarter": 20114,
            "year": 2011,
            "quarter": 4,
            "eps": 0.17,
            "eps_growth_year": null,
            "eps_4q": 1.1,
            "eps_4q_growth_year": -48.89,
            "roe": 1.03,
            "roe_4q": 6.75,
            "gross_profit": 341350,
            "gross_margin": 13.39,
            "gross_margin_4q_avg": 11.99,
            "net_income": 55071,
            "net_income_4q": null,
            "revenue": 2548979,
            "revenue_4q": null,
            "common_shares": 2962880,
            "book_valuer_per_share": 18.09,
            "book_valuer_per_share_4q_avg": 17.38,
            "equity": 5394511,
            "current_ratio": 228.62,
            "debt_ratio": 52.02,
            "inventory_turnover_ratio": 1.61,
            "account_receivable_turnover_ratio": 1.48,
            "reinvestment_rate": 196.16,
            "research_to_sale_ratio": 0.42,
            "price_fair": 72.8,
            "eps_avg_yearly": 2.08,
            "eps_latest_yearly": 0.68,
            "eps_growth_yearly": 399.54
        },
        "20121": {
            "year_quarter": 20121,
            "year": 2012,
            "quarter": 1,
            "eps": 0.37,
            "eps_growth_year": 60.87,
            "eps_4q": 1.2,
            "eps_4q_growth_year": -35.59,
            "roe": 2.05,
            "roe_4q": 7.379999999999999,
            "gross_profit": 349626,
            "gross_margin": 14.52,
            "gross_margin_4q_avg": 12.69,
            "net_income": 112252,
            "net_income_4q": null,
            "revenue": 2407178,
            "revenue_4q": null,
            "common_shares": 3049213,
            "book_valuer_per_share": 18.02,
            "book_valuer_per_share_4q_avg": 17.72,
            "equity": 5533151,
            "current_ratio": 200.06,
            "debt_ratio": 52.64,
            "inventory_turnover_ratio": 1.51,
            "account_receivable_turnover_ratio": 1.43,
            "reinvestment_rate": 189.04,
            "research_to_sale_ratio": 0.52,
            "price_fair": 70.47,
            "eps_avg_yearly": 2.01,
            "eps_latest_yearly": 1.48,
            "eps_growth_yearly": 407.43
        },
        "20122": {
            "year_quarter": 20122,
            "year": 2012,
            "quarter": 2,
            "eps": 0.26,
            "eps_growth_year": -11.52,
            "eps_4q": 1.15,
            "eps_4q_growth_year": 25.35,
            "roe": 1.64,
            "roe_4q": 7.08,
            "gross_profit": 338373,
            "gross_margin": 12.92,
            "gross_margin_4q_avg": 13.29,
            "net_income": 88935,
            "net_income_4q": null,
            "revenue": 2619879,
            "revenue_4q": null,
            "common_shares": 3053813,
            "book_valuer_per_share": 17.31,
            "book_valuer_per_share_4q_avg": 17.85,
            "equity": 5340454,
            "current_ratio": 144.58,
            "debt_ratio": 54.1,
            "inventory_turnover_ratio": 1.76,
            "account_receivable_turnover_ratio": 1.47,
            "reinvestment_rate": 193.67,
            "research_to_sale_ratio": 0.4,
            "price_fair": 67.06,
            "eps_avg_yearly": 1.92,
            "eps_latest_yearly": 1.04,
            "eps_growth_yearly": 354.8
        },
        "20123": {
            "year_quarter": 20123,
            "year": 2012,
            "quarter": 3,
            "eps": 0.2,
            "eps_growth_year": -49.07,
            "eps_4q": 0.95,
            "eps_4q_growth_year": 29.49,
            "roe": 1.32,
            "roe_4q": 6.04,
            "gross_profit": 324403,
            "gross_margin": 13.12,
            "gross_margin_4q_avg": 13.49,
            "net_income": 71321,
            "net_income_4q": null,
            "revenue": 2473107,
            "revenue_4q": null,
            "common_shares": 3228079,
            "book_valuer_per_share": 16.75,
            "book_valuer_per_share_4q_avg": 17.54,
            "equity": 5471185,
            "current_ratio": 134.38,
            "debt_ratio": 53.4,
            "inventory_turnover_ratio": 1.74,
            "account_receivable_turnover_ratio": 1.35,
            "reinvestment_rate": 226.81,
            "research_to_sale_ratio": 0.4,
            "price_fair": 67.34,
            "eps_avg_yearly": 1.92,
            "eps_latest_yearly": 0.8,
            "eps_growth_yearly": 363.07
        },
        "20124": {
            "year_quarter": 20124,
            "year": 2012,
            "quarter": 4,
            "eps": 0.13,
            "eps_growth_year": -23.41,
            "eps_4q": 0.92,
            "eps_4q_growth_year": -15.7,
            "roe": 0.86,
            "roe_4q": 5.87,
            "gross_profit": 274311,
            "gross_margin": 10.61,
            "gross_margin_4q_avg": 12.79,
            "net_income": 47149,
            "net_income_4q": null,
            "revenue": 2585107,
            "revenue_4q": null,
            "common_shares": 3233370,
            "book_valuer_per_share": 16.87,
            "book_valuer_per_share_4q_avg": 17.24,
            "equity": 5523424,
            "current_ratio": 206.81,
            "debt_ratio": 52.8,
            "inventory_turnover_ratio": 1.93,
            "account_receivable_turnover_ratio": 1.44,
            "reinvestment_rate": 223.11,
            "research_to_sale_ratio": 0.27,
            "price_fair": 62.87,
            "eps_avg_yearly": 1.8,
            "eps_latest_yearly": 0.52,
            "eps_growth_yearly": 317.33
        },
        "20131": {
            "year_quarter": 20131,
            "year": 2013,
            "quarter": 1,
            "eps": 0.33,
            "eps_growth_year": -10.81,
            "eps_4q": 0.92,
            "eps_4q_growth_year": -23.02,
            "roe": 1.94,
            "roe_4q": 5.76,
            "gross_profit": 329111,
            "gross_margin": 13.65,
            "gross_margin_4q_avg": 12.58,
            "net_income": 107999,
            "net_income_4q": null,
            "revenue": 2410298,
            "revenue_4q": null,
            "common_shares": 3204347,
            "book_valuer_per_share": 17.33,
            "book_valuer_per_share_4q_avg": 17.07,
            "equity": 5631708,
            "current_ratio": 205.2,
            "debt_ratio": 52.47,
            "inventory_turnover_ratio": 1.71,
            "account_receivable_turnover_ratio": 1.37,
            "reinvestment_rate": 165.34,
            "research_to_sale_ratio": 0.26,
            "price_fair": 61.48,
            "eps_avg_yearly": 1.76,
            "eps_latest_yearly": 1.32,
            "eps_growth_yearly": 342.17
        },
        "20132": {
            "year_quarter": 20132,
            "year": 2013,
            "quarter": 2,
            "eps": 0.51,
            "eps_growth_year": 94.74,
            "eps_4q": 1.12,
            "eps_4q_growth_year": -2.15,
            "roe": 2.99,
            "roe_4q": 7.11,
            "gross_profit": 411690,
            "gross_margin": 14.96,
            "gross_margin_4q_avg": 13.09,
            "net_income": 170564,
            "net_income_4q": null,
            "revenue": 2751043,
            "revenue_4q": null,
            "common_shares": 3308975,
            "book_valuer_per_share": 16.77,
            "book_valuer_per_share_4q_avg": 16.93,
            "equity": 5775158,
            "current_ratio": 193.92,
            "debt_ratio": 51.19,
            "inventory_turnover_ratio": 1.88,
            "account_receivable_turnover_ratio": 1.47,
            "reinvestment_rate": 164.47,
            "research_to_sale_ratio": 0.17,
            "price_fair": 64.17,
            "eps_avg_yearly": 1.83,
            "eps_latest_yearly": 2.04,
            "eps_growth_yearly": 160.35
        },
        "20133": {
            "year_quarter": 20133,
            "year": 2013,
            "quarter": 3,
            "eps": 0.31,
            "eps_growth_year": 51.61,
            "eps_4q": 1.19,
            "eps_4q_growth_year": 25.39,
            "roe": 1.91,
            "roe_4q": 7.7,
            "gross_profit": 373261,
            "gross_margin": 13.83,
            "gross_margin_4q_avg": 13.26,
            "net_income": 112965,
            "net_income_4q": null,
            "revenue": 2698097,
            "revenue_4q": null,
            "common_shares": 3442655,
            "book_valuer_per_share": 16.74,
            "book_valuer_per_share_4q_avg": 16.93,
            "equity": 6033611,
            "current_ratio": 171.39,
            "debt_ratio": 49.53,
            "inventory_turnover_ratio": 1.85,
            "account_receivable_turnover_ratio": 1.35,
            "reinvestment_rate": 185.59,
            "research_to_sale_ratio": 0.25,
            "price_fair": 59.38,
            "eps_avg_yearly": 1.7,
            "eps_latest_yearly": 1.24,
            "eps_growth_yearly": 94.9
        },
        "20134": {
            "year_quarter": 20134,
            "year": 2013,
            "quarter": 4,
            "eps": 0.23,
            "eps_growth_year": 71.21,
            "eps_4q": 1.21,
            "eps_4q_growth_year": 30.61,
            "roe": 1.45,
            "roe_4q": 8.29,
            "gross_profit": 343614,
            "gross_margin": 12.67,
            "gross_margin_4q_avg": 13.78,
            "net_income": 91935,
            "net_income_4q": null,
            "revenue": 2712254,
            "revenue_4q": null,
            "common_shares": 3554217,
            "book_valuer_per_share": 17.17,
            "book_valuer_per_share_4q_avg": 17,
            "equity": 6638176,
            "current_ratio": 212.94,
            "debt_ratio": 47.9,
            "inventory_turnover_ratio": 1.75,
            "account_receivable_turnover_ratio": 1.32,
            "reinvestment_rate": 138.95,
            "research_to_sale_ratio": 0.6,
            "price_fair": 57.29,
            "eps_avg_yearly": 1.64,
            "eps_latest_yearly": 0.92,
            "eps_growth_yearly": 79.66
        },
        "20141": {
            "year_quarter": 20141,
            "year": 2014,
            "quarter": 1,
            "eps": 0.3,
            "eps_growth_year": -9.09,
            "eps_4q": 1.16,
            "eps_4q_growth_year": 26.18,
            "roe": 1.79,
            "roe_4q": 8.14,
            "gross_profit": 334882,
            "gross_margin": 12.38,
            "gross_margin_4q_avg": 13.46,
            "net_income": 124472,
            "net_income_4q": null,
            "revenue": 2703935,
            "revenue_4q": null,
            "common_shares": 4008148,
            "book_valuer_per_share": 17.38,
            "book_valuer_per_share_4q_avg": 17.02,
            "equity": 7275562,
            "current_ratio": 219.96,
            "debt_ratio": 42.77,
            "inventory_turnover_ratio": 1.72,
            "account_receivable_turnover_ratio": 1.26,
            "reinvestment_rate": 148.46,
            "research_to_sale_ratio": 0.35,
            "price_fair": 56.2,
            "eps_avg_yearly": 1.61,
            "eps_latest_yearly": 1.2,
            "eps_growth_yearly": 82.67
        },
        "20142": {
            "year_quarter": 20142,
            "year": 2014,
            "quarter": 2,
            "eps": 0.42,
            "eps_growth_year": -17.65,
            "eps_4q": 1.16,
            "eps_4q_growth_year": 3.66,
            "roe": 2.5,
            "roe_4q": 7.65,
            "gross_profit": 366496,
            "gross_margin": 12.75,
            "gross_margin_4q_avg": 12.91,
            "net_income": 177555,
            "net_income_4q": null,
            "revenue": 2875255,
            "revenue_4q": null,
            "common_shares": 4071272,
            "book_valuer_per_share": 16.17,
            "book_valuer_per_share_4q_avg": 16.87,
            "equity": 6910114,
            "current_ratio": 194.89,
            "debt_ratio": 43.36,
            "inventory_turnover_ratio": 1.85,
            "account_receivable_turnover_ratio": 1.29,
            "reinvestment_rate": 162.25,
            "research_to_sale_ratio": 0.36,
            "price_fair": 45.3,
            "eps_avg_yearly": 1.29,
            "eps_latest_yearly": 1.68,
            "eps_growth_yearly": 54.19
        },
        "20143": {
            "year_quarter": 20143,
            "year": 2014,
            "quarter": 3,
            "eps": 0.86,
            "eps_growth_year": 177.42,
            "eps_4q": 1.81,
            "eps_4q_growth_year": 51.46,
            "roe": 5.03,
            "roe_4q": 10.77,
            "gross_profit": 331792,
            "gross_margin": 12.31,
            "gross_margin_4q_avg": 12.53,
            "net_income": 354327,
            "net_income_4q": null,
            "revenue": 2695531,
            "revenue_4q": null,
            "common_shares": 4128166,
            "book_valuer_per_share": 17.16,
            "book_valuer_per_share_4q_avg": 16.97,
            "equity": 7169548,
            "current_ratio": 270.72,
            "debt_ratio": 41.13,
            "inventory_turnover_ratio": 1.72,
            "account_receivable_turnover_ratio": 1.23,
            "reinvestment_rate": 152.26,
            "research_to_sale_ratio": 0.38,
            "price_fair": 47.9,
            "eps_avg_yearly": 1.37,
            "eps_latest_yearly": 3.44,
            "eps_growth_yearly": 101.34
        },
        "20144": {
            "year_quarter": 20144,
            "year": 2014,
            "quarter": 4,
            "eps": 0.18,
            "eps_growth_year": -21,
            "eps_4q": 1.77,
            "eps_4q_growth_year": 46.79,
            "roe": 1.06,
            "roe_4q": 10.379999999999999,
            "gross_profit": 324260,
            "gross_margin": 12.03,
            "gross_margin_4q_avg": 12.37,
            "net_income": 77480,
            "net_income_4q": null,
            "revenue": 2695961,
            "revenue_4q": null,
            "common_shares": 3983122,
            "book_valuer_per_share": 17.76,
            "book_valuer_per_share_4q_avg": 17.12,
            "equity": 7430574,
            "current_ratio": 249.18,
            "debt_ratio": 39,
            "inventory_turnover_ratio": 1.74,
            "account_receivable_turnover_ratio": 1.25,
            "reinvestment_rate": 67.82,
            "research_to_sale_ratio": 0.5,
            "price_fair": 46.39,
            "eps_avg_yearly": 1.33,
            "eps_latest_yearly": 0.72,
            "eps_growth_yearly": 73.49
        },
        "20151": {
            "year_quarter": 20151,
            "year": 2015,
            "quarter": 1,
            "eps": 0.17,
            "eps_growth_year": -43.33,
            "eps_4q": 1.64,
            "eps_4q_growth_year": 40.55,
            "roe": 1,
            "roe_4q": 9.59,
            "gross_profit": 366851,
            "gross_margin": 14.89,
            "gross_margin_4q_avg": 13,
            "net_income": 74537,
            "net_income_4q": null,
            "revenue": 2463622,
            "revenue_4q": null,
            "common_shares": 4008767,
            "book_valuer_per_share": 17.77,
            "book_valuer_per_share_4q_avg": 17.22,
            "equity": 7466068,
            "current_ratio": 236.4,
            "debt_ratio": 40.89,
            "inventory_turnover_ratio": 1.65,
            "account_receivable_turnover_ratio": 1.17,
            "reinvestment_rate": 99.42,
            "research_to_sale_ratio": 0.42,
            "price_fair": 44.98,
            "eps_avg_yearly": 1.29,
            "eps_latest_yearly": 0.68,
            "eps_growth_yearly": 67.51
        },
        "20152": {
            "year_quarter": 20152,
            "year": 2015,
            "quarter": 2,
            "eps": 0.08,
            "eps_growth_year": -80.95,
            "eps_4q": 1.28,
            "eps_4q_growth_year": 10.12,
            "roe": 0.58,
            "roe_4q": 7.67,
            "gross_profit": 327394,
            "gross_margin": 12.2,
            "gross_margin_4q_avg": 12.86,
            "net_income": 41604,
            "net_income_4q": null,
            "revenue": 2683550,
            "revenue_4q": null,
            "common_shares": 4056658,
            "book_valuer_per_share": 16.14,
            "book_valuer_per_share_4q_avg": 17.21,
            "equity": 6898082,
            "current_ratio": 182.97,
            "debt_ratio": 46.96,
            "inventory_turnover_ratio": 1.93,
            "account_receivable_turnover_ratio": 1.37,
            "reinvestment_rate": 43.46,
            "research_to_sale_ratio": 0.4,
            "price_fair": 43.05,
            "eps_avg_yearly": 1.23,
            "eps_latest_yearly": 0.32,
            "eps_growth_yearly": 46.67
        },
        "20153": {
            "year_quarter": 20153,
            "year": 2015,
            "quarter": 3,
            "eps": 0.31,
            "eps_growth_year": -63.95,
            "eps_4q": 0.71,
            "eps_4q_growth_year": -60.74,
            "roe": 1.66,
            "roe_4q": 4.3,
            "gross_profit": 363639,
            "gross_margin": 12,
            "gross_margin_4q_avg": 12.78,
            "net_income": 123232,
            "net_income_4q": null,
            "revenue": 3030835,
            "revenue_4q": null,
            "common_shares": 4248937,
            "book_valuer_per_share": 16.92,
            "book_valuer_per_share_4q_avg": 17.15,
            "equity": 7909341,
            "current_ratio": 163.91,
            "debt_ratio": 48.38,
            "inventory_turnover_ratio": 1.89,
            "account_receivable_turnover_ratio": 1.58,
            "reinvestment_rate": 137.95,
            "research_to_sale_ratio": 0.34,
            "price_fair": 42.26,
            "eps_avg_yearly": 1.21,
            "eps_latest_yearly": 1.24,
            "eps_growth_yearly": 110.21
        },
        "20154": {
            "year_quarter": 20154,
            "year": 2015,
            "quarter": 4,
            "eps": -0.06,
            "eps_growth_year": -135.44,
            "eps_4q": 0.49,
            "eps_4q_growth_year": -72.57,
            "roe": -0.62,
            "roe_4q": 2.62,
            "gross_profit": 402348,
            "gross_margin": 13.3,
            "gross_margin_4q_avg": 13.1,
            "net_income": -48112,
            "net_income_4q": null,
            "revenue": 3024896,
            "revenue_4q": null,
            "common_shares": 4148937,
            "book_valuer_per_share": 16.46,
            "book_valuer_per_share_4q_avg": 16.82,
            "equity": 7554490,
            "current_ratio": 169.41,
            "debt_ratio": 48.93,
            "inventory_turnover_ratio": 1.74,
            "account_receivable_turnover_ratio": 1.56,
            "reinvestment_rate": 189.91,
            "research_to_sale_ratio": 0.54,
            "price_fair": 43.49,
            "eps_avg_yearly": 1.24,
            "eps_latest_yearly": 1.24,
            "eps_growth_yearly": 132.89
        },
        "20161": {
            "year_quarter": 20161,
            "year": 2016,
            "quarter": 1,
            "eps": 0.18,
            "eps_growth_year": 5.88,
            "eps_4q": 0.51,
            "eps_4q_growth_year": -69.06,
            "roe": 0.88,
            "roe_4q": 2.5,
            "gross_profit": 351768,
            "gross_margin": 13.12,
            "gross_margin_4q_avg": 12.66,
            "net_income": 66583,
            "net_income_4q": null,
            "revenue": 2681947,
            "revenue_4q": null,
            "common_shares": 4149211,
            "book_valuer_per_share": 16.56,
            "book_valuer_per_share_4q_avg": 16.52,
            "equity": 7526191,
            "current_ratio": 157.39,
            "debt_ratio": 50.49,
            "inventory_turnover_ratio": 1.64,
            "account_receivable_turnover_ratio": 1.43,
            "reinvestment_rate": 185.57,
            "research_to_sale_ratio": 0.38,
            "price_fair": 42.9,
            "eps_avg_yearly": 1.23,
            "eps_latest_yearly": 1.24,
            "eps_growth_yearly": 108.77
        },
        "20162": {
            "year_quarter": 20162,
            "year": 2016,
            "quarter": 2,
            "eps": 0.04,
            "eps_growth_year": -50,
            "eps_4q": 0.47,
            "eps_4q_growth_year": -63.02,
            "roe": 0.26,
            "roe_4q": 2.18,
            "gross_profit": 344087,
            "gross_margin": 11.96,
            "gross_margin_4q_avg": 12.6,
            "net_income": 19400,
            "net_income_4q": null,
            "revenue": 2878118,
            "revenue_4q": null,
            "common_shares": 4150122,
            "book_valuer_per_share": 15.86,
            "book_valuer_per_share_4q_avg": 16.45,
            "equity": 7135714,
            "current_ratio": 164.33,
            "debt_ratio": 52.77,
            "inventory_turnover_ratio": 1.73,
            "account_receivable_turnover_ratio": 1.52,
            "reinvestment_rate": 173.02,
            "research_to_sale_ratio": 0.37,
            "price_fair": 40.7,
            "eps_avg_yearly": 1.16,
            "eps_latest_yearly": 0.16,
            "eps_growth_yearly": 95.04
        },
        "20163": {
            "year_quarter": 20163,
            "year": 2016,
            "quarter": 3,
            "eps": -0.3,
            "eps_growth_year": -196.77,
            "eps_4q": -0.15,
            "eps_4q_growth_year": -120.54,
            "roe": -2.6,
            "roe_4q": -2.08,
            "gross_profit": 313387,
            "gross_margin": 11.41,
            "gross_margin_4q_avg": 12.45,
            "net_income": -180130,
            "net_income_4q": null,
            "revenue": 2746283,
            "revenue_4q": null,
            "common_shares": 4151076,
            "book_valuer_per_share": 15.09,
            "book_valuer_per_share_4q_avg": 15.99,
            "equity": 6743326,
            "current_ratio": 165.23,
            "debt_ratio": 54.54,
            "inventory_turnover_ratio": 1.66,
            "account_receivable_turnover_ratio": 1.46,
            "reinvestment_rate": 137.33,
            "research_to_sale_ratio": 0.52,
            "price_fair": 41.68,
            "eps_avg_yearly": 1.19,
            "eps_latest_yearly": 0.16,
            "eps_growth_yearly": 109.45
        },
        "20164": {
            "year_quarter": 20164,
            "year": 2016,
            "quarter": 4,
            "eps": -0.21,
            "eps_growth_year": null,
            "eps_4q": -0.29,
            "eps_4q_growth_year": -159.15,
            "roe": -1.17,
            "roe_4q": -2.63,
            "gross_profit": 312848,
            "gross_margin": 10.96,
            "gross_margin_4q_avg": 11.86,
            "net_income": -77052,
            "net_income_4q": null,
            "revenue": 2853398,
            "revenue_4q": null,
            "common_shares": 4151146,
            "book_valuer_per_share": 14.6,
            "book_valuer_per_share_4q_avg": 15.53,
            "equity": 6482591,
            "current_ratio": 132.38,
            "debt_ratio": 55.79,
            "inventory_turnover_ratio": 1.77,
            "account_receivable_turnover_ratio": 1.56,
            "reinvestment_rate": 108.18,
            "research_to_sale_ratio": 0.59,
            "price_fair": 43.63,
            "eps_avg_yearly": 1.25,
            "eps_latest_yearly": 0.16,
            "eps_growth_yearly": 130.24
        },
        "20171": {
            "year_quarter": 20171,
            "year": 2017,
            "quarter": 1,
            "eps": -0.04,
            "eps_growth_year": -122.22,
            "eps_4q": -0.52,
            "eps_4q_growth_year": -202.31,
            "roe": -0.01,
            "roe_4q": -3.5200000000000005,
            "gross_profit": 336968,
            "gross_margin": 13.17,
            "gross_margin_4q_avg": 11.88,
            "net_income": -555,
            "net_income_4q": null,
            "revenue": 2558205,
            "revenue_4q": null,
            "common_shares": 4088516,
            "book_valuer_per_share": 14.04,
            "book_valuer_per_share_4q_avg": 14.9,
            "equity": 6193530,
            "current_ratio": 131.48,
            "debt_ratio": 57.31,
            "inventory_turnover_ratio": 1.5,
            "account_receivable_turnover_ratio": 1.45,
            "reinvestment_rate": 154.71,
            "research_to_sale_ratio": 0.47,
            "price_fair": 43.4,
            "eps_avg_yearly": 1.24,
            "eps_latest_yearly": 0.16,
            "eps_growth_yearly": 86.14
        },
        "20172": {
            "year_quarter": 20172,
            "year": 2017,
            "quarter": 2,
            "eps": 0.1,
            "eps_growth_year": 150,
            "eps_4q": -0.46,
            "eps_4q_growth_year": -197.04,
            "roe": 0.71,
            "roe_4q": -3.0700000000000003,
            "gross_profit": 328811,
            "gross_margin": 11.99,
            "gross_margin_4q_avg": 11.88,
            "net_income": 43954,
            "net_income_4q": null,
            "revenue": 2741314,
            "revenue_4q": null,
            "common_shares": 4088516,
            "book_valuer_per_share": 14.07,
            "book_valuer_per_share_4q_avg": 14.45,
            "equity": 6221432,
            "current_ratio": 110.03,
            "debt_ratio": 56.75,
            "inventory_turnover_ratio": 1.59,
            "account_receivable_turnover_ratio": 1.56,
            "reinvestment_rate": 166.67,
            "research_to_sale_ratio": 0.44,
            "price_fair": 40.6,
            "eps_avg_yearly": 1.16,
            "eps_latest_yearly": 0.16,
            "eps_growth_yearly": 72.93
        }
    },
    "months": {
        "2001-06": {
            "month": "2001-06",
            "price": "13.48",
            "revenue": 277263
        },
        "2001-07": {
            "month": "2001-07",
            "price": "10.82",
            "revenue": 297683
        },
        "2001-08": {
            "month": "2001-08",
            "price": "9.88",
            "revenue": 298260
        },
        "2001-09": {
            "month": "2001-09",
            "price": "7.32",
            "revenue": 243701
        },
        "2001-10": {
            "month": "2001-10",
            "price": "7.09",
            "revenue": 282973
        },
        "2001-11": {
            "month": "2001-11",
            "price": "6.84",
            "revenue": 275485
        },
        "2001-12": {
            "month": "2001-12",
            "price": "7.06",
            "revenue": 339025
        },
        "2002-01": {
            "month": "2002-01",
            "price": "7.57",
            "revenue": 250046
        },
        "2002-02": {
            "month": "2002-02",
            "price": "7.43",
            "revenue": 178634
        },
        "2002-03": {
            "month": "2002-03",
            "price": "7.98",
            "revenue": 327593
        },
        "2002-04": {
            "month": "2002-04",
            "price": "9.22",
            "revenue": 299648
        },
        "2002-05": {
            "month": "2002-05",
            "price": "7.79",
            "revenue": 318797
        },
        "2002-06": {
            "month": "2002-06",
            "price": "7.70",
            "revenue": 295049
        },
        "2002-07": {
            "month": "2002-07",
            "price": "7.24",
            "revenue": 274960
        },
        "2002-08": {
            "month": "2002-08",
            "price": "6.58",
            "revenue": 287519
        },
        "2002-09": {
            "month": "2002-09",
            "price": "6.40",
            "revenue": 269581
        },
        "2002-10": {
            "month": "2002-10",
            "price": "6.80",
            "revenue": 278137
        },
        "2002-11": {
            "month": "2002-11",
            "price": "6.93",
            "revenue": 290381
        },
        "2002-12": {
            "month": "2002-12",
            "price": "7.07",
            "revenue": 325446
        },
        "2003-01": {
            "month": "2003-01",
            "price": "7.85",
            "revenue": 299455
        },
        "2003-02": {
            "month": "2003-02",
            "price": "7.07",
            "revenue": 260253
        },
        "2003-03": {
            "month": "2003-03",
            "price": "6.68",
            "revenue": 344756
        },
        "2003-04": {
            "month": "2003-04",
            "price": "6.55",
            "revenue": 385792
        },
        "2003-05": {
            "month": "2003-05",
            "price": "6.18",
            "revenue": 352149
        },
        "2003-06": {
            "month": "2003-06",
            "price": "6.67",
            "revenue": 351391
        },
        "2003-07": {
            "month": "2003-07",
            "price": "6.67",
            "revenue": 281966
        },
        "2003-08": {
            "month": "2003-08",
            "price": "6.52",
            "revenue": 310007
        },
        "2003-09": {
            "month": "2003-09",
            "price": "6.86",
            "revenue": 310331
        },
        "2003-10": {
            "month": "2003-10",
            "price": "7.08",
            "revenue": 343874
        },
        "2003-11": {
            "month": "2003-11",
            "price": "7.10",
            "revenue": 329716
        },
        "2003-12": {
            "month": "2003-12",
            "price": "7.04",
            "revenue": 401203
        },
        "2004-01": {
            "month": "2004-01",
            "price": "7.70",
            "revenue": 244328
        },
        "2004-02": {
            "month": "2004-02",
            "price": "9.45",
            "revenue": 334230
        },
        "2004-03": {
            "month": "2004-03",
            "price": "9.25",
            "revenue": 360350
        },
        "2004-04": {
            "month": "2004-04",
            "price": "9.25",
            "revenue": 389855
        },
        "2004-05": {
            "month": "2004-05",
            "price": "8.23",
            "revenue": 350422
        },
        "2004-06": {
            "month": "2004-06",
            "price": "7.86",
            "revenue": 395241
        },
        "2004-07": {
            "month": "2004-07",
            "price": "7.80",
            "revenue": 401624
        },
        "2004-08": {
            "month": "2004-08",
            "price": "7.78",
            "revenue": 362921
        },
        "2004-09": {
            "month": "2004-09",
            "price": "8.54",
            "revenue": 377208
        },
        "2004-10": {
            "month": "2004-10",
            "price": "8.96",
            "revenue": 344508
        },
        "2004-11": {
            "month": "2004-11",
            "price": "8.76",
            "revenue": 368720
        },
        "2004-12": {
            "month": "2004-12",
            "price": "8.87",
            "revenue": 396023
        },
        "2005-01": {
            "month": "2005-01",
            "price": "9.01",
            "revenue": 401289
        },
        "2005-02": {
            "month": "2005-02",
            "price": "8.93",
            "revenue": 293141
        },
        "2005-03": {
            "month": "2005-03",
            "price": "8.67",
            "revenue": 479154
        },
        "2005-04": {
            "month": "2005-04",
            "price": "8.77",
            "revenue": 449887
        },
        "2005-05": {
            "month": "2005-05",
            "price": "8.84",
            "revenue": 419357
        },
        "2005-06": {
            "month": "2005-06",
            "price": "8.99",
            "revenue": 433924
        },
        "2005-07": {
            "month": "2005-07",
            "price": "8.86",
            "revenue": 383012
        },
        "2005-08": {
            "month": "2005-08",
            "price": "8.47",
            "revenue": 406731
        },
        "2005-09": {
            "month": "2005-09",
            "price": "8.30",
            "revenue": 449888
        },
        "2005-10": {
            "month": "2005-10",
            "price": "8.12",
            "revenue": 409951
        },
        "2005-11": {
            "month": "2005-11",
            "price": "8.34",
            "revenue": 441817
        },
        "2005-12": {
            "month": "2005-12",
            "price": "8.99",
            "revenue": 458714
        },
        "2006-01": {
            "month": "2006-01",
            "price": "9.26",
            "revenue": 303983
        },
        "2006-02": {
            "month": "2006-02",
            "price": "9.28",
            "revenue": 276841
        },
        "2006-03": {
            "month": "2006-03",
            "price": "9.64",
            "revenue": 380864
        },
        "2006-04": {
            "month": "2006-04",
            "price": "9.78",
            "revenue": 359067
        },
        "2006-05": {
            "month": "2006-05",
            "price": "10.84",
            "revenue": 329399
        },
        "2006-06": {
            "month": "2006-06",
            "price": "9.96",
            "revenue": 400591
        },
        "2006-07": {
            "month": "2006-07",
            "price": "8.92",
            "revenue": 337597
        },
        "2006-08": {
            "month": "2006-08",
            "price": "9.29",
            "revenue": 348876
        },
        "2006-09": {
            "month": "2006-09",
            "price": "10.12",
            "revenue": 332906
        },
        "2006-10": {
            "month": "2006-10",
            "price": "10.72",
            "revenue": 309878
        },
        "2006-11": {
            "month": "2006-11",
            "price": "11.45",
            "revenue": 341955
        },
        "2006-12": {
            "month": "2006-12",
            "price": "12.11",
            "revenue": 354607
        },
        "2007-01": {
            "month": "2007-01",
            "price": "14.02",
            "revenue": 317990
        },
        "2007-02": {
            "month": "2007-02",
            "price": "14.48",
            "revenue": 277449
        },
        "2007-03": {
            "month": "2007-03",
            "price": "16.05",
            "revenue": 364109
        },
        "2007-04": {
            "month": "2007-04",
            "price": "16.24",
            "revenue": 365711
        },
        "2007-05": {
            "month": "2007-05",
            "price": "16.23",
            "revenue": 349543
        },
        "2007-06": {
            "month": "2007-06",
            "price": "17.04",
            "revenue": 351126
        },
        "2007-07": {
            "month": "2007-07",
            "price": "17.09",
            "revenue": 341717
        },
        "2007-08": {
            "month": "2007-08",
            "price": "15.42",
            "revenue": 348235
        },
        "2007-09": {
            "month": "2007-09",
            "price": "16.34",
            "revenue": 337926
        },
        "2007-10": {
            "month": "2007-10",
            "price": "18.67",
            "revenue": 316923
        },
        "2007-11": {
            "month": "2007-11",
            "price": "18.70",
            "revenue": 366093
        },
        "2007-12": {
            "month": "2007-12",
            "price": "17.95",
            "revenue": 358835
        },
        "2008-01": {
            "month": "2008-01",
            "price": "16.87",
            "revenue": 341519
        },
        "2008-02": {
            "month": "2008-02",
            "price": "15.82",
            "revenue": 252313
        },
        "2008-03": {
            "month": "2008-03",
            "price": "16.50",
            "revenue": 365248
        },
        "2008-04": {
            "month": "2008-04",
            "price": "17.23",
            "revenue": 341644
        },
        "2008-05": {
            "month": "2008-05",
            "price": "17.50",
            "revenue": 374618
        },
        "2008-06": {
            "month": "2008-06",
            "price": "16.94",
            "revenue": 395843
        },
        "2008-07": {
            "month": "2008-07",
            "price": "16.03",
            "revenue": 406049
        },
        "2008-08": {
            "month": "2008-08",
            "price": "15.59",
            "revenue": 371190
        },
        "2008-09": {
            "month": "2008-09",
            "price": "14.15",
            "revenue": 332725
        },
        "2008-10": {
            "month": "2008-10",
            "price": "12.22",
            "revenue": 344225
        },
        "2008-11": {
            "month": "2008-11",
            "price": "11.29",
            "revenue": 228420
        },
        "2008-12": {
            "month": "2008-12",
            "price": "11.54",
            "revenue": 237718
        },
        "2009-01": {
            "month": "2009-01",
            "price": "11.49",
            "revenue": 150817
        },
        "2009-02": {
            "month": "2009-02",
            "price": "11.13",
            "revenue": 191854
        },
        "2009-03": {
            "month": "2009-03",
            "price": "7.29",
            "revenue": 214768
        },
        "2009-04": {
            "month": "2009-04",
            "price": "9.76",
            "revenue": 274472
        },
        "2009-05": {
            "month": "2009-05",
            "price": "10.26",
            "revenue": 253272
        },
        "2009-06": {
            "month": "2009-06",
            "price": "9.95",
            "revenue": 302595
        },
        "2009-07": {
            "month": "2009-07",
            "price": "9.41",
            "revenue": 317694
        },
        "2009-08": {
            "month": "2009-08",
            "price": "10.06",
            "revenue": 308586
        },
        "2009-09": {
            "month": "2009-09",
            "price": "10.55",
            "revenue": 318775
        },
        "2009-10": {
            "month": "2009-10",
            "price": "10.75",
            "revenue": 324211
        },
        "2009-11": {
            "month": "2009-11",
            "price": "10.29",
            "revenue": 309318
        },
        "2009-12": {
            "month": "2009-12",
            "price": "11.41",
            "revenue": 330126
        },
        "2010-01": {
            "month": "2010-01",
            "price": "12.10",
            "revenue": 314928
        },
        "2010-02": {
            "month": "2010-02",
            "price": "12.90",
            "revenue": 232622
        },
        "2010-03": {
            "month": "2010-03",
            "price": "13.92",
            "revenue": 344128
        },
        "2010-04": {
            "month": "2010-04",
            "price": "15.03",
            "revenue": 386014
        },
        "2010-05": {
            "month": "2010-05",
            "price": "15.19",
            "revenue": 354417
        },
        "2010-06": {
            "month": "2010-06",
            "price": "14.29",
            "revenue": 344494
        },
        "2010-07": {
            "month": "2010-07",
            "price": "15.66",
            "revenue": 369769
        },
        "2010-08": {
            "month": "2010-08",
            "price": "19.01",
            "revenue": 356230
        },
        "2010-09": {
            "month": "2010-09",
            "price": "20.56",
            "revenue": 334727
        },
        "2010-10": {
            "month": "2010-10",
            "price": "20.96",
            "revenue": 324921
        },
        "2010-11": {
            "month": "2010-11",
            "price": "21.02",
            "revenue": 325834
        },
        "2010-12": {
            "month": "2010-12",
            "price": "20.77",
            "revenue": 345427
        },
        "2011-01": {
            "month": "2011-01",
            "price": "20.36",
            "revenue": 343340
        },
        "2011-02": {
            "month": "2011-02",
            "price": "19.41",
            "revenue": 258055
        },
        "2011-03": {
            "month": "2011-03",
            "price": "18.72",
            "revenue": 395291
        },
        "2011-04": {
            "month": "2011-04",
            "price": "19.39",
            "revenue": 387827
        },
        "2011-05": {
            "month": "2011-05",
            "price": "18.27",
            "revenue": 387307
        },
        "2011-06": {
            "month": "2011-06",
            "price": "17.19",
            "revenue": 359819
        },
        "2011-07": {
            "month": "2011-07",
            "price": "16.76",
            "revenue": 370506
        },
        "2011-08": {
            "month": "2011-08",
            "price": "15.68",
            "revenue": 470610
        },
        "2011-09": {
            "month": "2011-09",
            "price": "14.80",
            "revenue": 480364
        },
        "2011-10": {
            "month": "2011-10",
            "price": "13.14",
            "revenue": 421707
        },
        "2011-11": {
            "month": "2011-11",
            "price": "13.01",
            "revenue": 418708
        },
        "2011-12": {
            "month": "2011-12",
            "price": "11.77",
            "revenue": 459369
        },
        "2012-01": {
            "month": "2012-01",
            "price": "12.01",
            "revenue": 342634
        },
        "2012-02": {
            "month": "2012-02",
            "price": "13.64",
            "revenue": 410266
        },
        "2012-03": {
            "month": "2012-03",
            "price": "15.02",
            "revenue": 515059
        },
        "2012-04": {
            "month": "2012-04",
            "price": "15.28",
            "revenue": 464700
        },
        "2012-05": {
            "month": "2012-05",
            "price": "14.87",
            "revenue": 474512
        },
        "2012-06": {
            "month": "2012-06",
            "price": "14.77",
            "revenue": 439945
        },
        "2012-07": {
            "month": "2012-07",
            "price": "15.22",
            "revenue": 393119
        },
        "2012-08": {
            "month": "2012-08",
            "price": "15.16",
            "revenue": 464586
        },
        "2012-09": {
            "month": "2012-09",
            "price": "14.18",
            "revenue": 389855
        },
        "2012-10": {
            "month": "2012-10",
            "price": "13.55",
            "revenue": 398613
        },
        "2012-11": {
            "month": "2012-11",
            "price": "13.40",
            "revenue": 393340
        },
        "2012-12": {
            "month": "2012-12",
            "price": "14.01",
            "revenue": 384950
        },
        "2013-01": {
            "month": "2013-01",
            "price": "14.40",
            "revenue": 855920
        },
        "2013-02": {
            "month": "2013-02",
            "price": "14.42",
            "revenue": 652777
        },
        "2013-03": {
            "month": "2013-03",
            "price": "14.52",
            "revenue": 889129
        },
        "2013-04": {
            "month": "2013-04",
            "price": "14.40",
            "revenue": 902459
        },
        "2013-05": {
            "month": "2013-05",
            "price": "15.53",
            "revenue": 956252
        },
        "2013-06": {
            "month": "2013-06",
            "price": "15.19",
            "revenue": 903536
        },
        "2013-07": {
            "month": "2013-07",
            "price": "15.03",
            "revenue": 872916
        },
        "2013-08": {
            "month": "2013-08",
            "price": "15.69",
            "revenue": 901660
        },
        "2013-09": {
            "month": "2013-09",
            "price": "15.72",
            "revenue": 906009
        },
        "2013-10": {
            "month": "2013-10",
            "price": "17.06",
            "revenue": 897964
        },
        "2013-11": {
            "month": "2013-11",
            "price": "16.53",
            "revenue": 925977
        },
        "2013-12": {
            "month": "2013-12",
            "price": "16.85",
            "revenue": 907575
        },
        "2014-01": {
            "month": "2014-01",
            "price": "18.84",
            "revenue": 929703
        },
        "2014-02": {
            "month": "2014-02",
            "price": "22.08",
            "revenue": 802826
        },
        "2014-03": {
            "month": "2014-03",
            "price": "23.02",
            "revenue": 963451
        },
        "2014-04": {
            "month": "2014-04",
            "price": "23.23",
            "revenue": 966344
        },
        "2014-05": {
            "month": "2014-05",
            "price": "21.51",
            "revenue": 981691
        },
        "2014-06": {
            "month": "2014-06",
            "price": "20.64",
            "revenue": 927220
        },
        "2014-07": {
            "month": "2014-07",
            "price": "19.97",
            "revenue": 911347
        },
        "2014-08": {
            "month": "2014-08",
            "price": "18.32",
            "revenue": 911822
        },
        "2014-09": {
            "month": "2014-09",
            "price": "19.47",
            "revenue": 872362
        },
        "2014-10": {
            "month": "2014-10",
            "price": "18.39",
            "revenue": 873217
        },
        "2014-11": {
            "month": "2014-11",
            "price": "17.40",
            "revenue": 885435
        },
        "2014-12": {
            "month": "2014-12",
            "price": "18.36",
            "revenue": 950438
        },
        "2015-01": {
            "month": "2015-01",
            "price": "19.00",
            "revenue": 934803
        },
        "2015-02": {
            "month": "2015-02",
            "price": "18.62",
            "revenue": 662857
        },
        "2015-03": {
            "month": "2015-03",
            "price": "18.58",
            "revenue": 865962
        },
        "2015-04": {
            "month": "2015-04",
            "price": "18.57",
            "revenue": 926211
        },
        "2015-05": {
            "month": "2015-05",
            "price": "18.20",
            "revenue": 907354
        },
        "2015-06": {
            "month": "2015-06",
            "price": "17.09",
            "revenue": 849985
        },
        "2015-07": {
            "month": "2015-07",
            "price": "15.69",
            "revenue": 1009229
        },
        "2015-08": {
            "month": "2015-08",
            "price": "12.17",
            "revenue": 1026959
        },
        "2015-09": {
            "month": "2015-09",
            "price": "12.28",
            "revenue": 1021621
        },
        "2015-10": {
            "month": "2015-10",
            "price": "13.53",
            "revenue": 1029125
        },
        "2015-11": {
            "month": "2015-11",
            "price": "12.56",
            "revenue": 972415
        },
        "2015-12": {
            "month": "2015-12",
            "price": "11.15",
            "revenue": 1023356
        },
        "2016-01": {
            "month": "2016-01",
            "price": "10.64",
            "revenue": 979386
        },
        "2016-02": {
            "month": "2016-02",
            "price": "11.18",
            "revenue": 627860
        },
        "2016-03": {
            "month": "2016-03",
            "price": "12.31",
            "revenue": 1069634
        },
        "2016-04": {
            "month": "2016-04",
            "price": "12.39",
            "revenue": 981319
        },
        "2016-05": {
            "month": "2016-05",
            "price": "12.28",
            "revenue": 954703
        },
        "2016-06": {
            "month": "2016-06",
            "price": "11.88",
            "revenue": 933217
        },
        "2016-07": {
            "month": "2016-07",
            "price": "11.61",
            "revenue": 911016
        },
        "2016-08": {
            "month": "2016-08",
            "price": "11.06",
            "revenue": 957224
        },
        "2016-09": {
            "month": "2016-09",
            "price": "10.82",
            "revenue": 891712
        },
        "2016-10": {
            "month": "2016-10",
            "price": "10.96",
            "revenue": 928112
        },
        "2016-11": {
            "month": "2016-11",
            "price": "10.61",
            "revenue": 940513
        },
        "2016-12": {
            "month": "2016-12",
            "price": "11.04",
            "revenue": 975529
        },
        "2017-01": {
            "month": "2017-01",
            "price": "11.42",
            "revenue": 772370
        },
        "2017-02": {
            "month": "2017-02",
            "price": "11.34",
            "revenue": 784821
        },
        "2017-03": {
            "month": "2017-03",
            "price": "11.24",
            "revenue": 1001014
        },
        "2017-04": {
            "month": "2017-04",
            "price": "10.63",
            "revenue": 844852
        },
        "2017-05": {
            "month": "2017-05",
            "price": "10.20",
            "revenue": 902758
        },
        "2017-06": {
            "month": "2017-06",
            "price": "10.28",
            "revenue": 993704
        },
        "2017-07": {
            "month": "2017-07",
            "price": "10.39",
            "revenue": 922196
        },
        "2017-08": {
            "month": "2017-08",
            "price": "10.27",
            "revenue": 1003376
        },
        "2017-09": {
            "month": "2017-09",
            "price": "10.60",
            "revenue": 1012197
        }
    }
}
