{
    "summary": {
        "stock_name": "長興",
        "stock_id": "1717",
        "category": "化工",
        "main_business": "各種工業用合成樹脂之產銷<br>印刷電路基板、光阻材料之產銷<br>特殊化學品",
        "website_url": "https://www.eternal-group.com/home",
        "ceo": "毛惠寬",
        "pe_ratio": 23,
        "report_year_from": 2001,
        "report_year_to": 2023,
        "age": 23,
        "eps_negative_percentage": 0,
        "eps_growth_avg": {
            "last_all": 6.54,
            "last_2y": -13.79,
            "last_4y": 3.57,
            "last_8y": -3.08,
            "last_12y": -0.59,
            "last_16y": 1.07,
            "last_20y": 4.92,
            "at_2006_last_3y": 21.31,
            "at_2007_last_3y": 25.4,
            "at_2008_last_3y": 0.84,
            "at_2009_last_3y": 21.04,
            "at_2010_last_3y": 6.47,
            "at_2011_last_3y": -5.88,
            "at_2012_last_3y": 6.04,
            "at_2013_last_3y": -5.37,
            "at_2014_last_3y": 5.01,
            "at_2015_last_3y": 24.08,
            "at_2016_last_3y": 20.01,
            "at_2017_last_3y": -1.32,
            "at_2018_last_3y": -11.39,
            "at_2019_last_3y": -3.03,
            "at_2020_last_3y": 1.07,
            "at_2021_last_3y": 18.86,
            "at_2022_last_3y": 18.64,
            "at_2023_last_3y": -9.72,
            "at_2024_last_3y": -9.72,
            "at_2006_last_all": 25.15,
            "at_2007_last_all": 20.35,
            "at_2008_last_all": 10.97,
            "at_2009_last_all": 22.1,
            "at_2010_last_all": 16.84,
            "at_2011_last_all": 9.86,
            "at_2012_last_all": 9.18,
            "at_2013_last_all": 12.94,
            "at_2014_last_all": 13.2,
            "at_2015_last_all": 13.92,
            "at_2016_last_all": 12.07,
            "at_2017_last_all": 9.38,
            "at_2018_last_all": 7.42,
            "at_2019_last_all": 10.15,
            "at_2020_last_all": 9.75,
            "at_2021_last_all": 11.27,
            "at_2022_last_all": 9.55,
            "at_2023_last_all": 6.54,
            "at_2024_last_all": 6.54
        },
        "latest_eps": 1.23,
        "latest_price": 28.6,
        "latest_roe": 5.7,
        "latest_gross_margin": 20.47,
        "latest_equity": 25342294,
        "latest_revenue": 11267525,
        "latest_gross_profit": 2306199,
        "latest_net_income": 594637,
        "latest_debt_ratio": 57.83,
        "latest_current_ratio": 218.58,
        "latest_account_receivable_turnover_ratio": 0.71,
        "latest_inventory_turnover_ratio": 1.02,
        "latest_reinvestment_rate": 8.86,
        "latest_research_to_sale_ratio": 3.41
    },
    "eps_dividends": {
        "1992": {
            "cash": 1,
            "stock": 2,
            "eps": 0
        },
        "1994": {
            "cash": 0,
            "stock": 2.5,
            "eps": 0
        },
        "1995": {
            "cash": 0,
            "stock": 2.5,
            "eps": 0
        },
        "1997": {
            "cash": 0,
            "stock": 3,
            "eps": 0
        },
        "1998": {
            "cash": 0,
            "stock": 3,
            "eps": 0
        },
        "2000": {
            "cash": 2.5,
            "stock": 2,
            "eps": 0
        },
        "2001": {
            "cash": 1.5,
            "stock": 1,
            "eps": 1.21
        },
        "2002": {
            "cash": 0.5,
            "stock": 0.5,
            "eps": 1.7
        },
        "2003": {
            "cash": 1.4,
            "stock": 0,
            "eps": 1.36
        },
        "2004": {
            "cash": 1,
            "stock": 0,
            "eps": 2.08
        },
        "2005": {
            "cash": 0.8,
            "stock": 1,
            "eps": 2.48
        },
        "2006": {
            "cash": 1.2,
            "stock": 1,
            "eps": 3.3
        },
        "2007": {
            "cash": 1.2,
            "stock": 1.2,
            "eps": 3.18
        },
        "2008": {
            "cash": 1.4,
            "stock": 1,
            "eps": 1.74
        },
        "2009": {
            "cash": 1.5,
            "stock": 0.1,
            "eps": 3.53
        },
        "2010": {
            "cash": 2.2,
            "stock": 0.5,
            "eps": 2.64
        },
        "2011": {
            "cash": 2.5,
            "stock": 0.5,
            "eps": 1.24
        },
        "2012": {
            "cash": 0,
            "stock": 0,
            "eps": 1.27
        },
        "2013": {
            "cash": 1.1,
            "stock": 0,
            "eps": 1.96
        },
        "2014": {
            "cash": 1.4,
            "stock": 0.3,
            "eps": 2.28
        },
        "2015": {
            "cash": 1.8,
            "stock": 0,
            "eps": 2.81
        },
        "2016": {
            "cash": 1.5,
            "stock": 0.8,
            "eps": 2.42
        },
        "2017": {
            "cash": 1.5,
            "stock": 0.5,
            "eps": 1.67
        },
        "2018": {
            "cash": 0.5,
            "stock": 0.7,
            "eps": 1.27
        },
        "2019": {
            "cash": 0.9,
            "stock": 0,
            "eps": 1.99
        },
        "2020": {
            "cash": 1.4,
            "stock": 0,
            "eps": 2.04
        },
        "2021": {
            "cash": 1.5,
            "stock": 0,
            "eps": 2.86
        },
        "2022": {
            "cash": 1.5,
            "stock": 0,
            "eps": 2.15
        },
        "2023": {
            "cash": 1.2,
            "stock": 0,
            "eps": 0.93
        }
    },
    "dividends": {
        "1992-04-25": {
            "cash": 1,
            "stock": 2
        },
        "1994-04-25": {
            "cash": 0,
            "stock": 2.5
        },
        "1995-04-28": {
            "cash": 0,
            "stock": 2.5
        },
        "1997-05-15": {
            "cash": 0,
            "stock": 3
        },
        "1998-04-10": {
            "cash": 0,
            "stock": 3
        },
        "2000-05-10": {
            "cash": 2.5,
            "stock": 2
        },
        "2001-05-11": {
            "cash": 1.5,
            "stock": 1
        },
        "2002-04-15": {
            "cash": 0.5,
            "stock": 0.5
        },
        "2003-03-06": {
            "cash": 1.4,
            "stock": 0
        },
        "2004-03-04": {
            "cash": 1,
            "stock": 0
        },
        "2005-03-03": {
            "cash": 0.8,
            "stock": 1
        },
        "2006-03-15": {
            "cash": 1.2,
            "stock": 1
        },
        "2007-04-10": {
            "cash": 1.2,
            "stock": 1.2
        },
        "2008-04-25": {
            "cash": 1.4,
            "stock": 1
        },
        "2009-04-28": {
            "cash": 1.5,
            "stock": 0.1
        },
        "2010-04-27": {
            "cash": 2.2,
            "stock": 0.5
        },
        "2011-01-01": {
            "cash": 1,
            "stock": 0
        },
        "2011-04-22": {
            "cash": 1.5,
            "stock": 0.5
        },
        "2013-03-26": {
            "cash": 1.1,
            "stock": 0
        },
        "2014-09-12": {
            "cash": 1.4,
            "stock": 0.3
        },
        "2015-08-06": {
            "cash": 1.8,
            "stock": 0
        },
        "2016-08-25": {
            "cash": 1.5,
            "stock": 0.8
        },
        "2017-09-08": {
            "cash": 1.5,
            "stock": 0.5
        },
        "2018-08-30": {
            "cash": 0.5,
            "stock": 0.7
        },
        "2019-08-09": {
            "cash": 0.9,
            "stock": 0
        },
        "2020-08-07": {
            "cash": 1.4,
            "stock": 0
        },
        "2021-08-26": {
            "cash": 1.5,
            "stock": 0
        },
        "2022-08-26": {
            "cash": 1.5,
            "stock": 0
        },
        "2023-04-27": {
            "cash": 1.2,
            "stock": 0
        }
    },
    "prices": {
        "200101": "23.36",
        "200102": "25.93",
        "200103": "25.62",
        "200104": "21.87",
        "200105": "17.25",
        "200106": "16.00",
        "200107": "12.69",
        "200108": "13.05",
        "200109": "13.61",
        "200110": "13.01",
        "200111": "13.95",
        "200112": "16.50",
        "200201": "17.59",
        "200202": "20.80",
        "200203": "24.61",
        "200204": "27.50",
        "200205": "26.70",
        "200206": "25.93",
        "200207": "24.59",
        "200208": "25.09",
        "200209": "22.82",
        "200210": "19.68",
        "200211": "22.90",
        "200212": "23.21",
        "200301": "24.97",
        "200302": "22.00",
        "200303": "20.59",
        "200304": "19.92",
        "200305": "17.31",
        "200306": "18.34",
        "200307": "17.93",
        "200308": "17.47",
        "200309": "17.28",
        "200310": "17.46",
        "200311": "20.96",
        "200312": "20.46",
        "200401": "22.40",
        "200402": "22.86",
        "200403": "22.88",
        "200404": "21.70",
        "200405": "17.78",
        "200406": "17.40",
        "200407": "18.54",
        "200408": "19.98",
        "200409": "20.88",
        "200410": "20.80",
        "200411": "20.34",
        "200412": "20.56",
        "200501": "21.47",
        "200502": "21.68",
        "200503": "21.69",
        "200504": "20.52",
        "200505": "20.42",
        "200506": "21.00",
        "200507": "20.14",
        "200508": "19.09",
        "200509": "19.40",
        "200510": "19.79",
        "200511": "20.71",
        "200512": "22.37",
        "200601": "29.80",
        "200602": "35.30",
        "200603": "37.64",
        "200604": "44.26",
        "200605": "51.18",
        "200606": "47.82",
        "200607": "47.53",
        "200608": "46.37",
        "200609": "48.03",
        "200610": "53.10",
        "200611": "51.65",
        "200612": "50.84",
        "200701": "53.33",
        "200702": "55.23",
        "200703": "54.20",
        "200704": "58.06",
        "200705": "53.95",
        "200706": "51.97",
        "200707": "47.57",
        "200708": "40.10",
        "200709": "42.91",
        "200710": "42.53",
        "200711": "36.28",
        "200712": "33.32",
        "200801": "32.89",
        "200802": "33.44",
        "200803": "35.06",
        "200804": "34.08",
        "200805": "33.99",
        "200806": "29.96",
        "200807": "23.94",
        "200808": "24.50",
        "200809": "21.02",
        "200810": "17.53",
        "200811": "16.56",
        "200812": "16.63",
        "200901": "15.26",
        "200902": "14.96",
        "200903": "17.20",
        "200904": "21.77",
        "200905": "25.98",
        "200906": "25.06",
        "200907": "24.93",
        "200908": "26.60",
        "200909": "30.32",
        "200910": "31.67",
        "200911": "31.38",
        "200912": "32.02",
        "201001": "32.77",
        "201002": "30.50",
        "201003": "32.20",
        "201004": "34.12",
        "201005": "30.72",
        "201006": "31.05",
        "201007": "31.87",
        "201008": "31.70",
        "201009": "32.49",
        "201010": "33.50",
        "201011": "33.92",
        "201012": "34.24",
        "201101": "34.48",
        "201102": "32.60",
        "201103": "32.89",
        "201104": "34.66",
        "201105": "33.24",
        "201106": "32.49",
        "201107": "31.55",
        "201108": "26.59",
        "201109": "24.00",
        "201110": "24.04",
        "201111": "22.90",
        "201112": "22.93",
        "201201": "23.77",
        "201202": "25.53",
        "201203": "25.85",
        "201204": "23.62",
        "201205": "22.56",
        "201206": "22.39",
        "201207": "23.02",
        "201208": "24.60",
        "201209": "24.81",
        "201210": "23.71",
        "201211": "24.10",
        "201212": "25.00",
        "201301": "25.42",
        "201302": "25.80",
        "201303": "25.29",
        "201304": "24.70",
        "201305": "25.20",
        "201306": "23.94",
        "201307": "24.81",
        "201308": "24.00",
        "201309": "24.56",
        "201310": "25.69",
        "201311": "26.10",
        "201312": "27.84",
        "201401": "28.31",
        "201402": "30.30",
        "201403": "31.47",
        "201404": "31.58",
        "201405": "31.66",
        "201406": "31.68",
        "201407": "33.61",
        "201408": "32.23",
        "201409": "32.02",
        "201410": "30.10",
        "201411": "29.62",
        "201412": "30.63",
        "201501": "31.17",
        "201502": "31.52",
        "201503": "33.33",
        "201504": "33.72",
        "201505": "33.88",
        "201506": "32.89",
        "201507": "30.91",
        "201508": "30.05",
        "201509": "28.48",
        "201510": "30.23",
        "201511": "30.96",
        "201512": "31.23",
        "201601": "31.29",
        "201602": "32.10",
        "201603": "32.72",
        "201604": "32.82",
        "201605": "32.26",
        "201606": "33.05",
        "201607": "34.62",
        "201608": "34.12",
        "201609": "34.47",
        "201610": "33.56",
        "201611": "32.98",
        "201612": "32.94",
        "201701": "33.39",
        "201702": "34.06",
        "201703": "33.16",
        "201704": "32.41",
        "201705": "32.48",
        "201706": "33.07",
        "201707": "33.90",
        "201708": "31.22",
        "201709": "30.87",
        "201710": "30.62",
        "201711": "30.79",
        "201712": "30.69",
        "201801": "31.17",
        "201802": "30.42",
        "201803": "30.11",
        "201804": "28.82",
        "201805": "27.84",
        "201806": "28.08",
        "201807": "27.28",
        "201808": "27.09",
        "201809": "26.73",
        "201810": "24.89",
        "201811": "23.65",
        "201812": "23.76",
        "201901": "24.38",
        "201902": "25.14",
        "201903": "25.27",
        "201904": "25.09",
        "201905": "25.99",
        "201906": "26.84",
        "201907": "26.54",
        "201908": "25.22",
        "201909": "25.25",
        "201910": "25.55",
        "201911": "26.08",
        "201912": "26.28",
        "202001": "27.21",
        "202002": "26.88",
        "202003": "23.78",
        "202004": "24.96",
        "202005": "30.11",
        "202006": "31.60",
        "202007": "31.74",
        "202008": "34.88",
        "202009": "34.16",
        "202010": "33.23",
        "202011": "34.53",
        "202012": "36.12",
        "202101": "35.48",
        "202102": "34.62",
        "202103": "35.54",
        "202104": "39.30",
        "202105": "39.12",
        "202106": "40.50",
        "202107": "40.85",
        "202108": "36.69",
        "202109": "37.90",
        "202110": "36.50",
        "202111": "37.18",
        "202112": "37.00",
        "202201": "38.60",
        "202202": "37.01",
        "202203": "36.42",
        "202204": "37.59",
        "202205": "35.24",
        "202206": "33.86",
        "202207": "32.79",
        "202208": "32.52",
        "202209": "32.86",
        "202210": "30.30",
        "202211": "31.47",
        "202212": "31.67",
        "202301": "31.93",
        "202302": "32.48",
        "202303": "31.99",
        "202304": "32.57",
        "202305": "32.62",
        "202306": "32.94",
        "202307": "31.49",
        "202308": "29.36",
        "202309": "28.74",
        "202310": "28.30",
        "202311": "29.17",
        "202312": "29.07"
    },
    "quarters": {
        "20011": {
            "year_quarter": 20011,
            "year": 2001,
            "quarter": 1,
            "eps": 0.19,
            "eps_growth_year": -64.15,
            "eps_4q": 1.34,
            "eps_4q_growth_year": -48.06,
            "roe": 1.09,
            "roe_4q": 1.09,
            "gross_profit": 524458,
            "gross_margin": 18.41,
            "gross_margin_4q_avg": 18.41,
            "net_income": 93896,
            "net_income_4q": null,
            "revenue": 2848804,
            "revenue_4q": null,
            "common_shares": 5018766,
            "book_valuer_per_share": 17.19,
            "book_valuer_per_share_4q_avg": 17.19,
            "equity": 8627736,
            "current_ratio": 176.67,
            "debt_ratio": 42.44,
            "inventory_turnover_ratio": 1.13,
            "account_receivable_turnover_ratio": null,
            "reinvestment_rate": null,
            "research_to_sale_ratio": null,
            "price_fair": 0,
            "eps_avg_yearly": 0,
            "eps_latest_yearly": 0,
            "eps_growth_yearly": 0
        },
        "20012": {
            "year_quarter": 20012,
            "year": 2001,
            "quarter": 2,
            "eps": 0.33,
            "eps_growth_year": -50,
            "eps_4q": 0.96,
            "eps_4q_growth_year": -56.03,
            "roe": 2.09,
            "roe_4q": 3.1799999999999997,
            "gross_profit": 499452,
            "gross_margin": 17.47,
            "gross_margin_4q_avg": 17.94,
            "net_income": 180360,
            "net_income_4q": null,
            "revenue": 2859079,
            "revenue_4q": null,
            "common_shares": 5541752,
            "book_valuer_per_share": 15.57,
            "book_valuer_per_share_4q_avg": 16.38,
            "equity": 8626123,
            "current_ratio": 190.5,
            "debt_ratio": 43.33,
            "inventory_turnover_ratio": 1.32,
            "account_receivable_turnover_ratio": null,
            "reinvestment_rate": null,
            "research_to_sale_ratio": null,
            "price_fair": 0,
            "eps_avg_yearly": 0,
            "eps_latest_yearly": 0,
            "eps_growth_yearly": 0
        },
        "20013": {
            "year_quarter": 20013,
            "year": 2001,
            "quarter": 3,
            "eps": 0.29,
            "eps_growth_year": 163.64,
            "eps_4q": 1.13,
            "eps_4q_growth_year": -37.88,
            "roe": 1.86,
            "roe_4q": 5.04,
            "gross_profit": 606445,
            "gross_margin": 19.21,
            "gross_margin_4q_avg": 18.36,
            "net_income": 161700,
            "net_income_4q": null,
            "revenue": 3156485,
            "revenue_4q": null,
            "common_shares": 5541752,
            "book_valuer_per_share": 15.86,
            "book_valuer_per_share_4q_avg": 16.21,
            "equity": 8790009,
            "current_ratio": 192.86,
            "debt_ratio": 43.21,
            "inventory_turnover_ratio": 1.58,
            "account_receivable_turnover_ratio": null,
            "reinvestment_rate": null,
            "research_to_sale_ratio": null,
            "price_fair": 0,
            "eps_avg_yearly": 0,
            "eps_latest_yearly": 0,
            "eps_growth_yearly": 0
        },
        "20014": {
            "year_quarter": 20014,
            "year": 2001,
            "quarter": 4,
            "eps": 0.4,
            "eps_growth_year": 2.56,
            "eps_4q": 1.18,
            "eps_4q_growth_year": -24.94,
            "roe": 2.52,
            "roe_4q": 7.56,
            "gross_profit": 569605,
            "gross_margin": 18.7,
            "gross_margin_4q_avg": 18.45,
            "net_income": 224352,
            "net_income_4q": null,
            "revenue": 3045604,
            "revenue_4q": null,
            "common_shares": 5541752,
            "book_valuer_per_share": 16.32,
            "book_valuer_per_share_4q_avg": 16.24,
            "equity": 9041397,
            "current_ratio": 163.43,
            "debt_ratio": 48.76,
            "inventory_turnover_ratio": 1.42,
            "account_receivable_turnover_ratio": null,
            "reinvestment_rate": null,
            "research_to_sale_ratio": null,
            "price_fair": 0,
            "eps_avg_yearly": 0,
            "eps_latest_yearly": 0,
            "eps_growth_yearly": 0
        },
        "20021": {
            "year_quarter": 20021,
            "year": 2002,
            "quarter": 1,
            "eps": 0.39,
            "eps_growth_year": 105.26,
            "eps_4q": 1.42,
            "eps_4q_growth_year": 5.67,
            "roe": 2.35,
            "roe_4q": 8.82,
            "gross_profit": 596591,
            "gross_margin": 19.91,
            "gross_margin_4q_avg": 18.82,
            "net_income": 214408,
            "net_income_4q": null,
            "revenue": 2995749,
            "revenue_4q": null,
            "common_shares": 5541752,
            "book_valuer_per_share": 16.61,
            "book_valuer_per_share_4q_avg": 16.09,
            "equity": 9203230,
            "current_ratio": 200.24,
            "debt_ratio": 42.24,
            "inventory_turnover_ratio": 1.42,
            "account_receivable_turnover_ratio": null,
            "reinvestment_rate": null,
            "research_to_sale_ratio": null,
            "price_fair": 4.68,
            "eps_avg_yearly": 1.56,
            "eps_latest_yearly": 1.56,
            "eps_growth_yearly": -10
        },
        "20022": {
            "year_quarter": 20022,
            "year": 2002,
            "quarter": 2,
            "eps": 0.58,
            "eps_growth_year": 75.76,
            "eps_4q": 1.62,
            "eps_4q_growth_year": 69.8,
            "roe": 3.64,
            "roe_4q": 10.37,
            "gross_profit": 695769,
            "gross_margin": 21.05,
            "gross_margin_4q_avg": 19.72,
            "net_income": 334032,
            "net_income_4q": null,
            "revenue": 3305930,
            "revenue_4q": null,
            "common_shares": 5541752,
            "book_valuer_per_share": 16.49,
            "book_valuer_per_share_4q_avg": 16.32,
            "equity": 9137844,
            "current_ratio": 173.39,
            "debt_ratio": 42.78,
            "inventory_turnover_ratio": 1.73,
            "account_receivable_turnover_ratio": null,
            "reinvestment_rate": null,
            "research_to_sale_ratio": null,
            "price_fair": 67.9,
            "eps_avg_yearly": 1.94,
            "eps_latest_yearly": 2.32,
            "eps_growth_yearly": 92.44
        },
        "20023": {
            "year_quarter": 20023,
            "year": 2002,
            "quarter": 3,
            "eps": 0.51,
            "eps_growth_year": 75.86,
            "eps_4q": 1.85,
            "eps_4q_growth_year": 63.84,
            "roe": 3.14,
            "roe_4q": 11.65,
            "gross_profit": 611907,
            "gross_margin": 18.85,
            "gross_margin_4q_avg": 19.63,
            "net_income": 293144,
            "net_income_4q": null,
            "revenue": 3247020,
            "revenue_4q": null,
            "common_shares": 5836668,
            "book_valuer_per_share": 16.34,
            "book_valuer_per_share_4q_avg": 16.44,
            "equity": 9535954,
            "current_ratio": 187.98,
            "debt_ratio": 40.81,
            "inventory_turnover_ratio": 1.56,
            "account_receivable_turnover_ratio": null,
            "reinvestment_rate": null,
            "research_to_sale_ratio": null,
            "price_fair": 69.07,
            "eps_avg_yearly": 1.97,
            "eps_latest_yearly": 2.04,
            "eps_growth_yearly": 45.53
        },
        "20024": {
            "year_quarter": 20024,
            "year": 2002,
            "quarter": 4,
            "eps": 0.22,
            "eps_growth_year": -45,
            "eps_4q": 1.68,
            "eps_4q_growth_year": 42.74,
            "roe": 1.31,
            "roe_4q": 10.44,
            "gross_profit": 603649,
            "gross_margin": 19.11,
            "gross_margin_4q_avg": 19.73,
            "net_income": 126775,
            "net_income_4q": null,
            "revenue": 3159600,
            "revenue_4q": null,
            "common_shares": 5836668,
            "book_valuer_per_share": 16.54,
            "book_valuer_per_share_4q_avg": 16.5,
            "equity": 9789849,
            "current_ratio": 140.5,
            "debt_ratio": 48.94,
            "inventory_turnover_ratio": 1.16,
            "account_receivable_turnover_ratio": null,
            "reinvestment_rate": 94.75,
            "research_to_sale_ratio": null,
            "price_fair": 5.1,
            "eps_avg_yearly": 1.7,
            "eps_latest_yearly": 0.88,
            "eps_growth_yearly": -22.71
        },
        "20031": {
            "year_quarter": 20031,
            "year": 2003,
            "quarter": 1,
            "eps": 0.03,
            "eps_growth_year": -92.31,
            "eps_4q": 1.4,
            "eps_4q_growth_year": -1.45,
            "roe": 0.17,
            "roe_4q": 8.26,
            "gross_profit": 464678,
            "gross_margin": 15.34,
            "gross_margin_4q_avg": 18.59,
            "net_income": 16513,
            "net_income_4q": null,
            "revenue": 3029064,
            "revenue_4q": null,
            "common_shares": 5836668,
            "book_valuer_per_share": 16.57,
            "book_valuer_per_share_4q_avg": 16.49,
            "equity": 9669060,
            "current_ratio": 226.99,
            "debt_ratio": 38.33,
            "inventory_turnover_ratio": 1.18,
            "account_receivable_turnover_ratio": null,
            "reinvestment_rate": -2.51,
            "research_to_sale_ratio": null,
            "price_fair": 4.15,
            "eps_avg_yearly": 1.38,
            "eps_latest_yearly": 0.12,
            "eps_growth_yearly": -87.26
        },
        "20032": {
            "year_quarter": 20032,
            "year": 2003,
            "quarter": 2,
            "eps": 0.39,
            "eps_growth_year": -32.76,
            "eps_4q": 1.14,
            "eps_4q_growth_year": -29.75,
            "roe": 2.43,
            "roe_4q": 7.050000000000001,
            "gross_profit": 475538,
            "gross_margin": 15.27,
            "gross_margin_4q_avg": 17.14,
            "net_income": 226963,
            "net_income_4q": null,
            "revenue": 3113527,
            "revenue_4q": null,
            "common_shares": 5836668,
            "book_valuer_per_share": 15.48,
            "book_valuer_per_share_4q_avg": 16.23,
            "equity": 9033269,
            "current_ratio": 187.44,
            "debt_ratio": 43.36,
            "inventory_turnover_ratio": 1.51,
            "account_receivable_turnover_ratio": null,
            "reinvestment_rate": -6.52,
            "research_to_sale_ratio": null,
            "price_fair": 49.47,
            "eps_avg_yearly": 1.41,
            "eps_latest_yearly": 1.56,
            "eps_growth_yearly": 727.28
        },
        "20033": {
            "year_quarter": 20033,
            "year": 2003,
            "quarter": 3,
            "eps": 0.4,
            "eps_growth_year": -21.57,
            "eps_4q": 1.03,
            "eps_4q_growth_year": -44.35,
            "roe": 2.57,
            "roe_4q": 6.48,
            "gross_profit": 523791,
            "gross_margin": 15.64,
            "gross_margin_4q_avg": 16.34,
            "net_income": 234320,
            "net_income_4q": null,
            "revenue": 3349292,
            "revenue_4q": null,
            "common_shares": 5836668,
            "book_valuer_per_share": 15.76,
            "book_valuer_per_share_4q_avg": 16.09,
            "equity": 9195917,
            "current_ratio": 133.44,
            "debt_ratio": 42.9,
            "inventory_turnover_ratio": 1.55,
            "account_receivable_turnover_ratio": null,
            "reinvestment_rate": -13.74,
            "research_to_sale_ratio": null,
            "price_fair": 50.4,
            "eps_avg_yearly": 1.44,
            "eps_latest_yearly": 1.6,
            "eps_growth_yearly": 624.85
        },
        "20034": {
            "year_quarter": 20034,
            "year": 2003,
            "quarter": 4,
            "eps": 0.54,
            "eps_growth_year": 145.45,
            "eps_4q": 1.36,
            "eps_4q_growth_year": -19,
            "roe": 3.35,
            "roe_4q": 8.52,
            "gross_profit": 700315,
            "gross_margin": 18.9,
            "gross_margin_4q_avg": 16.29,
            "net_income": 314209,
            "net_income_4q": null,
            "revenue": 3705916,
            "revenue_4q": null,
            "common_shares": 5836668,
            "book_valuer_per_share": 16.16,
            "book_valuer_per_share_4q_avg": 15.99,
            "equity": 9577375,
            "current_ratio": 138,
            "debt_ratio": 54.42,
            "inventory_turnover_ratio": 1.27,
            "account_receivable_turnover_ratio": null,
            "reinvestment_rate": 50.48,
            "research_to_sale_ratio": null,
            "price_fair": 53.55,
            "eps_avg_yearly": 1.53,
            "eps_latest_yearly": 2.16,
            "eps_growth_yearly": 564.24
        },
        "20041": {
            "year_quarter": 20041,
            "year": 2004,
            "quarter": 1,
            "eps": 0.36,
            "eps_growth_year": 1100,
            "eps_4q": 1.7,
            "eps_4q_growth_year": 21.31,
            "roe": 2.18,
            "roe_4q": 10.53,
            "gross_profit": 613573,
            "gross_margin": 17.36,
            "gross_margin_4q_avg": 16.79,
            "net_income": 208653,
            "net_income_4q": null,
            "revenue": 3535328,
            "revenue_4q": null,
            "common_shares": 5836668,
            "book_valuer_per_share": 16.36,
            "book_valuer_per_share_4q_avg": 15.94,
            "equity": 9548235,
            "current_ratio": 144.28,
            "debt_ratio": 45.41,
            "inventory_turnover_ratio": 1.2,
            "account_receivable_turnover_ratio": null,
            "reinvestment_rate": -22.41,
            "research_to_sale_ratio": null,
            "price_fair": 53.2,
            "eps_avg_yearly": 1.52,
            "eps_latest_yearly": 1.44,
            "eps_growth_yearly": 486.73
        },
        "20042": {
            "year_quarter": 20042,
            "year": 2004,
            "quarter": 2,
            "eps": 0.58,
            "eps_growth_year": 48.72,
            "eps_4q": 1.87,
            "eps_4q_growth_year": 63.86,
            "roe": 3.61,
            "roe_4q": 11.71,
            "gross_profit": 723525,
            "gross_margin": 18.43,
            "gross_margin_4q_avg": 17.58,
            "net_income": 341004,
            "net_income_4q": null,
            "revenue": 3926183,
            "revenue_4q": null,
            "common_shares": 5836668,
            "book_valuer_per_share": 16.03,
            "book_valuer_per_share_4q_avg": 16.08,
            "equity": 9354886,
            "current_ratio": 199.25,
            "debt_ratio": 48.41,
            "inventory_turnover_ratio": 1.58,
            "account_receivable_turnover_ratio": null,
            "reinvestment_rate": -31.2,
            "research_to_sale_ratio": null,
            "price_fair": 56,
            "eps_avg_yearly": 1.6,
            "eps_latest_yearly": 2.32,
            "eps_growth_yearly": 462.51
        },
        "20043": {
            "year_quarter": 20043,
            "year": 2004,
            "quarter": 3,
            "eps": 0.64,
            "eps_growth_year": 60,
            "eps_4q": 2.12,
            "eps_4q_growth_year": 105.01,
            "roe": 3.92,
            "roe_4q": 13.059999999999999,
            "gross_profit": 698775,
            "gross_margin": 16.45,
            "gross_margin_4q_avg": 17.79,
            "net_income": 374618,
            "net_income_4q": null,
            "revenue": 4247724,
            "revenue_4q": null,
            "common_shares": 5836668,
            "book_valuer_per_share": 16.76,
            "book_valuer_per_share_4q_avg": 16.33,
            "equity": 9782332,
            "current_ratio": 203.49,
            "debt_ratio": 48.35,
            "inventory_turnover_ratio": 1.57,
            "account_receivable_turnover_ratio": null,
            "reinvestment_rate": -35.85,
            "research_to_sale_ratio": null,
            "price_fair": 59.05,
            "eps_avg_yearly": 1.69,
            "eps_latest_yearly": 2.56,
            "eps_growth_yearly": 424.22
        },
        "20044": {
            "year_quarter": 20044,
            "year": 2004,
            "quarter": 4,
            "eps": 0.5,
            "eps_growth_year": -7.41,
            "eps_4q": 2.09,
            "eps_4q_growth_year": 53.2,
            "roe": 2.89,
            "roe_4q": 12.6,
            "gross_profit": 724729,
            "gross_margin": 17.45,
            "gross_margin_4q_avg": 17.42,
            "net_income": 291508,
            "net_income_4q": null,
            "revenue": 4153397,
            "revenue_4q": null,
            "common_shares": 5836668,
            "book_valuer_per_share": 17.51,
            "book_valuer_per_share_4q_avg": 16.67,
            "equity": 10364793,
            "current_ratio": 169.04,
            "debt_ratio": 56.8,
            "inventory_turnover_ratio": 1.01,
            "account_receivable_turnover_ratio": null,
            "reinvestment_rate": 24.36,
            "research_to_sale_ratio": null,
            "price_fair": 59.97,
            "eps_avg_yearly": 1.71,
            "eps_latest_yearly": 2,
            "eps_growth_yearly": 381.58
        },
        "20051": {
            "year_quarter": 20051,
            "year": 2005,
            "quarter": 1,
            "eps": 0.29,
            "eps_growth_year": -19.44,
            "eps_4q": 2.03,
            "eps_4q_growth_year": 19.35,
            "roe": 1.62,
            "roe_4q": 12.04,
            "gross_profit": 456041,
            "gross_margin": 12.7,
            "gross_margin_4q_avg": 16.26,
            "net_income": 168195,
            "net_income_4q": null,
            "revenue": 3591819,
            "revenue_4q": null,
            "common_shares": 5836668,
            "book_valuer_per_share": 17.71,
            "book_valuer_per_share_4q_avg": 17,
            "equity": 10336975,
            "current_ratio": 182.93,
            "debt_ratio": 44.23,
            "inventory_turnover_ratio": 0.87,
            "account_receivable_turnover_ratio": null,
            "reinvestment_rate": -38.87,
            "research_to_sale_ratio": null,
            "price_fair": 58.48,
            "eps_avg_yearly": 1.67,
            "eps_latest_yearly": 1.16,
            "eps_growth_yearly": 339.3
        },
        "20052": {
            "year_quarter": 20052,
            "year": 2005,
            "quarter": 2,
            "eps": 0.51,
            "eps_growth_year": -12.07,
            "eps_4q": 1.95,
            "eps_4q_growth_year": 4.47,
            "roe": 2.88,
            "roe_4q": 11.31,
            "gross_profit": 569625,
            "gross_margin": 14.55,
            "gross_margin_4q_avg": 15.29,
            "net_income": 295197,
            "net_income_4q": null,
            "revenue": 3915437,
            "revenue_4q": null,
            "common_shares": 5836668,
            "book_valuer_per_share": 17.35,
            "book_valuer_per_share_4q_avg": 17.33,
            "equity": 10128152,
            "current_ratio": 177.07,
            "debt_ratio": 46.6,
            "inventory_turnover_ratio": 1.15,
            "account_receivable_turnover_ratio": null,
            "reinvestment_rate": -39.89,
            "research_to_sale_ratio": null,
            "price_fair": 59.4,
            "eps_avg_yearly": 1.7,
            "eps_latest_yearly": 2.04,
            "eps_growth_yearly": 336.74
        },
        "20053": {
            "year_quarter": 20053,
            "year": 2005,
            "quarter": 3,
            "eps": 0.85,
            "eps_growth_year": 32.81,
            "eps_4q": 2.02,
            "eps_4q_growth_year": -4.53,
            "roe": 5.22,
            "roe_4q": 12.61,
            "gross_profit": 635250,
            "gross_margin": 14.93,
            "gross_margin_4q_avg": 14.91,
            "net_income": 548471,
            "net_income_4q": null,
            "revenue": 4253539,
            "revenue_4q": null,
            "common_shares": 6420335,
            "book_valuer_per_share": 16.98,
            "book_valuer_per_share_4q_avg": 17.39,
            "equity": 10900950,
            "current_ratio": 199.97,
            "debt_ratio": 43.32,
            "inventory_turnover_ratio": 1.32,
            "account_receivable_turnover_ratio": null,
            "reinvestment_rate": -38.13,
            "research_to_sale_ratio": null,
            "price_fair": 63.37,
            "eps_avg_yearly": 1.81,
            "eps_latest_yearly": 3.4,
            "eps_growth_yearly": 332.07
        },
        "20054": {
            "year_quarter": 20054,
            "year": 2005,
            "quarter": 4,
            "eps": 0.83,
            "eps_growth_year": 66,
            "eps_4q": 2.4,
            "eps_4q_growth_year": 15.2,
            "roe": 4.77,
            "roe_4q": 14.489999999999998,
            "gross_profit": 819499,
            "gross_margin": 17.9,
            "gross_margin_4q_avg": 15.02,
            "net_income": 534132,
            "net_income_4q": null,
            "revenue": 4579005,
            "revenue_4q": null,
            "common_shares": 6420335,
            "book_valuer_per_share": 17.86,
            "book_valuer_per_share_4q_avg": 17.48,
            "equity": 11501669,
            "current_ratio": 146.69,
            "debt_ratio": 55.42,
            "inventory_turnover_ratio": 1.13,
            "account_receivable_turnover_ratio": null,
            "reinvestment_rate": 15.14,
            "research_to_sale_ratio": null,
            "price_fair": 66.68,
            "eps_avg_yearly": 1.91,
            "eps_latest_yearly": 3.32,
            "eps_growth_yearly": 310.73
        },
        "20061": {
            "year_quarter": 20061,
            "year": 2006,
            "quarter": 1,
            "eps": 0.74,
            "eps_growth_year": 155.17,
            "eps_4q": 2.88,
            "eps_4q_growth_year": 42.09,
            "roe": 4.02,
            "roe_4q": 16.889999999999997,
            "gross_profit": 743342,
            "gross_margin": 18.11,
            "gross_margin_4q_avg": 16.37,
            "net_income": 476568,
            "net_income_4q": null,
            "revenue": 4105015,
            "revenue_4q": null,
            "common_shares": 6420335,
            "book_valuer_per_share": 18.99,
            "book_valuer_per_share_4q_avg": 17.8,
            "equity": 12195401,
            "current_ratio": 219.48,
            "debt_ratio": 40.14,
            "inventory_turnover_ratio": 1.01,
            "account_receivable_turnover_ratio": null,
            "reinvestment_rate": -33.03,
            "research_to_sale_ratio": null,
            "price_fair": 69.74,
            "eps_avg_yearly": 1.99,
            "eps_latest_yearly": 2.96,
            "eps_growth_yearly": 308.64
        },
        "20062": {
            "year_quarter": 20062,
            "year": 2006,
            "quarter": 2,
            "eps": 0.87,
            "eps_growth_year": 70.59,
            "eps_4q": 3.06,
            "eps_4q_growth_year": 56.67,
            "roe": 5.11,
            "roe_4q": 19.119999999999997,
            "gross_profit": 793639,
            "gross_margin": 16.95,
            "gross_margin_4q_avg": 16.97,
            "net_income": 620144,
            "net_income_4q": null,
            "revenue": 4681612,
            "revenue_4q": null,
            "common_shares": 6420335,
            "book_valuer_per_share": 18.82,
            "book_valuer_per_share_4q_avg": 18.16,
            "equity": 12080389,
            "current_ratio": 163.06,
            "debt_ratio": 43.76,
            "inventory_turnover_ratio": 1.49,
            "account_receivable_turnover_ratio": null,
            "reinvestment_rate": -28.99,
            "research_to_sale_ratio": null,
            "price_fair": 72.28,
            "eps_avg_yearly": 2.07,
            "eps_latest_yearly": 3.48,
            "eps_growth_yearly": 300.85
        },
        "20063": {
            "year_quarter": 20063,
            "year": 2006,
            "quarter": 3,
            "eps": 0.99,
            "eps_growth_year": 16.47,
            "eps_4q": 3.28,
            "eps_4q_growth_year": 62.34,
            "roe": 5.62,
            "roe_4q": 19.52,
            "gross_profit": 782804,
            "gross_margin": 16.2,
            "gross_margin_4q_avg": 17.29,
            "net_income": 705281,
            "net_income_4q": null,
            "revenue": 4831990,
            "revenue_4q": null,
            "common_shares": 7114512,
            "book_valuer_per_share": 18.27,
            "book_valuer_per_share_4q_avg": 18.49,
            "equity": 12999071,
            "current_ratio": 174.55,
            "debt_ratio": 42.73,
            "inventory_turnover_ratio": 1.43,
            "account_receivable_turnover_ratio": null,
            "reinvestment_rate": -25.6,
            "research_to_sale_ratio": null,
            "price_fair": 76.48,
            "eps_avg_yearly": 2.19,
            "eps_latest_yearly": 3.96,
            "eps_growth_yearly": 307.32
        },
        "20064": {
            "year_quarter": 20064,
            "year": 2006,
            "quarter": 4,
            "eps": 0.7,
            "eps_growth_year": -15.66,
            "eps_4q": 3.24,
            "eps_4q_growth_year": 35.01,
            "roe": 3.72,
            "roe_4q": 18.47,
            "gross_profit": 693181,
            "gross_margin": 14.8,
            "gross_margin_4q_avg": 16.52,
            "net_income": 495939,
            "net_income_4q": null,
            "revenue": 4682894,
            "revenue_4q": null,
            "common_shares": 7114512,
            "book_valuer_per_share": 19.05,
            "book_valuer_per_share_4q_avg": 18.78,
            "equity": 13649141,
            "current_ratio": 184.02,
            "debt_ratio": 51.77,
            "inventory_turnover_ratio": 0.97,
            "account_receivable_turnover_ratio": null,
            "reinvestment_rate": 3.37,
            "research_to_sale_ratio": null,
            "price_fair": 80.68,
            "eps_avg_yearly": 2.31,
            "eps_latest_yearly": 2.8,
            "eps_growth_yearly": 314.21
        },
        "20071": {
            "year_quarter": 20071,
            "year": 2007,
            "quarter": 1,
            "eps": 0.55,
            "eps_growth_year": -25.68,
            "eps_4q": 3.11,
            "eps_4q_growth_year": 8.05,
            "roe": 2.82,
            "roe_4q": 17.27,
            "gross_profit": 552571,
            "gross_margin": 12.22,
            "gross_margin_4q_avg": 15.04,
            "net_income": 391110,
            "net_income_4q": null,
            "revenue": 4521922,
            "revenue_4q": null,
            "common_shares": 7114512,
            "book_valuer_per_share": 19.81,
            "book_valuer_per_share_4q_avg": 18.99,
            "equity": 14096082,
            "current_ratio": 172.26,
            "debt_ratio": 40.51,
            "inventory_turnover_ratio": 0.95,
            "account_receivable_turnover_ratio": null,
            "reinvestment_rate": -17.63,
            "research_to_sale_ratio": null,
            "price_fair": 85.23,
            "eps_avg_yearly": 2.44,
            "eps_latest_yearly": 2.2,
            "eps_growth_yearly": 330.45
        },
        "20072": {
            "year_quarter": 20072,
            "year": 2007,
            "quarter": 2,
            "eps": 0.65,
            "eps_growth_year": -25.29,
            "eps_4q": 2.64,
            "eps_4q_growth_year": -13.76,
            "roe": 3.73,
            "roe_4q": 15.89,
            "gross_profit": 628891,
            "gross_margin": 12.12,
            "gross_margin_4q_avg": 13.84,
            "net_income": 520954,
            "net_income_4q": null,
            "revenue": 5188075,
            "revenue_4q": null,
            "common_shares": 7114512,
            "book_valuer_per_share": 19.47,
            "book_valuer_per_share_4q_avg": 19.15,
            "equity": 13849510,
            "current_ratio": 123.07,
            "debt_ratio": 45.06,
            "inventory_turnover_ratio": 1.49,
            "account_receivable_turnover_ratio": null,
            "reinvestment_rate": -15.21,
            "research_to_sale_ratio": null,
            "price_fair": 87.5,
            "eps_avg_yearly": 2.5,
            "eps_latest_yearly": 2.6,
            "eps_growth_yearly": 34.99
        },
        "20073": {
            "year_quarter": 20073,
            "year": 2007,
            "quarter": 3,
            "eps": 0.95,
            "eps_growth_year": -4.04,
            "eps_4q": 2.71,
            "eps_4q_growth_year": -17.34,
            "roe": 5.31,
            "roe_4q": 15.58,
            "gross_profit": 742971,
            "gross_margin": 13.65,
            "gross_margin_4q_avg": 13.2,
            "net_income": 759780,
            "net_income_4q": null,
            "revenue": 5443318,
            "revenue_4q": null,
            "common_shares": 8035468,
            "book_valuer_per_share": 18.35,
            "book_valuer_per_share_4q_avg": 19.17,
            "equity": 14745923,
            "current_ratio": 139.61,
            "debt_ratio": 43.81,
            "inventory_turnover_ratio": 1.47,
            "account_receivable_turnover_ratio": null,
            "reinvestment_rate": -12.57,
            "research_to_sale_ratio": null,
            "price_fair": 92.31,
            "eps_avg_yearly": 2.64,
            "eps_latest_yearly": 3.8,
            "eps_growth_yearly": 45.89
        },
        "20074": {
            "year_quarter": 20074,
            "year": 2007,
            "quarter": 4,
            "eps": 1.03,
            "eps_growth_year": 47.14,
            "eps_4q": 3.1,
            "eps_4q_growth_year": -4.33,
            "roe": 5.45,
            "roe_4q": 17.31,
            "gross_profit": 731349,
            "gross_margin": 13.46,
            "gross_margin_4q_avg": 12.86,
            "net_income": 830639,
            "net_income_4q": null,
            "revenue": 5434058,
            "revenue_4q": null,
            "common_shares": 8035468,
            "book_valuer_per_share": 19.41,
            "book_valuer_per_share_4q_avg": 19.26,
            "equity": 15748732,
            "current_ratio": 174.95,
            "debt_ratio": 52.81,
            "inventory_turnover_ratio": 1.06,
            "account_receivable_turnover_ratio": null,
            "reinvestment_rate": 21.09,
            "research_to_sale_ratio": null,
            "price_fair": 96.6,
            "eps_avg_yearly": 2.76,
            "eps_latest_yearly": 4.12,
            "eps_growth_yearly": 39.24
        },
        "20081": {
            "year_quarter": 20081,
            "year": 2008,
            "quarter": 1,
            "eps": 0.34,
            "eps_growth_year": -38.18,
            "eps_4q": 2.84,
            "eps_4q_growth_year": -8.71,
            "roe": 1.8,
            "roe_4q": 16.29,
            "gross_profit": 1525139,
            "gross_margin": 18.2,
            "gross_margin_4q_avg": 14.36,
            "net_income": 285043,
            "net_income_4q": null,
            "revenue": 8379853,
            "revenue_4q": null,
            "common_shares": 8035468,
            "book_valuer_per_share": 19.6,
            "book_valuer_per_share_4q_avg": 19.21,
            "equity": 15916557,
            "current_ratio": 170.78,
            "debt_ratio": 52.66,
            "inventory_turnover_ratio": 1.23,
            "account_receivable_turnover_ratio": null,
            "reinvestment_rate": 67.17,
            "research_to_sale_ratio": null,
            "price_fair": 96.43,
            "eps_avg_yearly": 2.76,
            "eps_latest_yearly": 1.36,
            "eps_growth_yearly": 30.83
        },
        "20082": {
            "year_quarter": 20082,
            "year": 2008,
            "quarter": 2,
            "eps": 0.5,
            "eps_growth_year": -23.08,
            "eps_4q": 2.45,
            "eps_4q_growth_year": -7.11,
            "roe": 3.03,
            "roe_4q": 15.59,
            "gross_profit": 1703002,
            "gross_margin": 17.63,
            "gross_margin_4q_avg": 15.74,
            "net_income": 470598,
            "net_income_4q": null,
            "revenue": 9661629,
            "revenue_4q": null,
            "common_shares": 8035468,
            "book_valuer_per_share": 18.72,
            "book_valuer_per_share_4q_avg": 19.02,
            "equity": 15188904,
            "current_ratio": 142.64,
            "debt_ratio": 56.22,
            "inventory_turnover_ratio": 1.42,
            "account_receivable_turnover_ratio": null,
            "reinvestment_rate": 75.68,
            "research_to_sale_ratio": null,
            "price_fair": 95.73,
            "eps_avg_yearly": 2.74,
            "eps_latest_yearly": 2,
            "eps_growth_yearly": 27.32
        },
        "20083": {
            "year_quarter": 20083,
            "year": 2008,
            "quarter": 3,
            "eps": 0.75,
            "eps_growth_year": -21.05,
            "eps_4q": 2.44,
            "eps_4q_growth_year": -10.04,
            "roe": 4.33,
            "roe_4q": 14.61,
            "gross_profit": 1610990,
            "gross_margin": 17.37,
            "gross_margin_4q_avg": 16.67,
            "net_income": 680559,
            "net_income_4q": null,
            "revenue": 9273315,
            "revenue_4q": null,
            "common_shares": 8912212,
            "book_valuer_per_share": 18.01,
            "book_valuer_per_share_4q_avg": 18.94,
            "equity": 16242215,
            "current_ratio": 174.71,
            "debt_ratio": 54.28,
            "inventory_turnover_ratio": 1.28,
            "account_receivable_turnover_ratio": null,
            "reinvestment_rate": 80.59,
            "research_to_sale_ratio": null,
            "price_fair": 96.69,
            "eps_avg_yearly": 2.76,
            "eps_latest_yearly": 3,
            "eps_growth_yearly": 37.23
        },
        "20084": {
            "year_quarter": 20084,
            "year": 2008,
            "quarter": 4,
            "eps": 0.15,
            "eps_growth_year": -85.44,
            "eps_4q": 1.65,
            "eps_4q_growth_year": -46.74,
            "roe": 0.84,
            "roe_4q": 10,
            "gross_profit": 818819,
            "gross_margin": 13.12,
            "gross_margin_4q_avg": 16.58,
            "net_income": 137245,
            "net_income_4q": null,
            "revenue": 6239425,
            "revenue_4q": null,
            "common_shares": 8912212,
            "book_valuer_per_share": 18.37,
            "book_valuer_per_share_4q_avg": 18.68,
            "equity": 16593627,
            "current_ratio": 199.55,
            "debt_ratio": 51.71,
            "inventory_turnover_ratio": 0.94,
            "account_receivable_turnover_ratio": 1.73,
            "reinvestment_rate": 35.87,
            "research_to_sale_ratio": null,
            "price_fair": 87.47,
            "eps_avg_yearly": 2.68,
            "eps_latest_yearly": 0.6,
            "eps_growth_yearly": 22.7
        },
        "20091": {
            "year_quarter": 20091,
            "year": 2009,
            "quarter": 1,
            "eps": 1.24,
            "eps_growth_year": 264.71,
            "eps_4q": 2.63,
            "eps_4q_growth_year": -7.26,
            "roe": 6.37,
            "roe_4q": 14.569999999999999,
            "gross_profit": 926144,
            "gross_margin": 16.9,
            "gross_margin_4q_avg": 16.26,
            "net_income": 1103087,
            "net_income_4q": null,
            "revenue": 5481681,
            "revenue_4q": null,
            "common_shares": 8912212,
            "book_valuer_per_share": 20.11,
            "book_valuer_per_share_4q_avg": 18.8,
            "equity": 18047628,
            "current_ratio": 230.56,
            "debt_ratio": 46.42,
            "inventory_turnover_ratio": 0.94,
            "account_receivable_turnover_ratio": 0.83,
            "reinvestment_rate": 80.29,
            "research_to_sale_ratio": null,
            "price_fair": 101.94,
            "eps_avg_yearly": 2.91,
            "eps_latest_yearly": 4.96,
            "eps_growth_yearly": 214.87
        },
        "20092": {
            "year_quarter": 20092,
            "year": 2009,
            "quarter": 2,
            "eps": 0.89,
            "eps_growth_year": 78,
            "eps_4q": 3,
            "eps_4q_growth_year": 22.34,
            "roe": 4.53,
            "roe_4q": 16.07,
            "gross_profit": 1540486,
            "gross_margin": 21.05,
            "gross_margin_4q_avg": 17.11,
            "net_income": 800359,
            "net_income_4q": null,
            "revenue": 7316612,
            "revenue_4q": null,
            "common_shares": 8912212,
            "book_valuer_per_share": 19.25,
            "book_valuer_per_share_4q_avg": 18.94,
            "equity": 17285333,
            "current_ratio": 189.92,
            "debt_ratio": 47.52,
            "inventory_turnover_ratio": 1.36,
            "account_receivable_turnover_ratio": 1.1,
            "reinvestment_rate": 73.83,
            "research_to_sale_ratio": null,
            "price_fair": 105.26,
            "eps_avg_yearly": 3.01,
            "eps_latest_yearly": 3.56,
            "eps_growth_yearly": 188.84
        },
        "20093": {
            "year_quarter": 20093,
            "year": 2009,
            "quarter": 3,
            "eps": 0.88,
            "eps_growth_year": 17.33,
            "eps_4q": 3.09,
            "eps_4q_growth_year": 26.84,
            "roe": 4.56,
            "roe_4q": 16.3,
            "gross_profit": 1947182,
            "gross_margin": 23.37,
            "gross_margin_4q_avg": 18.61,
            "net_income": 801405,
            "net_income_4q": null,
            "revenue": 8333579,
            "revenue_4q": null,
            "common_shares": 9001334,
            "book_valuer_per_share": 19.69,
            "book_valuer_per_share_4q_avg": 19.36,
            "equity": 17859992,
            "current_ratio": 198.38,
            "debt_ratio": 47.56,
            "inventory_turnover_ratio": 1.5,
            "account_receivable_turnover_ratio": 1.07,
            "reinvestment_rate": 71.37,
            "research_to_sale_ratio": null,
            "price_fair": 105.53,
            "eps_avg_yearly": 3.02,
            "eps_latest_yearly": 3.52,
            "eps_growth_yearly": 171.9
        },
        "20094": {
            "year_quarter": 20094,
            "year": 2009,
            "quarter": 4,
            "eps": 0.52,
            "eps_growth_year": 246.67,
            "eps_4q": 3.51,
            "eps_4q_growth_year": 112.16,
            "roe": 2.54,
            "roe_4q": 18,
            "gross_profit": 1600564,
            "gross_margin": 21.59,
            "gross_margin_4q_avg": 20.73,
            "net_income": 460655,
            "net_income_4q": null,
            "revenue": 7412159,
            "revenue_4q": null,
            "common_shares": 9001334,
            "book_valuer_per_share": 20.2,
            "book_valuer_per_share_4q_avg": 19.81,
            "equity": 18340620,
            "current_ratio": 179.26,
            "debt_ratio": 46.38,
            "inventory_turnover_ratio": 1.3,
            "account_receivable_turnover_ratio": 1.62,
            "reinvestment_rate": 44.48,
            "research_to_sale_ratio": null,
            "price_fair": 102.81,
            "eps_avg_yearly": 2.94,
            "eps_latest_yearly": 2.08,
            "eps_growth_yearly": 162.26
        },
        "20101": {
            "year_quarter": 20101,
            "year": 2010,
            "quarter": 1,
            "eps": 0.53,
            "eps_growth_year": -57.26,
            "eps_4q": 2.81,
            "eps_4q_growth_year": 6.62,
            "roe": 2.61,
            "roe_4q": 14.240000000000002,
            "gross_profit": 1539528,
            "gross_margin": 19.47,
            "gross_margin_4q_avg": 21.37,
            "net_income": 482988,
            "net_income_4q": null,
            "revenue": 7906169,
            "revenue_4q": null,
            "common_shares": 9001334,
            "book_valuer_per_share": 20.54,
            "book_valuer_per_share_4q_avg": 19.92,
            "equity": 18654522,
            "current_ratio": 180.81,
            "debt_ratio": 46.51,
            "inventory_turnover_ratio": 1.35,
            "account_receivable_turnover_ratio": 0.85,
            "reinvestment_rate": 90.26,
            "research_to_sale_ratio": 2.07,
            "price_fair": 100.98,
            "eps_avg_yearly": 2.89,
            "eps_latest_yearly": 2.12,
            "eps_growth_yearly": 165.45
        },
        "20102": {
            "year_quarter": 20102,
            "year": 2010,
            "quarter": 2,
            "eps": 0.96,
            "eps_growth_year": 7.39,
            "eps_4q": 2.79,
            "eps_4q_growth_year": -6.97,
            "roe": 4.94,
            "roe_4q": 14.649999999999999,
            "gross_profit": 1773576,
            "gross_margin": 18.62,
            "gross_margin_4q_avg": 20.76,
            "net_income": 899589,
            "net_income_4q": null,
            "revenue": 9523230,
            "revenue_4q": null,
            "common_shares": 9001334,
            "book_valuer_per_share": 19.55,
            "book_valuer_per_share_4q_avg": 20,
            "equity": 17764009,
            "current_ratio": 163.04,
            "debt_ratio": 52.83,
            "inventory_turnover_ratio": 1.49,
            "account_receivable_turnover_ratio": 0.91,
            "reinvestment_rate": 89.35,
            "research_to_sale_ratio": 2.74,
            "price_fair": 101.76,
            "eps_avg_yearly": 2.91,
            "eps_latest_yearly": 3.84,
            "eps_growth_yearly": 181.34
        },
        "20103": {
            "year_quarter": 20103,
            "year": 2010,
            "quarter": 3,
            "eps": 0.87,
            "eps_growth_year": -1.29,
            "eps_4q": 2.82,
            "eps_4q_growth_year": -8.79,
            "roe": 4.61,
            "roe_4q": 14.7,
            "gross_profit": 1828634,
            "gross_margin": 19.02,
            "gross_margin_4q_avg": 19.68,
            "net_income": 835617,
            "net_income_4q": null,
            "revenue": 9613639,
            "revenue_4q": null,
            "common_shares": 9451401,
            "book_valuer_per_share": 19.32,
            "book_valuer_per_share_4q_avg": 19.9,
            "equity": 18472591,
            "current_ratio": 214.53,
            "debt_ratio": 50.76,
            "inventory_turnover_ratio": 1.36,
            "account_receivable_turnover_ratio": 0.84,
            "reinvestment_rate": 89.33,
            "research_to_sale_ratio": 3.16,
            "price_fair": 100.71,
            "eps_avg_yearly": 2.88,
            "eps_latest_yearly": 3.48,
            "eps_growth_yearly": 175.55
        },
        "20104": {
            "year_quarter": 20104,
            "year": 2010,
            "quarter": 4,
            "eps": 0.28,
            "eps_growth_year": -46.93,
            "eps_4q": 2.6,
            "eps_4q_growth_year": -25.82,
            "roe": 1.58,
            "roe_4q": 13.74,
            "gross_profit": 1463339,
            "gross_margin": 15.55,
            "gross_margin_4q_avg": 18.17,
            "net_income": 286111,
            "net_income_4q": null,
            "revenue": 9412642,
            "revenue_4q": null,
            "common_shares": 9451401,
            "book_valuer_per_share": 18.58,
            "book_valuer_per_share_4q_avg": 19.5,
            "equity": 17770060,
            "current_ratio": 231.09,
            "debt_ratio": 50.95,
            "inventory_turnover_ratio": 1.34,
            "account_receivable_turnover_ratio": 0.85,
            "reinvestment_rate": 39.66,
            "research_to_sale_ratio": 2.1,
            "price_fair": 97.04,
            "eps_avg_yearly": 2.77,
            "eps_latest_yearly": 1.12,
            "eps_growth_yearly": 165.92
        },
        "20111": {
            "year_quarter": 20111,
            "year": 2011,
            "quarter": 1,
            "eps": 0.28,
            "eps_growth_year": -47.17,
            "eps_4q": 2.39,
            "eps_4q_growth_year": -15.07,
            "roe": 1.53,
            "roe_4q": 12.66,
            "gross_profit": 1269509,
            "gross_margin": 13.94,
            "gross_margin_4q_avg": 16.78,
            "net_income": 276280,
            "net_income_4q": null,
            "revenue": 9107072,
            "revenue_4q": null,
            "common_shares": 9451401,
            "book_valuer_per_share": 19.18,
            "book_valuer_per_share_4q_avg": 19.16,
            "equity": 18353360,
            "current_ratio": 230.56,
            "debt_ratio": 51,
            "inventory_turnover_ratio": 1.3,
            "account_receivable_turnover_ratio": 0.85,
            "reinvestment_rate": 90.05,
            "research_to_sale_ratio": 1.85,
            "price_fair": 94.68,
            "eps_avg_yearly": 2.71,
            "eps_latest_yearly": 1.12,
            "eps_growth_yearly": 171.27
        },
        "20112": {
            "year_quarter": 20112,
            "year": 2011,
            "quarter": 2,
            "eps": 0.27,
            "eps_growth_year": -71.58,
            "eps_4q": 1.63,
            "eps_4q_growth_year": -41.42,
            "roe": 1.47,
            "roe_4q": 9.190000000000001,
            "gross_profit": 1328398,
            "gross_margin": 13.76,
            "gross_margin_4q_avg": 15.57,
            "net_income": 259672,
            "net_income_4q": null,
            "revenue": 9656122,
            "revenue_4q": null,
            "common_shares": 9451401,
            "book_valuer_per_share": 17.81,
            "book_valuer_per_share_4q_avg": 18.72,
            "equity": 17039227,
            "current_ratio": 212.56,
            "debt_ratio": 54.76,
            "inventory_turnover_ratio": 1.31,
            "account_receivable_turnover_ratio": 0.87,
            "reinvestment_rate": 93.78,
            "research_to_sale_ratio": 2.88,
            "price_fair": 91.35,
            "eps_avg_yearly": 2.61,
            "eps_latest_yearly": 1.08,
            "eps_growth_yearly": 165.84
        },
        "20113": {
            "year_quarter": 20113,
            "year": 2011,
            "quarter": 3,
            "eps": 0.45,
            "eps_growth_year": -48.4,
            "eps_4q": 1.25,
            "eps_4q_growth_year": -55.55,
            "roe": 2.55,
            "roe_4q": 7.13,
            "gross_profit": 1361095,
            "gross_margin": 14.1,
            "gross_margin_4q_avg": 14.34,
            "net_income": 447740,
            "net_income_4q": null,
            "revenue": 9655349,
            "revenue_4q": null,
            "common_shares": 9923971,
            "book_valuer_per_share": 18.01,
            "book_valuer_per_share_4q_avg": 18.4,
            "equity": 18142088,
            "current_ratio": 225.04,
            "debt_ratio": 53.47,
            "inventory_turnover_ratio": 1.23,
            "account_receivable_turnover_ratio": 0.84,
            "reinvestment_rate": 105.4,
            "research_to_sale_ratio": 2.71,
            "price_fair": 86.98,
            "eps_avg_yearly": 2.49,
            "eps_latest_yearly": 1.8,
            "eps_growth_yearly": 170.96
        },
        "20114": {
            "year_quarter": 20114,
            "year": 2011,
            "quarter": 4,
            "eps": 0.24,
            "eps_growth_year": -14.82,
            "eps_4q": 1.23,
            "eps_4q_growth_year": -52.85,
            "roe": 1.27,
            "roe_4q": 6.82,
            "gross_profit": 1337593,
            "gross_margin": 14.56,
            "gross_margin_4q_avg": 14.09,
            "net_income": 235226,
            "net_income_4q": null,
            "revenue": 9189119,
            "revenue_4q": null,
            "common_shares": 9923971,
            "book_valuer_per_share": 18.65,
            "book_valuer_per_share_4q_avg": 18.41,
            "equity": 18783522,
            "current_ratio": 241.12,
            "debt_ratio": 52.09,
            "inventory_turnover_ratio": 1.19,
            "account_receivable_turnover_ratio": 0.79,
            "reinvestment_rate": 48.45,
            "research_to_sale_ratio": 3.37,
            "price_fair": 80.06,
            "eps_avg_yearly": 2.29,
            "eps_latest_yearly": 0.96,
            "eps_growth_yearly": 157.19
        },
        "20121": {
            "year_quarter": 20121,
            "year": 2012,
            "quarter": 1,
            "eps": 0.23,
            "eps_growth_year": -17.86,
            "eps_4q": 1.18,
            "eps_4q_growth_year": -50.37,
            "roe": 1.22,
            "roe_4q": 6.51,
            "gross_profit": 1350420,
            "gross_margin": 16.32,
            "gross_margin_4q_avg": 14.69,
            "net_income": 229154,
            "net_income_4q": null,
            "revenue": 8276114,
            "revenue_4q": null,
            "common_shares": 9923971,
            "book_valuer_per_share": 18.6,
            "book_valuer_per_share_4q_avg": 18.27,
            "equity": 18728625,
            "current_ratio": 257.82,
            "debt_ratio": 51.81,
            "inventory_turnover_ratio": 1.11,
            "account_receivable_turnover_ratio": 0.75,
            "reinvestment_rate": 44.14,
            "research_to_sale_ratio": 3.47,
            "price_fair": 79.1,
            "eps_avg_yearly": 2.26,
            "eps_latest_yearly": 0.92,
            "eps_growth_yearly": 172.9
        },
        "20122": {
            "year_quarter": 20122,
            "year": 2012,
            "quarter": 2,
            "eps": 0.38,
            "eps_growth_year": 41.51,
            "eps_4q": 1.3,
            "eps_4q_growth_year": -20.61,
            "roe": 2.14,
            "roe_4q": 7.180000000000001,
            "gross_profit": 1600737,
            "gross_margin": 17.61,
            "gross_margin_4q_avg": 15.65,
            "net_income": 396897,
            "net_income_4q": null,
            "revenue": 9088345,
            "revenue_4q": null,
            "common_shares": 9923971,
            "book_valuer_per_share": 18.15,
            "book_valuer_per_share_4q_avg": 18.35,
            "equity": 18302433,
            "current_ratio": 213.66,
            "debt_ratio": 54.46,
            "inventory_turnover_ratio": 1.21,
            "account_receivable_turnover_ratio": 0.82,
            "reinvestment_rate": 37.72,
            "research_to_sale_ratio": 3.33,
            "price_fair": 78.05,
            "eps_avg_yearly": 2.23,
            "eps_latest_yearly": 1.52,
            "eps_growth_yearly": 177.44
        },
        "20123": {
            "year_quarter": 20123,
            "year": 2012,
            "quarter": 3,
            "eps": 0.44,
            "eps_growth_year": -1.73,
            "eps_4q": 1.29,
            "eps_4q_growth_year": 2.78,
            "roe": 2.4,
            "roe_4q": 7.029999999999999,
            "gross_profit": 1723488,
            "gross_margin": 18.46,
            "gross_margin_4q_avg": 16.74,
            "net_income": 443055,
            "net_income_4q": null,
            "revenue": 9337641,
            "revenue_4q": null,
            "common_shares": 9923971,
            "book_valuer_per_share": 18.41,
            "book_valuer_per_share_4q_avg": 18.45,
            "equity": 18556936,
            "current_ratio": 200.14,
            "debt_ratio": 53.14,
            "inventory_turnover_ratio": 1.2,
            "account_receivable_turnover_ratio": 0.81,
            "reinvestment_rate": 31.89,
            "research_to_sale_ratio": 3.29,
            "price_fair": 75.34,
            "eps_avg_yearly": 2.15,
            "eps_latest_yearly": 1.76,
            "eps_growth_yearly": 168.89
        },
        "20124": {
            "year_quarter": 20124,
            "year": 2012,
            "quarter": 4,
            "eps": 0.22,
            "eps_growth_year": -7.11,
            "eps_4q": 1.27,
            "eps_4q_growth_year": 3.74,
            "roe": 1.22,
            "roe_4q": 6.9799999999999995,
            "gross_profit": 1515692,
            "gross_margin": 17.1,
            "gross_margin_4q_avg": 17.37,
            "net_income": 225806,
            "net_income_4q": null,
            "revenue": 8861627,
            "revenue_4q": null,
            "common_shares": 9923971,
            "book_valuer_per_share": 18.4,
            "book_valuer_per_share_4q_avg": 18.39,
            "equity": 18556125,
            "current_ratio": 195.61,
            "debt_ratio": 53.5,
            "inventory_turnover_ratio": 1.16,
            "account_receivable_turnover_ratio": 0.79,
            "reinvestment_rate": 32.94,
            "research_to_sale_ratio": 3.75,
            "price_fair": 75.95,
            "eps_avg_yearly": 2.17,
            "eps_latest_yearly": 0.88,
            "eps_growth_yearly": 176.39
        },
        "20131": {
            "year_quarter": 20131,
            "year": 2013,
            "quarter": 1,
            "eps": 0.27,
            "eps_growth_year": 17.39,
            "eps_4q": 1.31,
            "eps_4q_growth_year": 10.55,
            "roe": 1.41,
            "roe_4q": 7.17,
            "gross_profit": 1306597,
            "gross_margin": 16.29,
            "gross_margin_4q_avg": 17.37,
            "net_income": 266331,
            "net_income_4q": null,
            "revenue": 8020796,
            "revenue_4q": null,
            "common_shares": 9923971,
            "book_valuer_per_share": 18.99,
            "book_valuer_per_share_4q_avg": 18.49,
            "equity": 19147214,
            "current_ratio": 225.06,
            "debt_ratio": 53.67,
            "inventory_turnover_ratio": 1.07,
            "account_receivable_turnover_ratio": 0.76,
            "reinvestment_rate": 40.02,
            "research_to_sale_ratio": 3.56,
            "price_fair": 19.28,
            "eps_avg_yearly": 1.93,
            "eps_latest_yearly": 1.08,
            "eps_growth_yearly": 0.4
        },
        "20132": {
            "year_quarter": 20132,
            "year": 2013,
            "quarter": 2,
            "eps": 0.51,
            "eps_growth_year": 32.69,
            "eps_4q": 1.43,
            "eps_4q_growth_year": 10.45,
            "roe": 2.63,
            "roe_4q": 7.66,
            "gross_profit": 1712246,
            "gross_margin": 17.45,
            "gross_margin_4q_avg": 17.33,
            "net_income": 495628,
            "net_income_4q": null,
            "revenue": 9812222,
            "revenue_4q": null,
            "common_shares": 9923971,
            "book_valuer_per_share": 18.46,
            "book_valuer_per_share_4q_avg": 18.57,
            "equity": 18586029,
            "current_ratio": 184.92,
            "debt_ratio": 57.49,
            "inventory_turnover_ratio": 1.3,
            "account_receivable_turnover_ratio": 0.91,
            "reinvestment_rate": 46.14,
            "research_to_sale_ratio": 3.24,
            "price_fair": 64.14,
            "eps_avg_yearly": 1.83,
            "eps_latest_yearly": 2.04,
            "eps_growth_yearly": 29.68
        },
        "20133": {
            "year_quarter": 20133,
            "year": 2013,
            "quarter": 3,
            "eps": 0.6,
            "eps_growth_year": 36.22,
            "eps_4q": 1.59,
            "eps_4q_growth_year": 23.11,
            "roe": 3.17,
            "roe_4q": 8.43,
            "gross_profit": 1932027,
            "gross_margin": 18.89,
            "gross_margin_4q_avg": 17.43,
            "net_income": 597850,
            "net_income_4q": null,
            "revenue": 10230398,
            "revenue_4q": null,
            "common_shares": 9923971,
            "book_valuer_per_share": 19.03,
            "book_valuer_per_share_4q_avg": 18.72,
            "equity": 19159170,
            "current_ratio": 214.54,
            "debt_ratio": 56.1,
            "inventory_turnover_ratio": 1.34,
            "account_receivable_turnover_ratio": 0.88,
            "reinvestment_rate": 46.73,
            "research_to_sale_ratio": 2.88,
            "price_fair": 61.69,
            "eps_avg_yearly": 1.76,
            "eps_latest_yearly": 2.4,
            "eps_growth_yearly": 34.37
        },
        "20134": {
            "year_quarter": 20134,
            "year": 2013,
            "quarter": 4,
            "eps": 0.58,
            "eps_growth_year": 163.93,
            "eps_4q": 1.94,
            "eps_4q_growth_year": 52.86,
            "roe": 2.94,
            "roe_4q": 10.149999999999999,
            "gross_profit": 1893687,
            "gross_margin": 18.7,
            "gross_margin_4q_avg": 17.83,
            "net_income": 577421,
            "net_income_4q": null,
            "revenue": 10125974,
            "revenue_4q": null,
            "common_shares": 9923971,
            "book_valuer_per_share": 19.97,
            "book_valuer_per_share_4q_avg": 19.11,
            "equity": 20141807,
            "current_ratio": 217.53,
            "debt_ratio": 54.35,
            "inventory_turnover_ratio": 1.29,
            "account_receivable_turnover_ratio": 0.84,
            "reinvestment_rate": 23.51,
            "research_to_sale_ratio": 3.25,
            "price_fair": 62.21,
            "eps_avg_yearly": 1.78,
            "eps_latest_yearly": 2.32,
            "eps_growth_yearly": 43.77
        },
        "20141": {
            "year_quarter": 20141,
            "year": 2014,
            "quarter": 1,
            "eps": 0.35,
            "eps_growth_year": 29.63,
            "eps_4q": 2.03,
            "eps_4q_growth_year": 55.41,
            "roe": 1.75,
            "roe_4q": 10.489999999999998,
            "gross_profit": 1585213,
            "gross_margin": 18.06,
            "gross_margin_4q_avg": 18.28,
            "net_income": 355366,
            "net_income_4q": null,
            "revenue": 8777830,
            "revenue_4q": null,
            "common_shares": 9923971,
            "book_valuer_per_share": 20.27,
            "book_valuer_per_share_4q_avg": 19.43,
            "equity": 20443173,
            "current_ratio": 243.63,
            "debt_ratio": 54.47,
            "inventory_turnover_ratio": 1.1,
            "account_receivable_turnover_ratio": 0.75,
            "reinvestment_rate": 27.27,
            "research_to_sale_ratio": 3.58,
            "price_fair": 60.64,
            "eps_avg_yearly": 1.73,
            "eps_latest_yearly": 1.4,
            "eps_growth_yearly": 33.37
        },
        "20142": {
            "year_quarter": 20142,
            "year": 2014,
            "quarter": 2,
            "eps": 0.63,
            "eps_growth_year": 23.53,
            "eps_4q": 2.1,
            "eps_4q_growth_year": 46.32,
            "roe": 3.15,
            "roe_4q": 11.01,
            "gross_profit": 2075384,
            "gross_margin": 19.78,
            "gross_margin_4q_avg": 18.86,
            "net_income": 628683,
            "net_income_4q": null,
            "revenue": 10492911,
            "revenue_4q": null,
            "common_shares": 9923971,
            "book_valuer_per_share": 19.1,
            "book_valuer_per_share_4q_avg": 19.59,
            "equity": 19421025,
            "current_ratio": 210.1,
            "debt_ratio": 57.68,
            "inventory_turnover_ratio": 1.27,
            "account_receivable_turnover_ratio": 0.9,
            "reinvestment_rate": 23.42,
            "research_to_sale_ratio": 3.24,
            "price_fair": 57.75,
            "eps_avg_yearly": 1.65,
            "eps_latest_yearly": 2.52,
            "eps_growth_yearly": 33.09
        },
        "20143": {
            "year_quarter": 20143,
            "year": 2014,
            "quarter": 3,
            "eps": 0.69,
            "eps_growth_year": 15,
            "eps_4q": 2.2,
            "eps_4q_growth_year": 38.84,
            "roe": 3.53,
            "roe_4q": 11.37,
            "gross_profit": 2077340,
            "gross_margin": 19.26,
            "gross_margin_4q_avg": 18.95,
            "net_income": 708539,
            "net_income_4q": null,
            "revenue": 10788117,
            "revenue_4q": null,
            "common_shares": 10221690,
            "book_valuer_per_share": 19.76,
            "book_valuer_per_share_4q_avg": 19.78,
            "equity": 20701165,
            "current_ratio": 230.34,
            "debt_ratio": 56.08,
            "inventory_turnover_ratio": 1.28,
            "account_receivable_turnover_ratio": 0.86,
            "reinvestment_rate": 25.7,
            "research_to_sale_ratio": 3.07,
            "price_fair": 56.18,
            "eps_avg_yearly": 1.61,
            "eps_latest_yearly": 2.76,
            "eps_growth_yearly": 37.81
        },
        "20144": {
            "year_quarter": 20144,
            "year": 2014,
            "quarter": 4,
            "eps": 0.61,
            "eps_growth_year": 5.87,
            "eps_4q": 2.25,
            "eps_4q_growth_year": 15.89,
            "roe": 2.91,
            "roe_4q": 11.34,
            "gross_profit": 2041622,
            "gross_margin": 19.85,
            "gross_margin_4q_avg": 19.24,
            "net_income": 620433,
            "net_income_4q": null,
            "revenue": 10284467,
            "revenue_4q": null,
            "common_shares": 10221690,
            "book_valuer_per_share": 21.01,
            "book_valuer_per_share_4q_avg": 20.04,
            "equity": 21994465,
            "current_ratio": 268.83,
            "debt_ratio": 53.47,
            "inventory_turnover_ratio": 1.18,
            "account_receivable_turnover_ratio": 0.79,
            "reinvestment_rate": 37.5,
            "research_to_sale_ratio": 3.48,
            "price_fair": 59.06,
            "eps_avg_yearly": 1.69,
            "eps_latest_yearly": 2.44,
            "eps_growth_yearly": 51.87
        },
        "20151": {
            "year_quarter": 20151,
            "year": 2015,
            "quarter": 1,
            "eps": 0.53,
            "eps_growth_year": 51.43,
            "eps_4q": 2.43,
            "eps_4q_growth_year": 19.73,
            "roe": 2.42,
            "roe_4q": 12.01,
            "gross_profit": 1949195,
            "gross_margin": 21.37,
            "gross_margin_4q_avg": 20.07,
            "net_income": 535694,
            "net_income_4q": null,
            "revenue": 9119151,
            "revenue_4q": null,
            "common_shares": 10221690,
            "book_valuer_per_share": 21.32,
            "book_valuer_per_share_4q_avg": 20.3,
            "equity": 22314132,
            "current_ratio": 257.75,
            "debt_ratio": 52.29,
            "inventory_turnover_ratio": 1.04,
            "account_receivable_turnover_ratio": 0.71,
            "reinvestment_rate": 40.72,
            "research_to_sale_ratio": 3.47,
            "price_fair": 61.25,
            "eps_avg_yearly": 1.75,
            "eps_latest_yearly": 2.12,
            "eps_growth_yearly": 48.59
        },
        "20152": {
            "year_quarter": 20152,
            "year": 2015,
            "quarter": 2,
            "eps": 0.64,
            "eps_growth_year": 1.59,
            "eps_4q": 2.46,
            "eps_4q_growth_year": 17.55,
            "roe": 3.04,
            "roe_4q": 11.9,
            "gross_profit": 2132191,
            "gross_margin": 21.45,
            "gross_margin_4q_avg": 20.48,
            "net_income": 654097,
            "net_income_4q": null,
            "revenue": 9939069,
            "revenue_4q": null,
            "common_shares": 10221690,
            "book_valuer_per_share": 19.79,
            "book_valuer_per_share_4q_avg": 20.47,
            "equity": 20732838,
            "current_ratio": 214.28,
            "debt_ratio": 56.61,
            "inventory_turnover_ratio": 1.15,
            "account_receivable_turnover_ratio": 0.78,
            "reinvestment_rate": 41.12,
            "research_to_sale_ratio": 3.6,
            "price_fair": 64.49,
            "eps_avg_yearly": 1.84,
            "eps_latest_yearly": 2.56,
            "eps_growth_yearly": 54.67
        },
        "20153": {
            "year_quarter": 20153,
            "year": 2015,
            "quarter": 3,
            "eps": 0.77,
            "eps_growth_year": 11.59,
            "eps_4q": 2.55,
            "eps_4q_growth_year": 15.55,
            "roe": 3.63,
            "roe_4q": 12,
            "gross_profit": 2271319,
            "gross_margin": 23,
            "gross_margin_4q_avg": 21.42,
            "net_income": 783352,
            "net_income_4q": null,
            "revenue": 9876913,
            "revenue_4q": null,
            "common_shares": 10221690,
            "book_valuer_per_share": 21.46,
            "book_valuer_per_share_4q_avg": 20.9,
            "equity": 22465696,
            "current_ratio": 300.59,
            "debt_ratio": 54.34,
            "inventory_turnover_ratio": 1.14,
            "account_receivable_turnover_ratio": 0.75,
            "reinvestment_rate": 42.56,
            "research_to_sale_ratio": 3.55,
            "price_fair": 67.29,
            "eps_avg_yearly": 1.92,
            "eps_latest_yearly": 3.08,
            "eps_growth_yearly": 43.08
        },
        "20154": {
            "year_quarter": 20154,
            "year": 2015,
            "quarter": 4,
            "eps": 0.87,
            "eps_growth_year": 43.23,
            "eps_4q": 2.81,
            "eps_4q_growth_year": 24.67,
            "roe": 4.01,
            "roe_4q": 13.1,
            "gross_profit": 2394184,
            "gross_margin": 25.07,
            "gross_margin_4q_avg": 22.72,
            "net_income": 899633,
            "net_income_4q": null,
            "revenue": 9551810,
            "revenue_4q": null,
            "common_shares": 10221690,
            "book_valuer_per_share": 21.39,
            "book_valuer_per_share_4q_avg": 20.99,
            "equity": 22387755,
            "current_ratio": 303.45,
            "debt_ratio": 54.42,
            "inventory_turnover_ratio": 1.12,
            "account_receivable_turnover_ratio": 0.75,
            "reinvestment_rate": 39.33,
            "research_to_sale_ratio": 4.13,
            "price_fair": 72.8,
            "eps_avg_yearly": 2.08,
            "eps_latest_yearly": 3.48,
            "eps_growth_yearly": 58
        },
        "20161": {
            "year_quarter": 20161,
            "year": 2016,
            "quarter": 1,
            "eps": 0.55,
            "eps_growth_year": 3.77,
            "eps_4q": 2.83,
            "eps_4q_growth_year": 16.21,
            "roe": 2.45,
            "roe_4q": 13.129999999999999,
            "gross_profit": 2082112,
            "gross_margin": 24.31,
            "gross_margin_4q_avg": 23.46,
            "net_income": 553926,
            "net_income_4q": null,
            "revenue": 8564463,
            "revenue_4q": null,
            "common_shares": 10221690,
            "book_valuer_per_share": 21.87,
            "book_valuer_per_share_4q_avg": 21.13,
            "equity": 22918360,
            "current_ratio": 273.46,
            "debt_ratio": 53.31,
            "inventory_turnover_ratio": 1.05,
            "account_receivable_turnover_ratio": 0.72,
            "reinvestment_rate": 51.84,
            "research_to_sale_ratio": 3.64,
            "price_fair": 75.6,
            "eps_avg_yearly": 2.16,
            "eps_latest_yearly": 2.2,
            "eps_growth_yearly": 49.84
        },
        "20162": {
            "year_quarter": 20162,
            "year": 2016,
            "quarter": 2,
            "eps": 0.79,
            "eps_growth_year": 23.44,
            "eps_4q": 2.82,
            "eps_4q_growth_year": 14.48,
            "roe": 3.94,
            "roe_4q": 14.030000000000001,
            "gross_profit": 2396420,
            "gross_margin": 24.13,
            "gross_margin_4q_avg": 24.13,
            "net_income": 876172,
            "net_income_4q": null,
            "revenue": 9931313,
            "revenue_4q": null,
            "common_shares": 10221690,
            "book_valuer_per_share": 20.5,
            "book_valuer_per_share_4q_avg": 21.31,
            "equity": 21541066,
            "current_ratio": 236.31,
            "debt_ratio": 57.54,
            "inventory_turnover_ratio": 1.2,
            "account_receivable_turnover_ratio": 0.84,
            "reinvestment_rate": 51.32,
            "research_to_sale_ratio": 3.43,
            "price_fair": 79.19,
            "eps_avg_yearly": 2.26,
            "eps_latest_yearly": 3.16,
            "eps_growth_yearly": 44.45
        },
        "20163": {
            "year_quarter": 20163,
            "year": 2016,
            "quarter": 3,
            "eps": 0.67,
            "eps_growth_year": -12.99,
            "eps_4q": 2.78,
            "eps_4q_growth_year": 9.04,
            "roe": 3.4,
            "roe_4q": 13.799999999999999,
            "gross_profit": 2217670,
            "gross_margin": 22.64,
            "gross_margin_4q_avg": 24.04,
            "net_income": 730650,
            "net_income_4q": null,
            "revenue": 9797454,
            "revenue_4q": null,
            "common_shares": 11039425,
            "book_valuer_per_share": 18.9,
            "book_valuer_per_share_4q_avg": 20.67,
            "equity": 21437183,
            "current_ratio": 225,
            "debt_ratio": 57.41,
            "inventory_turnover_ratio": 1.19,
            "account_receivable_turnover_ratio": 0.8,
            "reinvestment_rate": 49.53,
            "research_to_sale_ratio": 3.63,
            "price_fair": 81.2,
            "eps_avg_yearly": 2.32,
            "eps_latest_yearly": 2.68,
            "eps_growth_yearly": 36.7
        },
        "20164": {
            "year_quarter": 20164,
            "year": 2016,
            "quarter": 4,
            "eps": 0.41,
            "eps_growth_year": -52.77,
            "eps_4q": 2.38,
            "eps_4q_growth_year": -15.32,
            "roe": 2.09,
            "roe_4q": 11.879999999999999,
            "gross_profit": 1886297,
            "gross_margin": 18.16,
            "gross_margin_4q_avg": 22.31,
            "net_income": 445407,
            "net_income_4q": null,
            "revenue": 10386410,
            "revenue_4q": null,
            "common_shares": 11039425,
            "book_valuer_per_share": 18.74,
            "book_valuer_per_share_4q_avg": 20,
            "equity": 21239229,
            "current_ratio": 226.88,
            "debt_ratio": 59,
            "inventory_turnover_ratio": 1.31,
            "account_receivable_turnover_ratio": 0.82,
            "reinvestment_rate": 46.43,
            "research_to_sale_ratio": 3.77,
            "price_fair": 82.86,
            "eps_avg_yearly": 2.37,
            "eps_latest_yearly": 1.64,
            "eps_growth_yearly": 39.5
        },
        "20171": {
            "year_quarter": 20171,
            "year": 2017,
            "quarter": 1,
            "eps": 0.44,
            "eps_growth_year": -20,
            "eps_4q": 2.32,
            "eps_4q_growth_year": -18.14,
            "roe": 2.29,
            "roe_4q": 11.719999999999999,
            "gross_profit": 1688681,
            "gross_margin": 18.38,
            "gross_margin_4q_avg": 20.83,
            "net_income": 479142,
            "net_income_4q": null,
            "revenue": 9186919,
            "revenue_4q": null,
            "common_shares": 11039425,
            "book_valuer_per_share": 18.16,
            "book_valuer_per_share_4q_avg": 19.08,
            "equity": 20581414,
            "current_ratio": 217.87,
            "debt_ratio": 59.47,
            "inventory_turnover_ratio": 1.09,
            "account_receivable_turnover_ratio": 0.74,
            "reinvestment_rate": 44.57,
            "research_to_sale_ratio": 3.37,
            "price_fair": 84.35,
            "eps_avg_yearly": 2.41,
            "eps_latest_yearly": 1.76,
            "eps_growth_yearly": 35.65
        },
        "20172": {
            "year_quarter": 20172,
            "year": 2017,
            "quarter": 2,
            "eps": 0.26,
            "eps_growth_year": -67.09,
            "eps_4q": 1.71,
            "eps_4q_growth_year": -39.47,
            "roe": 1.39,
            "roe_4q": 9.17,
            "gross_profit": 1721679,
            "gross_margin": 17.44,
            "gross_margin_4q_avg": 19.16,
            "net_income": 279892,
            "net_income_4q": null,
            "revenue": 9869718,
            "revenue_4q": null,
            "common_shares": 11039425,
            "book_valuer_per_share": 17.35,
            "book_valuer_per_share_4q_avg": 18.29,
            "equity": 19700595,
            "current_ratio": 187.89,
            "debt_ratio": 62.16,
            "inventory_turnover_ratio": 1.13,
            "account_receivable_turnover_ratio": 0.79,
            "reinvestment_rate": 53.6,
            "research_to_sale_ratio": 3.32,
            "price_fair": 30.98,
            "eps_avg_yearly": 2.35,
            "eps_latest_yearly": 1.04,
            "eps_growth_yearly": 3.2
        },
        "20173": {
            "year_quarter": 20173,
            "year": 2017,
            "quarter": 3,
            "eps": 0.39,
            "eps_growth_year": -41.79,
            "eps_4q": 1.46,
            "eps_4q_growth_year": -47.38,
            "roe": 2.16,
            "roe_4q": 7.93,
            "gross_profit": 2060743,
            "gross_margin": 18.15,
            "gross_margin_4q_avg": 18.03,
            "net_income": 434789,
            "net_income_4q": null,
            "revenue": 11353765,
            "revenue_4q": null,
            "common_shares": 11591397,
            "book_valuer_per_share": 17.2,
            "book_valuer_per_share_4q_avg": 17.86,
            "equity": 20464141,
            "current_ratio": 185.68,
            "debt_ratio": 62.13,
            "inventory_turnover_ratio": 1.29,
            "account_receivable_turnover_ratio": 0.82,
            "reinvestment_rate": 57.48,
            "research_to_sale_ratio": 2.92,
            "price_fair": 48.85,
            "eps_avg_yearly": 2.3,
            "eps_latest_yearly": 1.56,
            "eps_growth_yearly": 11.29
        },
        "20174": {
            "year_quarter": 20174,
            "year": 2017,
            "quarter": 4,
            "eps": 0.58,
            "eps_growth_year": 40.57,
            "eps_4q": 1.65,
            "eps_4q_growth_year": -30.75,
            "roe": 3.23,
            "roe_4q": 9.07,
            "gross_profit": 1967173,
            "gross_margin": 17.66,
            "gross_margin_4q_avg": 17.91,
            "net_income": 670277,
            "net_income_4q": null,
            "revenue": 11140715,
            "revenue_4q": null,
            "common_shares": 11591397,
            "book_valuer_per_share": 17.69,
            "book_valuer_per_share_4q_avg": 17.6,
            "equity": 21068111,
            "current_ratio": 182.9,
            "debt_ratio": 62.69,
            "inventory_turnover_ratio": 1.23,
            "account_receivable_turnover_ratio": 0.75,
            "reinvestment_rate": 58.69,
            "research_to_sale_ratio": 3.09,
            "price_fair": 78.72,
            "eps_avg_yearly": 2.3,
            "eps_latest_yearly": 2.32,
            "eps_growth_yearly": 24.3
        },
        "20181": {
            "year_quarter": 20181,
            "year": 2018,
            "quarter": 1,
            "eps": 0.21,
            "eps_growth_year": -52.27,
            "eps_4q": 1.43,
            "eps_4q_growth_year": -38.15,
            "roe": 1.01,
            "roe_4q": 7.79,
            "gross_profit": 1582630,
            "gross_margin": 15.96,
            "gross_margin_4q_avg": 17.3,
            "net_income": 217932,
            "net_income_4q": null,
            "revenue": 9915553,
            "revenue_4q": null,
            "common_shares": 11591397,
            "book_valuer_per_share": 18.5,
            "book_valuer_per_share_4q_avg": 17.69,
            "equity": 21998121,
            "current_ratio": 177.27,
            "debt_ratio": 61.55,
            "inventory_turnover_ratio": 1.04,
            "account_receivable_turnover_ratio": 0.67,
            "reinvestment_rate": 55.47,
            "research_to_sale_ratio": 2.96,
            "price_fair": 63.88,
            "eps_avg_yearly": 2.26,
            "eps_latest_yearly": 0.84,
            "eps_growth_yearly": 18.27
        },
        "20182": {
            "year_quarter": 20182,
            "year": 2018,
            "quarter": 2,
            "eps": 0.55,
            "eps_growth_year": 111.54,
            "eps_4q": 1.65,
            "eps_4q_growth_year": -3.53,
            "roe": 3.05,
            "roe_4q": 9.45,
            "gross_profit": 2078181,
            "gross_margin": 17.65,
            "gross_margin_4q_avg": 17.36,
            "net_income": 666446,
            "net_income_4q": null,
            "revenue": 11775746,
            "revenue_4q": null,
            "common_shares": 11591397,
            "book_valuer_per_share": 18.31,
            "book_valuer_per_share_4q_avg": 17.93,
            "equity": 21748362,
            "current_ratio": 180.18,
            "debt_ratio": 62.27,
            "inventory_turnover_ratio": 1.14,
            "account_receivable_turnover_ratio": 0.78,
            "reinvestment_rate": 58.24,
            "research_to_sale_ratio": 2.8,
            "price_fair": 78.4,
            "eps_avg_yearly": 2.24,
            "eps_latest_yearly": 2.2,
            "eps_growth_yearly": 38.74
        },
        "20183": {
            "year_quarter": 20183,
            "year": 2018,
            "quarter": 3,
            "eps": 0.35,
            "eps_growth_year": -10.26,
            "eps_4q": 1.63,
            "eps_4q_growth_year": 11.55,
            "roe": 1.95,
            "roe_4q": 9.24,
            "gross_profit": 1955810,
            "gross_margin": 17.52,
            "gross_margin_4q_avg": 17.2,
            "net_income": 420757,
            "net_income_4q": null,
            "revenue": 11162523,
            "revenue_4q": null,
            "common_shares": 12402795,
            "book_valuer_per_share": 16.69,
            "book_valuer_per_share_4q_avg": 17.8,
            "equity": 21330902,
            "current_ratio": 202.65,
            "debt_ratio": 61.73,
            "inventory_turnover_ratio": 1.09,
            "account_receivable_turnover_ratio": 0.72,
            "reinvestment_rate": 54.4,
            "research_to_sale_ratio": 2.91,
            "price_fair": 75.43,
            "eps_avg_yearly": 2.16,
            "eps_latest_yearly": 1.4,
            "eps_growth_yearly": 27.27
        },
        "20184": {
            "year_quarter": 20184,
            "year": 2018,
            "quarter": 4,
            "eps": 0.16,
            "eps_growth_year": -71.84,
            "eps_4q": 1.25,
            "eps_4q_growth_year": -24.12,
            "roe": 0.87,
            "roe_4q": 6.879999999999999,
            "gross_profit": 1663218,
            "gross_margin": 15.92,
            "gross_margin_4q_avg": 16.76,
            "net_income": 187188,
            "net_income_4q": null,
            "revenue": 10446333,
            "revenue_4q": null,
            "common_shares": 12402795,
            "book_valuer_per_share": 16.93,
            "book_valuer_per_share_4q_avg": 17.61,
            "equity": 21625169,
            "current_ratio": 211.74,
            "debt_ratio": 60.22,
            "inventory_turnover_ratio": 1.09,
            "account_receivable_turnover_ratio": 0.7,
            "reinvestment_rate": 53.27,
            "research_to_sale_ratio": 3.3,
            "price_fair": 54.32,
            "eps_avg_yearly": 2.04,
            "eps_latest_yearly": 0.64,
            "eps_growth_yearly": 16.6
        },
        "20191": {
            "year_quarter": 20191,
            "year": 2019,
            "quarter": 1,
            "eps": 0.59,
            "eps_growth_year": 180.95,
            "eps_4q": 1.65,
            "eps_4q_growth_year": 14.91,
            "roe": 3.21,
            "roe_4q": 9.08,
            "gross_profit": 1591578,
            "gross_margin": 16.86,
            "gross_margin_4q_avg": 16.99,
            "net_income": 719310,
            "net_income_4q": null,
            "revenue": 9437817,
            "revenue_4q": null,
            "common_shares": 12402795,
            "book_valuer_per_share": 18.19,
            "book_valuer_per_share_4q_avg": 17.53,
            "equity": 23175952,
            "current_ratio": 189.83,
            "debt_ratio": 58.53,
            "inventory_turnover_ratio": 1.01,
            "account_receivable_turnover_ratio": 0.62,
            "reinvestment_rate": 53.07,
            "research_to_sale_ratio": 3.24,
            "price_fair": 72.01,
            "eps_avg_yearly": 2.06,
            "eps_latest_yearly": 2.36,
            "eps_growth_yearly": 87.06
        },
        "20192": {
            "year_quarter": 20192,
            "year": 2019,
            "quarter": 2,
            "eps": 0.49,
            "eps_growth_year": -10.91,
            "eps_4q": 1.59,
            "eps_4q_growth_year": -3.47,
            "roe": 2.66,
            "roe_4q": 8.69,
            "gross_profit": 2063440,
            "gross_margin": 19.94,
            "gross_margin_4q_avg": 17.56,
            "net_income": 606018,
            "net_income_4q": null,
            "revenue": 10347690,
            "revenue_4q": null,
            "common_shares": 12402795,
            "book_valuer_per_share": 17.49,
            "book_valuer_per_share_4q_avg": 17.33,
            "equity": 22305092,
            "current_ratio": 173.96,
            "debt_ratio": 60.5,
            "inventory_turnover_ratio": 1.07,
            "account_receivable_turnover_ratio": 0.65,
            "reinvestment_rate": 38.82,
            "research_to_sale_ratio": 3.18,
            "price_fair": 70.7,
            "eps_avg_yearly": 2.02,
            "eps_latest_yearly": 1.96,
            "eps_growth_yearly": 77.64
        },
        "20193": {
            "year_quarter": 20193,
            "year": 2019,
            "quarter": 3,
            "eps": 0.46,
            "eps_growth_year": 31.43,
            "eps_4q": 1.71,
            "eps_4q_growth_year": 4.76,
            "roe": 2.57,
            "roe_4q": 9.31,
            "gross_profit": 2094554,
            "gross_margin": 20.13,
            "gross_margin_4q_avg": 18.21,
            "net_income": 565871,
            "net_income_4q": null,
            "revenue": 10406109,
            "revenue_4q": null,
            "common_shares": 12402795,
            "book_valuer_per_share": 17.11,
            "book_valuer_per_share_4q_avg": 17.43,
            "equity": 21815576,
            "current_ratio": 174.53,
            "debt_ratio": 60.41,
            "inventory_turnover_ratio": 1.1,
            "account_receivable_turnover_ratio": 0.65,
            "reinvestment_rate": 21.42,
            "research_to_sale_ratio": 3.46,
            "price_fair": 67.99,
            "eps_avg_yearly": 1.94,
            "eps_latest_yearly": 1.84,
            "eps_growth_yearly": 71.03
        },
        "20194": {
            "year_quarter": 20194,
            "year": 2019,
            "quarter": 4,
            "eps": 0.45,
            "eps_growth_year": 172.68,
            "eps_4q": 1.99,
            "eps_4q_growth_year": 59.07,
            "roe": 2.46,
            "roe_4q": 10.899999999999999,
            "gross_profit": 2107381,
            "gross_margin": 20.72,
            "gross_margin_4q_avg": 19.41,
            "net_income": 536882,
            "net_income_4q": null,
            "revenue": 10171622,
            "revenue_4q": null,
            "common_shares": 12402795,
            "book_valuer_per_share": 17.27,
            "book_valuer_per_share_4q_avg": 17.52,
            "equity": 21919735,
            "current_ratio": 190.97,
            "debt_ratio": 59.25,
            "inventory_turnover_ratio": 1.11,
            "account_receivable_turnover_ratio": 0.66,
            "reinvestment_rate": 16.22,
            "research_to_sale_ratio": 3.68,
            "price_fair": 64.31,
            "eps_avg_yearly": 1.84,
            "eps_latest_yearly": 1.8,
            "eps_growth_yearly": 67.24
        },
        "20201": {
            "year_quarter": 20201,
            "year": 2020,
            "quarter": 1,
            "eps": 0.17,
            "eps_growth_year": -71.19,
            "eps_4q": 1.57,
            "eps_4q_growth_year": -4.66,
            "roe": 0.93,
            "roe_4q": 8.620000000000001,
            "gross_profit": 1621950,
            "gross_margin": 21.26,
            "gross_margin_4q_avg": 20.51,
            "net_income": 203445,
            "net_income_4q": null,
            "revenue": 7629515,
            "revenue_4q": null,
            "common_shares": 12402795,
            "book_valuer_per_share": 17.25,
            "book_valuer_per_share_4q_avg": 17.28,
            "equity": 21883153,
            "current_ratio": 212.98,
            "debt_ratio": 58.38,
            "inventory_turnover_ratio": 0.82,
            "account_receivable_turnover_ratio": 0.53,
            "reinvestment_rate": 1.34,
            "research_to_sale_ratio": 3.81,
            "price_fair": 60.99,
            "eps_avg_yearly": 1.74,
            "eps_latest_yearly": 0.68,
            "eps_growth_yearly": 60.88
        },
        "20202": {
            "year_quarter": 20202,
            "year": 2020,
            "quarter": 2,
            "eps": 0.52,
            "eps_growth_year": 6.12,
            "eps_4q": 1.6,
            "eps_4q_growth_year": 0.93,
            "roe": 3.03,
            "roe_4q": 8.99,
            "gross_profit": 2128621,
            "gross_margin": 23.77,
            "gross_margin_4q_avg": 21.47,
            "net_income": 638290,
            "net_income_4q": null,
            "revenue": 8956132,
            "revenue_4q": null,
            "common_shares": 12402795,
            "book_valuer_per_share": 16.03,
            "book_valuer_per_share_4q_avg": 16.92,
            "equity": 20301418,
            "current_ratio": 179.3,
            "debt_ratio": 61.53,
            "inventory_turnover_ratio": 0.92,
            "account_receivable_turnover_ratio": 0.65,
            "reinvestment_rate": -7.55,
            "research_to_sale_ratio": 3.84,
            "price_fair": 58.63,
            "eps_avg_yearly": 1.68,
            "eps_latest_yearly": 2.08,
            "eps_growth_yearly": 101.44
        },
        "20203": {
            "year_quarter": 20203,
            "year": 2020,
            "quarter": 3,
            "eps": 0.72,
            "eps_growth_year": 56.52,
            "eps_4q": 1.86,
            "eps_4q_growth_year": 9.17,
            "roe": 4.22,
            "roe_4q": 10.64,
            "gross_profit": 2390182,
            "gross_margin": 24.17,
            "gross_margin_4q_avg": 22.48,
            "net_income": 888507,
            "net_income_4q": null,
            "revenue": 9888564,
            "revenue_4q": null,
            "common_shares": 12402795,
            "book_valuer_per_share": 17.22,
            "book_valuer_per_share_4q_avg": 16.94,
            "equity": 21774843,
            "current_ratio": 225.95,
            "debt_ratio": 59.24,
            "inventory_turnover_ratio": 1.03,
            "account_receivable_turnover_ratio": 0.68,
            "reinvestment_rate": -8.25,
            "research_to_sale_ratio": 3.59,
            "price_fair": 59.06,
            "eps_avg_yearly": 1.69,
            "eps_latest_yearly": 2.88,
            "eps_growth_yearly": 114.85
        },
        "20204": {
            "year_quarter": 20204,
            "year": 2020,
            "quarter": 4,
            "eps": 0.63,
            "eps_growth_year": 42.17,
            "eps_4q": 2.05,
            "eps_4q_growth_year": 3.13,
            "roe": 3.39,
            "roe_4q": 11.569999999999999,
            "gross_profit": 2745135,
            "gross_margin": 23.08,
            "gross_margin_4q_avg": 23.07,
            "net_income": 762975,
            "net_income_4q": null,
            "revenue": 11896155,
            "revenue_4q": null,
            "common_shares": 12402795,
            "book_valuer_per_share": 18.41,
            "book_valuer_per_share_4q_avg": 17.23,
            "equity": 23238302,
            "current_ratio": 210.29,
            "debt_ratio": 58.64,
            "inventory_turnover_ratio": 1.25,
            "account_receivable_turnover_ratio": 0.74,
            "reinvestment_rate": -8.69,
            "research_to_sale_ratio": 3.33,
            "price_fair": 60.99,
            "eps_avg_yearly": 1.74,
            "eps_latest_yearly": 2.52,
            "eps_growth_yearly": 121.43
        },
        "20211": {
            "year_quarter": 20211,
            "year": 2021,
            "quarter": 1,
            "eps": 0.66,
            "eps_growth_year": 288.24,
            "eps_4q": 2.54,
            "eps_4q_growth_year": 62.15,
            "roe": 3.52,
            "roe_4q": 14.159999999999998,
            "gross_profit": 2562576,
            "gross_margin": 22.88,
            "gross_margin_4q_avg": 23.48,
            "net_income": 828176,
            "net_income_4q": null,
            "revenue": 11202419,
            "revenue_4q": null,
            "common_shares": 12402795,
            "book_valuer_per_share": 18.9,
            "book_valuer_per_share_4q_avg": 17.64,
            "equity": 23825628,
            "current_ratio": 200.03,
            "debt_ratio": 58.6,
            "inventory_turnover_ratio": 1.08,
            "account_receivable_turnover_ratio": 0.64,
            "reinvestment_rate": -13.73,
            "research_to_sale_ratio": 3,
            "price_fair": 62.91,
            "eps_avg_yearly": 1.8,
            "eps_latest_yearly": 2.64,
            "eps_growth_yearly": 120.79
        },
        "20212": {
            "year_quarter": 20212,
            "year": 2021,
            "quarter": 2,
            "eps": 0.87,
            "eps_growth_year": 67.31,
            "eps_4q": 2.89,
            "eps_4q_growth_year": 79.97,
            "roe": 4.39,
            "roe_4q": 15.52,
            "gross_profit": 2895797,
            "gross_margin": 21.92,
            "gross_margin_4q_avg": 23.01,
            "net_income": 1064342,
            "net_income_4q": null,
            "revenue": 13211055,
            "revenue_4q": null,
            "common_shares": 12402795,
            "book_valuer_per_share": 19.63,
            "book_valuer_per_share_4q_avg": 18.54,
            "equity": 24708990,
            "current_ratio": 197.26,
            "debt_ratio": 58.69,
            "inventory_turnover_ratio": 1.14,
            "account_receivable_turnover_ratio": 0.72,
            "reinvestment_rate": -22.19,
            "research_to_sale_ratio": 2.71,
            "price_fair": 68.25,
            "eps_avg_yearly": 1.95,
            "eps_latest_yearly": 3.48,
            "eps_growth_yearly": 138.97
        },
        "20213": {
            "year_quarter": 20213,
            "year": 2021,
            "quarter": 3,
            "eps": 0.79,
            "eps_growth_year": 9.72,
            "eps_4q": 2.96,
            "eps_4q_growth_year": 58.63,
            "roe": 4.08,
            "roe_4q": 15.379999999999999,
            "gross_profit": 2685388,
            "gross_margin": 20.64,
            "gross_margin_4q_avg": 22.13,
            "net_income": 985855,
            "net_income_4q": null,
            "revenue": 13010194,
            "revenue_4q": null,
            "common_shares": 12402795,
            "book_valuer_per_share": 18.76,
            "book_valuer_per_share_4q_avg": 18.93,
            "equity": 23639994,
            "current_ratio": 180.5,
            "debt_ratio": 60.74,
            "inventory_turnover_ratio": 1.05,
            "account_receivable_turnover_ratio": 0.67,
            "reinvestment_rate": -22.34,
            "research_to_sale_ratio": 3.04,
            "price_fair": 71.75,
            "eps_avg_yearly": 2.05,
            "eps_latest_yearly": 3.16,
            "eps_growth_yearly": 124.17
        },
        "20214": {
            "year_quarter": 20214,
            "year": 2021,
            "quarter": 4,
            "eps": 0.54,
            "eps_growth_year": -14.78,
            "eps_4q": 2.86,
            "eps_4q_growth_year": 39.54,
            "roe": 2.51,
            "roe_4q": 14.5,
            "gross_profit": 2550387,
            "gross_margin": 19.55,
            "gross_margin_4q_avg": 21.25,
            "net_income": 607337,
            "net_income_4q": null,
            "revenue": 13047729,
            "revenue_4q": null,
            "common_shares": 12402795,
            "book_valuer_per_share": 19.54,
            "book_valuer_per_share_4q_avg": 19.21,
            "equity": 24666857,
            "current_ratio": 189.73,
            "debt_ratio": 59.25,
            "inventory_turnover_ratio": 1.01,
            "account_receivable_turnover_ratio": 0.66,
            "reinvestment_rate": -23.89,
            "research_to_sale_ratio": 3.35,
            "price_fair": 71.4,
            "eps_avg_yearly": 2.04,
            "eps_latest_yearly": 2.16,
            "eps_growth_yearly": 104.08
        },
        "20221": {
            "year_quarter": 20221,
            "year": 2022,
            "quarter": 1,
            "eps": 0.72,
            "eps_growth_year": 9.09,
            "eps_4q": 2.91,
            "eps_4q_growth_year": 14.47,
            "roe": 3.48,
            "roe_4q": 14.46,
            "gross_profit": 2745472,
            "gross_margin": 22.21,
            "gross_margin_4q_avg": 21.08,
            "net_income": 891812,
            "net_income_4q": null,
            "revenue": 12363833,
            "revenue_4q": null,
            "common_shares": 12402795,
            "book_valuer_per_share": 21.12,
            "book_valuer_per_share_4q_avg": 19.76,
            "equity": 26514089,
            "current_ratio": 180.51,
            "debt_ratio": 57.77,
            "inventory_turnover_ratio": 0.86,
            "account_receivable_turnover_ratio": 0.62,
            "reinvestment_rate": -16.07,
            "research_to_sale_ratio": 3.11,
            "price_fair": 75.86,
            "eps_avg_yearly": 2.17,
            "eps_latest_yearly": 2.88,
            "eps_growth_yearly": 128.36
        },
        "20222": {
            "year_quarter": 20222,
            "year": 2022,
            "quarter": 2,
            "eps": 0.72,
            "eps_growth_year": -17.24,
            "eps_4q": 2.77,
            "eps_4q_growth_year": -4.2,
            "roe": 3.5,
            "roe_4q": 13.57,
            "gross_profit": 2898611,
            "gross_margin": 21.98,
            "gross_margin_4q_avg": 21.1,
            "net_income": 899283,
            "net_income_4q": null,
            "revenue": 13184770,
            "revenue_4q": null,
            "common_shares": 12402795,
            "book_valuer_per_share": 19.79,
            "book_valuer_per_share_4q_avg": 19.8,
            "equity": 24838736,
            "current_ratio": 170.52,
            "debt_ratio": 60.59,
            "inventory_turnover_ratio": 0.86,
            "account_receivable_turnover_ratio": 0.68,
            "reinvestment_rate": -16.49,
            "research_to_sale_ratio": 3.01,
            "price_fair": 77.35,
            "eps_avg_yearly": 2.21,
            "eps_latest_yearly": 2.88,
            "eps_growth_yearly": 87.89
        },
        "20223": {
            "year_quarter": 20223,
            "year": 2022,
            "quarter": 3,
            "eps": 0.41,
            "eps_growth_year": -48.1,
            "eps_4q": 2.49,
            "eps_4q_growth_year": -15.66,
            "roe": 1.94,
            "roe_4q": 11.43,
            "gross_profit": 2123668,
            "gross_margin": 18.16,
            "gross_margin_4q_avg": 20.48,
            "net_income": 482075,
            "net_income_4q": null,
            "revenue": 11694502,
            "revenue_4q": null,
            "common_shares": 11782655,
            "book_valuer_per_share": 20.9,
            "book_valuer_per_share_4q_avg": 20.34,
            "equity": 24897292,
            "current_ratio": 176.42,
            "debt_ratio": 59.6,
            "inventory_turnover_ratio": 0.86,
            "account_receivable_turnover_ratio": 0.63,
            "reinvestment_rate": -10.32,
            "research_to_sale_ratio": 3.31,
            "price_fair": 77.88,
            "eps_avg_yearly": 2.23,
            "eps_latest_yearly": 1.64,
            "eps_growth_yearly": 86.21
        },
        "20224": {
            "year_quarter": 20224,
            "year": 2022,
            "quarter": 4,
            "eps": 0.3,
            "eps_growth_year": -44.91,
            "eps_4q": 2.22,
            "eps_4q_growth_year": -22.37,
            "roe": 1.39,
            "roe_4q": 10.31,
            "gross_profit": 2395034,
            "gross_margin": 20.35,
            "gross_margin_4q_avg": 20.68,
            "net_income": 346311,
            "net_income_4q": null,
            "revenue": 11770995,
            "revenue_4q": null,
            "common_shares": 11782655,
            "book_valuer_per_share": 21.01,
            "book_valuer_per_share_4q_avg": 20.71,
            "equity": 25071340,
            "current_ratio": 205.57,
            "debt_ratio": 57.83,
            "inventory_turnover_ratio": 0.94,
            "account_receivable_turnover_ratio": 0.67,
            "reinvestment_rate": -9.76,
            "research_to_sale_ratio": 4.08,
            "price_fair": 79.1,
            "eps_avg_yearly": 2.26,
            "eps_latest_yearly": 1.2,
            "eps_growth_yearly": 93.08
        },
        "20231": {
            "year_quarter": 20231,
            "year": 2023,
            "quarter": 1,
            "eps": 0.12,
            "eps_growth_year": -83.33,
            "eps_4q": 1.58,
            "eps_4q_growth_year": -45.64,
            "roe": 0.55,
            "roe_4q": 7.38,
            "gross_profit": 1709855,
            "gross_margin": 17.86,
            "gross_margin_4q_avg": 19.59,
            "net_income": 133647,
            "net_income_4q": null,
            "revenue": 9575492,
            "revenue_4q": null,
            "common_shares": 11782655,
            "book_valuer_per_share": 20.04,
            "book_valuer_per_share_4q_avg": 20.44,
            "equity": 23925807,
            "current_ratio": 186.66,
            "debt_ratio": 58.78,
            "inventory_turnover_ratio": 0.81,
            "account_receivable_turnover_ratio": 0.59,
            "reinvestment_rate": -12.89,
            "research_to_sale_ratio": 3.77,
            "price_fair": 44.76,
            "eps_avg_yearly": 2.14,
            "eps_latest_yearly": 0.48,
            "eps_growth_yearly": 10.89
        },
        "20232": {
            "year_quarter": 20232,
            "year": 2023,
            "quarter": 2,
            "eps": 0.3,
            "eps_growth_year": -58.33,
            "eps_4q": 1.13,
            "eps_4q_growth_year": -59.1,
            "roe": 1.5,
            "roe_4q": 5.379999999999999,
            "gross_profit": 2070285,
            "gross_margin": 19.08,
            "gross_margin_4q_avg": 18.86,
            "net_income": 356251,
            "net_income_4q": null,
            "revenue": 10849709,
            "revenue_4q": null,
            "common_shares": 11782655,
            "book_valuer_per_share": 19.66,
            "book_valuer_per_share_4q_avg": 20.4,
            "equity": 23449488,
            "current_ratio": 213.66,
            "debt_ratio": 58.76,
            "inventory_turnover_ratio": 0.94,
            "account_receivable_turnover_ratio": 0.72,
            "reinvestment_rate": -4.35,
            "research_to_sale_ratio": 3.61,
            "price_fair": 73.33,
            "eps_avg_yearly": 2.1,
            "eps_latest_yearly": 1.2,
            "eps_growth_yearly": 52.63
        },
        "20233": {
            "year_quarter": 20233,
            "year": 2023,
            "quarter": 3,
            "eps": 0.51,
            "eps_growth_year": 24.39,
            "eps_4q": 1.23,
            "eps_4q_growth_year": -50.79,
            "roe": 2.44,
            "roe_4q": 5.88,
            "gross_profit": 2306199,
            "gross_margin": 20.47,
            "gross_margin_4q_avg": 19.44,
            "net_income": 594637,
            "net_income_4q": null,
            "revenue": 11267525,
            "revenue_4q": null,
            "common_shares": 11782655,
            "book_valuer_per_share": 21.26,
            "book_valuer_per_share_4q_avg": 20.49,
            "equity": 25342294,
            "current_ratio": 218.58,
            "debt_ratio": 57.83,
            "inventory_turnover_ratio": 1.02,
            "account_receivable_turnover_ratio": 0.71,
            "reinvestment_rate": 8.86,
            "research_to_sale_ratio": 3.41,
            "price_fair": 73.76,
            "eps_avg_yearly": 2.11,
            "eps_latest_yearly": 2.04,
            "eps_growth_yearly": 71.66
        }
    },
    "months": {
        "2001-06": {
            "month": "2001-06",
            "price": "16.00",
            "revenue": 982164
        },
        "2001-07": {
            "month": "2001-07",
            "price": "12.69",
            "revenue": 1005562
        },
        "2001-08": {
            "month": "2001-08",
            "price": "13.05",
            "revenue": 1145779
        },
        "2001-09": {
            "month": "2001-09",
            "price": "13.61",
            "revenue": 1005143
        },
        "2001-10": {
            "month": "2001-10",
            "price": "13.01",
            "revenue": 1095379
        },
        "2001-11": {
            "month": "2001-11",
            "price": "13.95",
            "revenue": 1031064
        },
        "2001-12": {
            "month": "2001-12",
            "price": "16.50",
            "revenue": 919161
        },
        "2002-01": {
            "month": "2002-01",
            "price": "17.59",
            "revenue": 1035608
        },
        "2002-02": {
            "month": "2002-02",
            "price": "20.80",
            "revenue": 716165
        },
        "2002-03": {
            "month": "2002-03",
            "price": "24.61",
            "revenue": 1243977
        },
        "2002-04": {
            "month": "2002-04",
            "price": "27.50",
            "revenue": 1125938
        },
        "2002-05": {
            "month": "2002-05",
            "price": "26.70",
            "revenue": 1155224
        },
        "2002-06": {
            "month": "2002-06",
            "price": "25.93",
            "revenue": 1024768
        },
        "2002-07": {
            "month": "2002-07",
            "price": "24.59",
            "revenue": 1079136
        },
        "2002-08": {
            "month": "2002-08",
            "price": "25.09",
            "revenue": 1126517
        },
        "2002-09": {
            "month": "2002-09",
            "price": "22.82",
            "revenue": 1041366
        },
        "2002-10": {
            "month": "2002-10",
            "price": "19.68",
            "revenue": 1140869
        },
        "2002-11": {
            "month": "2002-11",
            "price": "22.90",
            "revenue": 1030189
        },
        "2002-12": {
            "month": "2002-12",
            "price": "23.21",
            "revenue": 988542
        },
        "2003-01": {
            "month": "2003-01",
            "price": "24.97",
            "revenue": 1047065
        },
        "2003-02": {
            "month": "2003-02",
            "price": "22.00",
            "revenue": 879742
        },
        "2003-03": {
            "month": "2003-03",
            "price": "20.59",
            "revenue": 1102258
        },
        "2003-04": {
            "month": "2003-04",
            "price": "19.92",
            "revenue": 1090187
        },
        "2003-05": {
            "month": "2003-05",
            "price": "17.31",
            "revenue": 1058223
        },
        "2003-06": {
            "month": "2003-06",
            "price": "18.34",
            "revenue": 965117
        },
        "2003-07": {
            "month": "2003-07",
            "price": "17.93",
            "revenue": 1051170
        },
        "2003-08": {
            "month": "2003-08",
            "price": "17.47",
            "revenue": 1115386
        },
        "2003-09": {
            "month": "2003-09",
            "price": "17.28",
            "revenue": 1182736
        },
        "2003-10": {
            "month": "2003-10",
            "price": "17.46",
            "revenue": 1322867
        },
        "2003-11": {
            "month": "2003-11",
            "price": "20.96",
            "revenue": 1125830
        },
        "2003-12": {
            "month": "2003-12",
            "price": "20.46",
            "revenue": 1264492
        },
        "2004-01": {
            "month": "2004-01",
            "price": "22.40",
            "revenue": 1028647
        },
        "2004-02": {
            "month": "2004-02",
            "price": "22.86",
            "revenue": 1226758
        },
        "2004-03": {
            "month": "2004-03",
            "price": "22.88",
            "revenue": 1279922
        },
        "2004-04": {
            "month": "2004-04",
            "price": "21.70",
            "revenue": 1295774
        },
        "2004-05": {
            "month": "2004-05",
            "price": "17.78",
            "revenue": 1273602
        },
        "2004-06": {
            "month": "2004-06",
            "price": "17.40",
            "revenue": 1342819
        },
        "2004-07": {
            "month": "2004-07",
            "price": "18.54",
            "revenue": 1413102
        },
        "2004-08": {
            "month": "2004-08",
            "price": "19.98",
            "revenue": 1347918
        },
        "2004-09": {
            "month": "2004-09",
            "price": "20.88",
            "revenue": 1468388
        },
        "2004-10": {
            "month": "2004-10",
            "price": "20.80",
            "revenue": 1489055
        },
        "2004-11": {
            "month": "2004-11",
            "price": "20.34",
            "revenue": 1374789
        },
        "2004-12": {
            "month": "2004-12",
            "price": "20.56",
            "revenue": 1265828
        },
        "2005-01": {
            "month": "2005-01",
            "price": "21.47",
            "revenue": 1214150
        },
        "2005-02": {
            "month": "2005-02",
            "price": "21.68",
            "revenue": 894058
        },
        "2005-03": {
            "month": "2005-03",
            "price": "21.69",
            "revenue": 1459595
        },
        "2005-04": {
            "month": "2005-04",
            "price": "20.52",
            "revenue": 1399641
        },
        "2005-05": {
            "month": "2005-05",
            "price": "20.42",
            "revenue": 1244773
        },
        "2005-06": {
            "month": "2005-06",
            "price": "21.00",
            "revenue": 1251388
        },
        "2005-07": {
            "month": "2005-07",
            "price": "20.14",
            "revenue": 1267417
        },
        "2005-08": {
            "month": "2005-08",
            "price": "19.09",
            "revenue": 1441886
        },
        "2005-09": {
            "month": "2005-09",
            "price": "19.40",
            "revenue": 1540157
        },
        "2005-10": {
            "month": "2005-10",
            "price": "19.79",
            "revenue": 1466886
        },
        "2005-11": {
            "month": "2005-11",
            "price": "20.71",
            "revenue": 1561348
        },
        "2005-12": {
            "month": "2005-12",
            "price": "22.37",
            "revenue": 1530775
        },
        "2006-01": {
            "month": "2006-01",
            "price": "29.80",
            "revenue": 1363866
        },
        "2006-02": {
            "month": "2006-02",
            "price": "35.30",
            "revenue": 1189582
        },
        "2006-03": {
            "month": "2006-03",
            "price": "37.64",
            "revenue": 1522494
        },
        "2006-04": {
            "month": "2006-04",
            "price": "44.26",
            "revenue": 1398444
        },
        "2006-05": {
            "month": "2006-05",
            "price": "51.18",
            "revenue": 1626883
        },
        "2006-06": {
            "month": "2006-06",
            "price": "47.82",
            "revenue": 1657802
        },
        "2006-07": {
            "month": "2006-07",
            "price": "47.53",
            "revenue": 1490128
        },
        "2006-08": {
            "month": "2006-08",
            "price": "46.37",
            "revenue": 1697258
        },
        "2006-09": {
            "month": "2006-09",
            "price": "48.03",
            "revenue": 1630108
        },
        "2006-10": {
            "month": "2006-10",
            "price": "53.10",
            "revenue": 1556586
        },
        "2006-11": {
            "month": "2006-11",
            "price": "51.65",
            "revenue": 1606325
        },
        "2006-12": {
            "month": "2006-12",
            "price": "50.84",
            "revenue": 1493339
        },
        "2007-01": {
            "month": "2007-01",
            "price": "53.33",
            "revenue": 1665990
        },
        "2007-02": {
            "month": "2007-02",
            "price": "55.23",
            "revenue": 1028417
        },
        "2007-03": {
            "month": "2007-03",
            "price": "54.20",
            "revenue": 1827515
        },
        "2007-04": {
            "month": "2007-04",
            "price": "58.06",
            "revenue": 1700889
        },
        "2007-05": {
            "month": "2007-05",
            "price": "53.95",
            "revenue": 1775583
        },
        "2007-06": {
            "month": "2007-06",
            "price": "51.97",
            "revenue": 1701968
        },
        "2007-07": {
            "month": "2007-07",
            "price": "47.57",
            "revenue": 1692923
        },
        "2007-08": {
            "month": "2007-08",
            "price": "40.10",
            "revenue": 1944641
        },
        "2007-09": {
            "month": "2007-09",
            "price": "42.91",
            "revenue": 1784718
        },
        "2007-10": {
            "month": "2007-10",
            "price": "42.53",
            "revenue": 1953399
        },
        "2007-11": {
            "month": "2007-11",
            "price": "36.28",
            "revenue": 1790324
        },
        "2007-12": {
            "month": "2007-12",
            "price": "33.32",
            "revenue": 1715862
        },
        "2008-01": {
            "month": "2008-01",
            "price": "32.89",
            "revenue": 1800008
        },
        "2008-02": {
            "month": "2008-02",
            "price": "33.44",
            "revenue": 1432750
        },
        "2008-03": {
            "month": "2008-03",
            "price": "35.06",
            "revenue": 1824094
        },
        "2008-04": {
            "month": "2008-04",
            "price": "34.08",
            "revenue": 1860105
        },
        "2008-05": {
            "month": "2008-05",
            "price": "33.99",
            "revenue": 1917199
        },
        "2008-06": {
            "month": "2008-06",
            "price": "29.96",
            "revenue": 1988252
        },
        "2008-07": {
            "month": "2008-07",
            "price": "23.94",
            "revenue": 1851115
        },
        "2008-08": {
            "month": "2008-08",
            "price": "24.50",
            "revenue": 1818967
        },
        "2008-09": {
            "month": "2008-09",
            "price": "21.02",
            "revenue": 1548460
        },
        "2008-10": {
            "month": "2008-10",
            "price": "17.53",
            "revenue": 1473844
        },
        "2008-11": {
            "month": "2008-11",
            "price": "16.56",
            "revenue": 1006102
        },
        "2008-12": {
            "month": "2008-12",
            "price": "16.63",
            "revenue": 869587
        },
        "2009-01": {
            "month": "2009-01",
            "price": "15.26",
            "revenue": 717927
        },
        "2009-02": {
            "month": "2009-02",
            "price": "14.96",
            "revenue": 992728
        },
        "2009-03": {
            "month": "2009-03",
            "price": "17.20",
            "revenue": 1314782
        },
        "2009-04": {
            "month": "2009-04",
            "price": "21.77",
            "revenue": 1271657
        },
        "2009-05": {
            "month": "2009-05",
            "price": "25.98",
            "revenue": 1360257
        },
        "2009-06": {
            "month": "2009-06",
            "price": "25.06",
            "revenue": 1382343
        },
        "2009-07": {
            "month": "2009-07",
            "price": "24.93",
            "revenue": 1409346
        },
        "2009-08": {
            "month": "2009-08",
            "price": "26.60",
            "revenue": 1407277
        },
        "2009-09": {
            "month": "2009-09",
            "price": "30.32",
            "revenue": 1389322
        },
        "2009-10": {
            "month": "2009-10",
            "price": "31.67",
            "revenue": 1525239
        },
        "2009-11": {
            "month": "2009-11",
            "price": "31.38",
            "revenue": 1362398
        },
        "2009-12": {
            "month": "2009-12",
            "price": "32.02",
            "revenue": 1376651
        },
        "2010-01": {
            "month": "2010-01",
            "price": "32.77",
            "revenue": 1532017
        },
        "2010-02": {
            "month": "2010-02",
            "price": "30.50",
            "revenue": 1128032
        },
        "2010-03": {
            "month": "2010-03",
            "price": "32.20",
            "revenue": 1759911
        },
        "2010-04": {
            "month": "2010-04",
            "price": "34.12",
            "revenue": 1699936
        },
        "2010-05": {
            "month": "2010-05",
            "price": "30.72",
            "revenue": 1676568
        },
        "2010-06": {
            "month": "2010-06",
            "price": "31.05",
            "revenue": 1529146
        },
        "2010-07": {
            "month": "2010-07",
            "price": "31.87",
            "revenue": 1557384
        },
        "2010-08": {
            "month": "2010-08",
            "price": "31.70",
            "revenue": 1652916
        },
        "2010-09": {
            "month": "2010-09",
            "price": "32.49",
            "revenue": 1548649
        },
        "2010-10": {
            "month": "2010-10",
            "price": "33.50",
            "revenue": 1660491
        },
        "2010-11": {
            "month": "2010-11",
            "price": "33.92",
            "revenue": 1561361
        },
        "2010-12": {
            "month": "2010-12",
            "price": "34.24",
            "revenue": 1539532
        },
        "2011-01": {
            "month": "2011-01",
            "price": "34.48",
            "revenue": 1666294
        },
        "2011-02": {
            "month": "2011-02",
            "price": "32.60",
            "revenue": 1210277
        },
        "2011-03": {
            "month": "2011-03",
            "price": "32.89",
            "revenue": 1770843
        },
        "2011-04": {
            "month": "2011-04",
            "price": "34.66",
            "revenue": 1607096
        },
        "2011-05": {
            "month": "2011-05",
            "price": "33.24",
            "revenue": 1652596
        },
        "2011-06": {
            "month": "2011-06",
            "price": "32.49",
            "revenue": 1490341
        },
        "2011-07": {
            "month": "2011-07",
            "price": "31.55",
            "revenue": 1601294
        },
        "2011-08": {
            "month": "2011-08",
            "price": "26.59",
            "revenue": 1538937
        },
        "2011-09": {
            "month": "2011-09",
            "price": "24.00",
            "revenue": 1517139
        },
        "2011-10": {
            "month": "2011-10",
            "price": "24.04",
            "revenue": 1481076
        },
        "2011-11": {
            "month": "2011-11",
            "price": "22.90",
            "revenue": 1466842
        },
        "2011-12": {
            "month": "2011-12",
            "price": "22.93",
            "revenue": 1423282
        },
        "2012-01": {
            "month": "2012-01",
            "price": "23.77",
            "revenue": 1061722
        },
        "2012-02": {
            "month": "2012-02",
            "price": "25.53",
            "revenue": 1457587
        },
        "2012-03": {
            "month": "2012-03",
            "price": "25.85",
            "revenue": 1542225
        },
        "2012-04": {
            "month": "2012-04",
            "price": "23.62",
            "revenue": 1477867
        },
        "2012-05": {
            "month": "2012-05",
            "price": "22.56",
            "revenue": 1479925
        },
        "2012-06": {
            "month": "2012-06",
            "price": "22.39",
            "revenue": 1342835
        },
        "2012-07": {
            "month": "2012-07",
            "price": "23.02",
            "revenue": 1519909
        },
        "2012-08": {
            "month": "2012-08",
            "price": "24.60",
            "revenue": 1459446
        },
        "2012-09": {
            "month": "2012-09",
            "price": "24.81",
            "revenue": 1341946
        },
        "2012-10": {
            "month": "2012-10",
            "price": "23.71",
            "revenue": 1487377
        },
        "2012-11": {
            "month": "2012-11",
            "price": "24.10",
            "revenue": 1372280
        },
        "2012-12": {
            "month": "2012-12",
            "price": "25.00",
            "revenue": 1291129
        },
        "2013-01": {
            "month": "2013-01",
            "price": "25.42",
            "revenue": 3140863
        },
        "2013-02": {
            "month": "2013-02",
            "price": "25.80",
            "revenue": 1720338
        },
        "2013-03": {
            "month": "2013-03",
            "price": "25.29",
            "revenue": 3159595
        },
        "2013-04": {
            "month": "2013-04",
            "price": "24.70",
            "revenue": 3329984
        },
        "2013-05": {
            "month": "2013-05",
            "price": "25.20",
            "revenue": 3379381
        },
        "2013-06": {
            "month": "2013-06",
            "price": "23.94",
            "revenue": 3102857
        },
        "2013-07": {
            "month": "2013-07",
            "price": "24.81",
            "revenue": 3404281
        },
        "2013-08": {
            "month": "2013-08",
            "price": "24.00",
            "revenue": 3377321
        },
        "2013-09": {
            "month": "2013-09",
            "price": "24.56",
            "revenue": 3448795
        },
        "2013-10": {
            "month": "2013-10",
            "price": "25.69",
            "revenue": 3307101
        },
        "2013-11": {
            "month": "2013-11",
            "price": "26.10",
            "revenue": 3442813
        },
        "2013-12": {
            "month": "2013-12",
            "price": "27.84",
            "revenue": 3402391
        },
        "2014-01": {
            "month": "2014-01",
            "price": "28.31",
            "revenue": 3085406
        },
        "2014-02": {
            "month": "2014-02",
            "price": "30.30",
            "revenue": 2354230
        },
        "2014-03": {
            "month": "2014-03",
            "price": "31.47",
            "revenue": 3338194
        },
        "2014-04": {
            "month": "2014-04",
            "price": "31.58",
            "revenue": 3620868
        },
        "2014-05": {
            "month": "2014-05",
            "price": "31.66",
            "revenue": 3488752
        },
        "2014-06": {
            "month": "2014-06",
            "price": "31.68",
            "revenue": 3383291
        },
        "2014-07": {
            "month": "2014-07",
            "price": "33.61",
            "revenue": 3544749
        },
        "2014-08": {
            "month": "2014-08",
            "price": "32.23",
            "revenue": 3580111
        },
        "2014-09": {
            "month": "2014-09",
            "price": "32.02",
            "revenue": 3663257
        },
        "2014-10": {
            "month": "2014-10",
            "price": "30.10",
            "revenue": 3495110
        },
        "2014-11": {
            "month": "2014-11",
            "price": "29.62",
            "revenue": 3307375
        },
        "2014-12": {
            "month": "2014-12",
            "price": "30.63",
            "revenue": 3481982
        },
        "2015-01": {
            "month": "2015-01",
            "price": "31.17",
            "revenue": 3477734
        },
        "2015-02": {
            "month": "2015-02",
            "price": "31.52",
            "revenue": 2193700
        },
        "2015-03": {
            "month": "2015-03",
            "price": "33.33",
            "revenue": 3447717
        },
        "2015-04": {
            "month": "2015-04",
            "price": "33.72",
            "revenue": 3341762
        },
        "2015-05": {
            "month": "2015-05",
            "price": "33.88",
            "revenue": 3363783
        },
        "2015-06": {
            "month": "2015-06",
            "price": "32.89",
            "revenue": 3233524
        },
        "2015-07": {
            "month": "2015-07",
            "price": "30.91",
            "revenue": 3366858
        },
        "2015-08": {
            "month": "2015-08",
            "price": "30.05",
            "revenue": 3154975
        },
        "2015-09": {
            "month": "2015-09",
            "price": "28.48",
            "revenue": 3355081
        },
        "2015-10": {
            "month": "2015-10",
            "price": "30.23",
            "revenue": 3125899
        },
        "2015-11": {
            "month": "2015-11",
            "price": "30.96",
            "revenue": 3217936
        },
        "2015-12": {
            "month": "2015-12",
            "price": "31.23",
            "revenue": 3207974
        },
        "2016-01": {
            "month": "2016-01",
            "price": "31.29",
            "revenue": 3198461
        },
        "2016-02": {
            "month": "2016-02",
            "price": "32.10",
            "revenue": 1900467
        },
        "2016-03": {
            "month": "2016-03",
            "price": "32.72",
            "revenue": 3465535
        },
        "2016-04": {
            "month": "2016-04",
            "price": "32.82",
            "revenue": 3345178
        },
        "2016-05": {
            "month": "2016-05",
            "price": "32.26",
            "revenue": 3375459
        },
        "2016-06": {
            "month": "2016-06",
            "price": "33.05",
            "revenue": 3210676
        },
        "2016-07": {
            "month": "2016-07",
            "price": "34.62",
            "revenue": 3255658
        },
        "2016-08": {
            "month": "2016-08",
            "price": "34.12",
            "revenue": 3285537
        },
        "2016-09": {
            "month": "2016-09",
            "price": "34.47",
            "revenue": 3256259
        },
        "2016-10": {
            "month": "2016-10",
            "price": "33.56",
            "revenue": 3164715
        },
        "2016-11": {
            "month": "2016-11",
            "price": "32.98",
            "revenue": 3620043
        },
        "2016-12": {
            "month": "2016-12",
            "price": "32.94",
            "revenue": 3601652
        },
        "2017-01": {
            "month": "2017-01",
            "price": "33.39",
            "revenue": 2891228
        },
        "2017-02": {
            "month": "2017-02",
            "price": "34.06",
            "revenue": 2550447
        },
        "2017-03": {
            "month": "2017-03",
            "price": "33.16",
            "revenue": 3745244
        },
        "2017-04": {
            "month": "2017-04",
            "price": "32.41",
            "revenue": 3116921
        },
        "2017-05": {
            "month": "2017-05",
            "price": "32.48",
            "revenue": 3298522
        },
        "2017-06": {
            "month": "2017-06",
            "price": "33.07",
            "revenue": 3454275
        },
        "2017-07": {
            "month": "2017-07",
            "price": "33.90",
            "revenue": 3469301
        },
        "2017-08": {
            "month": "2017-08",
            "price": "31.22",
            "revenue": 3759190
        },
        "2017-09": {
            "month": "2017-09",
            "price": "30.87",
            "revenue": 4125274
        },
        "2017-10": {
            "month": "2017-10",
            "price": "30.62",
            "revenue": 3551323
        },
        "2017-11": {
            "month": "2017-11",
            "price": "30.79",
            "revenue": 3820155
        },
        "2017-12": {
            "month": "2017-12",
            "price": "30.69",
            "revenue": 3769237
        },
        "2018-01": {
            "month": "2018-01",
            "price": "31.17",
            "revenue": 3907754
        },
        "2018-02": {
            "month": "2018-02",
            "price": "30.42",
            "revenue": 2316109
        },
        "2018-03": {
            "month": "2018-03",
            "price": "30.11",
            "revenue": 3691690
        },
        "2018-04": {
            "month": "2018-04",
            "price": "28.82",
            "revenue": 4022068
        },
        "2018-05": {
            "month": "2018-05",
            "price": "27.84",
            "revenue": 3875927
        },
        "2018-06": {
            "month": "2018-06",
            "price": "28.08",
            "revenue": 3877751
        },
        "2018-07": {
            "month": "2018-07",
            "price": "27.28",
            "revenue": 3607279
        },
        "2018-08": {
            "month": "2018-08",
            "price": "27.09",
            "revenue": 3749198
        },
        "2018-09": {
            "month": "2018-09",
            "price": "26.73",
            "revenue": 3806046
        },
        "2018-10": {
            "month": "2018-10",
            "price": "24.89",
            "revenue": 3539430
        },
        "2018-11": {
            "month": "2018-11",
            "price": "23.65",
            "revenue": 3546914
        },
        "2018-12": {
            "month": "2018-12",
            "price": "23.76",
            "revenue": 3359989
        },
        "2019-01": {
            "month": "2019-01",
            "price": "24.38",
            "revenue": 3403666
        },
        "2019-02": {
            "month": "2019-02",
            "price": "25.14",
            "revenue": 2086008
        },
        "2019-03": {
            "month": "2019-03",
            "price": "25.27",
            "revenue": 3948143
        },
        "2019-04": {
            "month": "2019-04",
            "price": "25.09",
            "revenue": 3554479
        },
        "2019-05": {
            "month": "2019-05",
            "price": "25.99",
            "revenue": 3477316
        },
        "2019-06": {
            "month": "2019-06",
            "price": "26.84",
            "revenue": 3315895
        },
        "2019-07": {
            "month": "2019-07",
            "price": "26.54",
            "revenue": 3503197
        },
        "2019-08": {
            "month": "2019-08",
            "price": "25.22",
            "revenue": 3405490
        },
        "2019-09": {
            "month": "2019-09",
            "price": "25.25",
            "revenue": 3497422
        },
        "2019-10": {
            "month": "2019-10",
            "price": "25.55",
            "revenue": 3255454
        },
        "2019-11": {
            "month": "2019-11",
            "price": "26.08",
            "revenue": 3449106
        },
        "2019-12": {
            "month": "2019-12",
            "price": "26.28",
            "revenue": 3467062
        },
        "2020-01": {
            "month": "2020-01",
            "price": "27.21",
            "revenue": 2340333
        },
        "2020-02": {
            "month": "2020-02",
            "price": "26.88",
            "revenue": 2040891
        },
        "2020-03": {
            "month": "2020-03",
            "price": "23.78",
            "revenue": 3248291
        },
        "2020-04": {
            "month": "2020-04",
            "price": "24.96",
            "revenue": 3174938
        },
        "2020-05": {
            "month": "2020-05",
            "price": "30.11",
            "revenue": 2896092
        },
        "2020-06": {
            "month": "2020-06",
            "price": "31.60",
            "revenue": 2885102
        },
        "2020-07": {
            "month": "2020-07",
            "price": "31.74",
            "revenue": 3203507
        },
        "2020-08": {
            "month": "2020-08",
            "price": "34.88",
            "revenue": 3171998
        },
        "2020-09": {
            "month": "2020-09",
            "price": "34.16",
            "revenue": 3513059
        },
        "2020-10": {
            "month": "2020-10",
            "price": "33.23",
            "revenue": 3705269
        },
        "2020-11": {
            "month": "2020-11",
            "price": "34.53",
            "revenue": 4096702
        },
        "2020-12": {
            "month": "2020-12",
            "price": "36.12",
            "revenue": 4094184
        },
        "2021-01": {
            "month": "2021-01",
            "price": "35.48",
            "revenue": 4116280
        },
        "2021-02": {
            "month": "2021-02",
            "price": "34.62",
            "revenue": 2631509
        },
        "2021-03": {
            "month": "2021-03",
            "price": "35.54",
            "revenue": 4454630
        },
        "2021-04": {
            "month": "2021-04",
            "price": "39.30",
            "revenue": 4718326
        },
        "2021-05": {
            "month": "2021-05",
            "price": "39.12",
            "revenue": 4316922
        },
        "2021-06": {
            "month": "2021-06",
            "price": "40.50",
            "revenue": 4175807
        },
        "2021-07": {
            "month": "2021-07",
            "price": "40.85",
            "revenue": 4240587
        },
        "2021-08": {
            "month": "2021-08",
            "price": "36.69",
            "revenue": 4368209
        },
        "2021-09": {
            "month": "2021-09",
            "price": "37.90",
            "revenue": 4401398
        },
        "2021-10": {
            "month": "2021-10",
            "price": "36.50",
            "revenue": 4211682
        },
        "2021-11": {
            "month": "2021-11",
            "price": "37.18",
            "revenue": 4418016
        },
        "2021-12": {
            "month": "2021-12",
            "price": "37.00",
            "revenue": 4418031
        },
        "2022-01": {
            "month": "2022-01",
            "price": "38.60",
            "revenue": 4036781
        },
        "2022-02": {
            "month": "2022-02",
            "price": "37.01",
            "revenue": 3275069
        },
        "2022-03": {
            "month": "2022-03",
            "price": "36.42",
            "revenue": 5051983
        },
        "2022-04": {
            "month": "2022-04",
            "price": "37.59",
            "revenue": 4520617
        },
        "2022-05": {
            "month": "2022-05",
            "price": "35.24",
            "revenue": 4505625
        },
        "2022-06": {
            "month": "2022-06",
            "price": "33.86",
            "revenue": 4158528
        },
        "2022-07": {
            "month": "2022-07",
            "price": "32.79",
            "revenue": 4010038
        },
        "2022-08": {
            "month": "2022-08",
            "price": "32.52",
            "revenue": 3878708
        },
        "2022-09": {
            "month": "2022-09",
            "price": "32.86",
            "revenue": 3805756
        },
        "2022-10": {
            "month": "2022-10",
            "price": "30.30",
            "revenue": 4109743
        },
        "2022-11": {
            "month": "2022-11",
            "price": "31.47",
            "revenue": 4074326
        },
        "2022-12": {
            "month": "2022-12",
            "price": "31.67",
            "revenue": 3586926
        },
        "2023-01": {
            "month": "2023-01",
            "price": "31.93",
            "revenue": 2465213
        },
        "2023-02": {
            "month": "2023-02",
            "price": "32.48",
            "revenue": 3292782
        },
        "2023-03": {
            "month": "2023-03",
            "price": "31.99",
            "revenue": 3817497
        },
        "2023-04": {
            "month": "2023-04",
            "price": "32.57",
            "revenue": 3709132
        },
        "2023-05": {
            "month": "2023-05",
            "price": "32.62",
            "revenue": 3691766
        },
        "2023-06": {
            "month": "2023-06",
            "price": "32.94",
            "revenue": 3448811
        },
        "2023-07": {
            "month": "2023-07",
            "price": "31.49",
            "revenue": 3387642
        },
        "2023-08": {
            "month": "2023-08",
            "price": "29.36",
            "revenue": 3963723
        },
        "2023-09": {
            "month": "2023-09",
            "price": "28.74",
            "revenue": 3916160
        },
        "2023-10": {
            "month": "2023-10",
            "price": "28.30",
            "revenue": 3497006
        },
        "2023-11": {
            "month": "2023-11",
            "price": "29.17",
            "revenue": 3645338
        },
        "2023-12": {
            "month": "2023-12",
            "price": "29.07",
            "revenue": 3616506
        }
    }
}
