{
    "summary": {
        "stock_name": "中纖",
        "stock_id": "1718",
        "category": "化工",
        "main_business": "人造纖維、聚胺纖維、聚脂纖維、化學品及其原料之製造加工<br>乙二醇、環氧乙烷、氮氣及有關石油化學工業產品之製造買賣<br>委託營造廠興建國民住宅與商業大樓之出租出售業務",
        "website_url": "http://www.cmfc.com.tw",
        "ceo": "王皆誼",
        "pe_ratio": -6,
        "report_year_from": 2001,
        "report_year_to": 2023,
        "age": 22,
        "eps_negative_percentage": 35,
        "eps_growth_avg": {
            "last_all": -45.98,
            "last_2y": -100,
            "last_4y": -43.33,
            "last_8y": -44.23,
            "last_12y": -31.79,
            "last_16y": -44.19,
            "last_20y": -45.98,
            "at_2006_last_3y": -52.53,
            "at_2007_last_3y": -52.53,
            "at_2008_last_3y": -99.49,
            "at_2009_last_3y": -100,
            "at_2010_last_3y": -100,
            "at_2011_last_3y": -84.41,
            "at_2012_last_3y": -60.39,
            "at_2013_last_3y": -6.92,
            "at_2014_last_3y": -1.66,
            "at_2015_last_3y": 3.17,
            "at_2016_last_3y": -8.84,
            "at_2017_last_3y": -45.12,
            "at_2018_last_3y": -26.49,
            "at_2019_last_3y": -43.33,
            "at_2020_last_3y": -15,
            "at_2021_last_3y": -43.33,
            "at_2022_last_3y": -100,
            "at_2023_last_3y": -100,
            "at_2006_last_all": -64.4,
            "at_2007_last_all": -64.4,
            "at_2008_last_all": -71.52,
            "at_2009_last_all": -71.52,
            "at_2010_last_all": -71.52,
            "at_2011_last_all": -71.07,
            "at_2012_last_all": -68.34,
            "at_2013_last_all": -47.3,
            "at_2014_last_all": -40.47,
            "at_2015_last_all": -41.37,
            "at_2016_last_all": -46.7,
            "at_2017_last_all": -46.7,
            "at_2018_last_all": -36.98,
            "at_2019_last_all": -41.83,
            "at_2020_last_all": -41.83,
            "at_2021_last_all": -45.98,
            "at_2022_last_all": -45.98,
            "at_2023_last_all": -45.98
        },
        "latest_eps": -1.24,
        "latest_price": 8.03,
        "latest_roe": 3.78,
        "latest_gross_margin": null,
        "latest_equity": 76509208,
        "latest_revenue": 9821430,
        "latest_gross_profit": null,
        "latest_net_income": 1019489,
        "latest_debt_ratio": 90.95,
        "latest_current_ratio": 86.83,
        "latest_account_receivable_turnover_ratio": 0.59,
        "latest_inventory_turnover_ratio": null,
        "latest_reinvestment_rate": null,
        "latest_research_to_sale_ratio": null
    },
    "eps_dividends": {
        "1990": {
            "cash": 0,
            "stock": 0.5,
            "eps": 0
        },
        "1991": {
            "cash": 0,
            "stock": 0.8,
            "eps": 0
        },
        "1995": {
            "cash": 0,
            "stock": 1,
            "eps": 0
        },
        "2001": {
            "cash": 0,
            "stock": 0,
            "eps": 0.01
        },
        "2002": {
            "cash": 0,
            "stock": 0,
            "eps": -0.71
        },
        "2003": {
            "cash": 0,
            "stock": 0,
            "eps": 2.3
        },
        "2004": {
            "cash": 0,
            "stock": 0,
            "eps": 3.24
        },
        "2005": {
            "cash": 0.51,
            "stock": 2.15,
            "eps": 0.05
        },
        "2006": {
            "cash": 0,
            "stock": 0,
            "eps": -0.81
        },
        "2007": {
            "cash": 0,
            "stock": 0,
            "eps": 1.66
        },
        "2008": {
            "cash": 0.83,
            "stock": 0,
            "eps": -1.48
        },
        "2009": {
            "cash": 0,
            "stock": 0,
            "eps": -0.76
        },
        "2010": {
            "cash": 0,
            "stock": 0,
            "eps": 2.47
        },
        "2011": {
            "cash": 0,
            "stock": 0,
            "eps": 0.77
        },
        "2012": {
            "cash": 0,
            "stock": 0,
            "eps": 0.37
        },
        "2013": {
            "cash": 0,
            "stock": 0,
            "eps": 0.85
        },
        "2014": {
            "cash": 0,
            "stock": 0,
            "eps": 0.97
        },
        "2015": {
            "cash": 0,
            "stock": 0,
            "eps": 0.49
        },
        "2016": {
            "cash": 0.1,
            "stock": 0.5,
            "eps": -0.19
        },
        "2017": {
            "cash": 0,
            "stock": 0,
            "eps": 0.7
        },
        "2018": {
            "cash": 0.1,
            "stock": 0.65,
            "eps": 1.19
        },
        "2019": {
            "cash": 0.1,
            "stock": 0.65,
            "eps": -0.59
        },
        "2020": {
            "cash": 0,
            "stock": 0,
            "eps": 0.73
        },
        "2021": {
            "cash": 0.1,
            "stock": 0.4,
            "eps": 0
        },
        "2022": {
            "cash": 0,
            "stock": 0,
            "eps": -1.01
        },
        "2023": {
            "cash": 0,
            "stock": 0,
            "eps": -0.51
        }
    },
    "dividends": {
        "1990-04-28": {
            "cash": 0,
            "stock": 0.5
        },
        "1991-06-15": {
            "cash": 0,
            "stock": 0.8
        },
        "1995-06-24": {
            "cash": 0,
            "stock": 1
        },
        "2005-06-28": {
            "cash": 0.51,
            "stock": 2.15
        },
        "2008-04-15": {
            "cash": 0.83,
            "stock": 0
        },
        "2016-11-04": {
            "cash": 0.1,
            "stock": 0.5
        },
        "2018-10-03": {
            "cash": 0.1,
            "stock": 0.65
        },
        "2019-09-10": {
            "cash": 0.1,
            "stock": 0.65
        },
        "2021-11-30": {
            "cash": 0.1,
            "stock": 0.4
        }
    },
    "prices": {
        "200101": "2.81",
        "200102": "3.61",
        "200103": "3.13",
        "200104": "2.80",
        "200105": "2.46",
        "200106": "2.82",
        "200107": "2.61",
        "200108": "3.01",
        "200109": "3.43",
        "200110": "2.97",
        "200111": "2.85",
        "200112": "3.08",
        "200201": "3.45",
        "200202": "3.66",
        "200203": "6.33",
        "200204": "8.86",
        "200205": "8.45",
        "200206": "8.09",
        "200207": "8.54",
        "200208": "8.89",
        "200209": "7.80",
        "200210": "7.86",
        "200211": "8.33",
        "200212": "8.42",
        "200301": "14.96",
        "200302": "16.26",
        "200303": "14.34",
        "200304": "12.94",
        "200305": "8.54",
        "200306": "11.15",
        "200307": "12.65",
        "200308": "14.55",
        "200309": "15.13",
        "200310": "16.50",
        "200311": "16.31",
        "200312": "17.08",
        "200401": "19.89",
        "200402": "19.76",
        "200403": "20.73",
        "200404": "23.25",
        "200405": "18.62",
        "200406": "17.28",
        "200407": "17.21",
        "200408": "15.42",
        "200409": "18.46",
        "200410": "19.15",
        "200411": "16.81",
        "200412": "16.80",
        "200501": "16.24",
        "200502": "16.43",
        "200503": "16.28",
        "200504": "14.80",
        "200505": "13.87",
        "200506": "14.58",
        "200507": "14.74",
        "200508": "12.54",
        "200509": "8.90",
        "200510": "8.48",
        "200511": "8.16",
        "200512": "8.58",
        "200601": "8.92",
        "200602": "8.46",
        "200603": "8.10",
        "200604": "8.76",
        "200605": "8.55",
        "200606": "7.26",
        "200607": "7.12",
        "200608": "6.61",
        "200609": "5.71",
        "200610": "6.72",
        "200611": "6.94",
        "200612": "7.89",
        "200701": "7.41",
        "200702": "7.21",
        "200703": "7.05",
        "200704": "8.60",
        "200705": "7.99",
        "200706": "8.67",
        "200707": "10.95",
        "200708": "11.08",
        "200709": "13.77",
        "200710": "15.71",
        "200711": "13.78",
        "200712": "11.75",
        "200801": "10.47",
        "200802": "10.36",
        "200803": "11.49",
        "200804": "11.70",
        "200805": "11.89",
        "200806": "10.29",
        "200807": "8.77",
        "200808": "7.30",
        "200809": "5.14",
        "200810": "5.08",
        "200811": "4.21",
        "200812": "4.13",
        "200901": "4.15",
        "200902": "4.03",
        "200903": "4.40",
        "200904": "5.85",
        "200905": "6.13",
        "200906": "5.94",
        "200907": "5.84",
        "200908": "6.00",
        "200909": "6.05",
        "200910": "6.55",
        "200911": "6.40",
        "200912": "6.77",
        "201001": "8.33",
        "201002": "7.18",
        "201003": "7.72",
        "201004": "8.34",
        "201005": "10.20",
        "201006": "9.60",
        "201007": "10.13",
        "201008": "11.51",
        "201009": "11.25",
        "201010": "13.67",
        "201011": "15.12",
        "201012": "15.30",
        "201101": "15.65",
        "201102": "16.42",
        "201103": "15.72",
        "201104": "14.37",
        "201105": "12.70",
        "201106": "12.59",
        "201107": "12.92",
        "201108": "12.55",
        "201109": "11.11",
        "201110": "10.19",
        "201111": "10.16",
        "201112": "9.26",
        "201201": "9.32",
        "201202": "12.61",
        "201203": "12.44",
        "201204": "10.22",
        "201205": "9.45",
        "201206": "9.08",
        "201207": "9.80",
        "201208": "10.84",
        "201209": "11.68",
        "201210": "10.98",
        "201211": "9.81",
        "201212": "10.54",
        "201301": "11.03",
        "201302": "10.33",
        "201303": "10.54",
        "201304": "11.05",
        "201305": "12.55",
        "201306": "11.49",
        "201307": "12.69",
        "201308": "12.59",
        "201309": "12.24",
        "201310": "12.92",
        "201311": "12.40",
        "201312": "13.00",
        "201401": "12.52",
        "201402": "12.36",
        "201403": "11.97",
        "201404": "11.41",
        "201405": "10.49",
        "201406": "10.83",
        "201407": "10.93",
        "201408": "9.64",
        "201409": "9.13",
        "201410": "8.22",
        "201411": "8.93",
        "201412": "9.97",
        "201501": "11.24",
        "201502": "10.89",
        "201503": "10.72",
        "201504": "10.91",
        "201505": "11.28",
        "201506": "9.76",
        "201507": "8.85",
        "201508": "8.42",
        "201509": "9.32",
        "201510": "9.39",
        "201511": "8.84",
        "201512": "8.39",
        "201601": "7.94",
        "201602": "8.10",
        "201603": "8.38",
        "201604": "7.95",
        "201605": "7.35",
        "201606": "7.22",
        "201607": "7.59",
        "201608": "7.70",
        "201609": "7.51",
        "201610": "7.56",
        "201611": "7.96",
        "201612": "8.72",
        "201701": "8.80",
        "201702": "9.62",
        "201703": "8.67",
        "201704": "8.14",
        "201705": "7.94",
        "201706": "8.06",
        "201707": "8.61",
        "201708": "8.58",
        "201709": "8.83",
        "201710": "8.86",
        "201711": "9.43",
        "201712": "10.19",
        "201801": "10.29",
        "201802": "9.42",
        "201803": "9.38",
        "201804": "9.84",
        "201805": "10.28",
        "201806": "10.54",
        "201807": "10.26",
        "201808": "11.14",
        "201809": "10.87",
        "201810": "10.40",
        "201811": "9.83",
        "201812": "10.21",
        "201901": "9.94",
        "201902": "9.90",
        "201903": "10.04",
        "201904": "9.90",
        "201905": "9.30",
        "201906": "9.19",
        "201907": "9.33",
        "201908": "8.32",
        "201909": "8.27",
        "201910": "8.17",
        "201911": "7.96",
        "201912": "8.05",
        "202001": "8.00",
        "202002": "7.65",
        "202003": "6.00",
        "202004": "6.02",
        "202005": "6.31",
        "202006": "6.63",
        "202007": "6.50",
        "202008": "6.95",
        "202009": "7.82",
        "202010": "8.15",
        "202011": "8.86",
        "202012": "9.77",
        "202101": "9.42",
        "202102": "9.14",
        "202103": "9.80",
        "202104": "10.81",
        "202105": "10.53",
        "202106": "10.98",
        "202107": "10.92",
        "202108": "10.29",
        "202109": "10.31",
        "202110": "10.77",
        "202111": "10.23",
        "202112": "10.02",
        "202201": "9.94",
        "202202": "9.86",
        "202203": "9.34",
        "202204": "9.08",
        "202205": "8.27",
        "202206": "8.23",
        "202207": "7.55",
        "202208": "7.98",
        "202209": "7.99",
        "202210": "7.92",
        "202211": "8.02",
        "202212": "8.60",
        "202301": "8.49",
        "202302": "8.66",
        "202303": "8.50",
        "202304": "8.36",
        "202305": "8.19",
        "202306": "8.22",
        "202307": "8.04",
        "202308": "8.03",
        "202309": "7.99"
    },
    "quarters": {
        "20011": {
            "year_quarter": 20011,
            "year": 2001,
            "quarter": 1,
            "eps": 0.12,
            "eps_growth_year": 200,
            "eps_4q": -1.1,
            "eps_4q_growth_year": -2951.13,
            "roe": 1.43,
            "roe_4q": 1.43,
            "gross_profit": 231907,
            "gross_margin": 9.17,
            "gross_margin_4q_avg": 9.17,
            "net_income": 110022,
            "revenue": 2529053,
            "common_shares": 9123038,
            "book_valuer_per_share": 8.6,
            "book_valuer_per_share_4q_avg": 8.6,
            "equity": 7841517,
            "current_ratio": 83.82,
            "debt_ratio": 65.2,
            "inventory_turnover_ratio": 1.59,
            "account_receivable_turnover_ratio": null,
            "reinvestment_rate": null,
            "research_to_sale_ratio": null,
            "price_fair": 0,
            "eps_avg_yearly": 0,
            "eps_latest_yearly": 0,
            "eps_growth_yearly": 0
        },
        "20012": {
            "year_quarter": 20012,
            "year": 2001,
            "quarter": 2,
            "eps": 0.11,
            "eps_growth_year": null,
            "eps_4q": -0.89,
            "eps_4q_growth_year": null,
            "roe": 1.24,
            "roe_4q": 2.67,
            "gross_profit": 230575,
            "gross_margin": 11.49,
            "gross_margin_4q_avg": 10.33,
            "net_income": 96955,
            "revenue": 2006582,
            "common_shares": 9123038,
            "book_valuer_per_share": 8.56,
            "book_valuer_per_share_4q_avg": 8.58,
            "equity": 7811802,
            "current_ratio": 78.94,
            "debt_ratio": 64.6,
            "inventory_turnover_ratio": 1.23,
            "account_receivable_turnover_ratio": null,
            "reinvestment_rate": null,
            "research_to_sale_ratio": null,
            "price_fair": 0,
            "eps_avg_yearly": 0,
            "eps_latest_yearly": 0,
            "eps_growth_yearly": 0
        },
        "20013": {
            "year_quarter": 20013,
            "year": 2001,
            "quarter": 3,
            "eps": -0.07,
            "eps_growth_year": null,
            "eps_4q": -0.56,
            "eps_4q_growth_year": null,
            "roe": -0.81,
            "roe_4q": 1.8599999999999999,
            "gross_profit": 177501,
            "gross_margin": 8.15,
            "gross_margin_4q_avg": 9.6,
            "net_income": -62538,
            "revenue": 2178524,
            "common_shares": 9123038,
            "book_valuer_per_share": 8.31,
            "book_valuer_per_share_4q_avg": 8.49,
            "equity": 7577451,
            "current_ratio": 79.22,
            "debt_ratio": 64.82,
            "inventory_turnover_ratio": 1.36,
            "account_receivable_turnover_ratio": null,
            "reinvestment_rate": null,
            "research_to_sale_ratio": null,
            "price_fair": 0,
            "eps_avg_yearly": 0,
            "eps_latest_yearly": 0,
            "eps_growth_yearly": 0
        },
        "20014": {
            "year_quarter": 20014,
            "year": 2001,
            "quarter": 4,
            "eps": -0.15,
            "eps_growth_year": null,
            "eps_4q": 0.01,
            "eps_4q_growth_year": null,
            "roe": -1.74,
            "roe_4q": 0.1200000000000001,
            "gross_profit": 197622,
            "gross_margin": 10.24,
            "gross_margin_4q_avg": 9.76,
            "net_income": -136187,
            "revenue": 1928995,
            "common_shares": 9123038,
            "book_valuer_per_share": 8.83,
            "book_valuer_per_share_4q_avg": 8.58,
            "equity": 8051914,
            "current_ratio": 80.04,
            "debt_ratio": 62.73,
            "inventory_turnover_ratio": 1.34,
            "account_receivable_turnover_ratio": null,
            "reinvestment_rate": null,
            "research_to_sale_ratio": null,
            "price_fair": 0,
            "eps_avg_yearly": 0,
            "eps_latest_yearly": 0,
            "eps_growth_yearly": 0
        },
        "20021": {
            "year_quarter": 20021,
            "year": 2002,
            "quarter": 1,
            "eps": -0.1,
            "eps_growth_year": -183.33,
            "eps_4q": -0.21,
            "eps_4q_growth_year": null,
            "roe": -1.07,
            "roe_4q": -2.38,
            "gross_profit": 90963,
            "gross_margin": 5.56,
            "gross_margin_4q_avg": 8.86,
            "net_income": -89756,
            "revenue": 1636034,
            "common_shares": 9123038,
            "book_valuer_per_share": 9.54,
            "book_valuer_per_share_4q_avg": 8.81,
            "equity": 8703345,
            "current_ratio": 82.87,
            "debt_ratio": 61.05,
            "inventory_turnover_ratio": 1.35,
            "account_receivable_turnover_ratio": null,
            "reinvestment_rate": null,
            "research_to_sale_ratio": null,
            "price_fair": 0,
            "eps_avg_yearly": 0,
            "eps_latest_yearly": 0,
            "eps_growth_yearly": 0
        },
        "20022": {
            "year_quarter": 20022,
            "year": 2002,
            "quarter": 2,
            "eps": 0.02,
            "eps_growth_year": -81.82,
            "eps_4q": -0.38,
            "eps_4q_growth_year": null,
            "roe": 0.17,
            "roe_4q": -3.45,
            "gross_profit": 213717,
            "gross_margin": 11.01,
            "gross_margin_4q_avg": 8.74,
            "net_income": 14305,
            "revenue": 1941386,
            "common_shares": 9123038,
            "book_valuer_per_share": 9.07,
            "book_valuer_per_share_4q_avg": 8.94,
            "equity": 8274035,
            "current_ratio": 84.95,
            "debt_ratio": 62.76,
            "inventory_turnover_ratio": 1.49,
            "account_receivable_turnover_ratio": null,
            "reinvestment_rate": null,
            "research_to_sale_ratio": null,
            "price_fair": 0,
            "eps_avg_yearly": 0,
            "eps_latest_yearly": 0,
            "eps_growth_yearly": 0
        },
        "20023": {
            "year_quarter": 20023,
            "year": 2002,
            "quarter": 3,
            "eps": -0.08,
            "eps_growth_year": null,
            "eps_4q": -0.31,
            "eps_4q_growth_year": null,
            "roe": -0.82,
            "roe_4q": -3.46,
            "gross_profit": 235459,
            "gross_margin": 8.99,
            "gross_margin_4q_avg": 8.95,
            "net_income": -66998,
            "revenue": 2619916,
            "common_shares": 9123038,
            "book_valuer_per_share": 8.79,
            "book_valuer_per_share_4q_avg": 9.06,
            "equity": 8015902,
            "current_ratio": 82,
            "debt_ratio": 61.8,
            "inventory_turnover_ratio": 2.22,
            "account_receivable_turnover_ratio": null,
            "reinvestment_rate": null,
            "research_to_sale_ratio": null,
            "price_fair": 0,
            "eps_avg_yearly": 0,
            "eps_latest_yearly": 0,
            "eps_growth_yearly": 0
        },
        "20024": {
            "year_quarter": 20024,
            "year": 2002,
            "quarter": 4,
            "eps": -0.55,
            "eps_growth_year": null,
            "eps_4q": -0.72,
            "eps_4q_growth_year": -7300,
            "roe": -5.77,
            "roe_4q": -7.49,
            "gross_profit": 239964,
            "gross_margin": 10.53,
            "gross_margin_4q_avg": 9.02,
            "net_income": -474729,
            "revenue": 2279416,
            "common_shares": 9123038,
            "book_valuer_per_share": 9.26,
            "book_valuer_per_share_4q_avg": 9.17,
            "equity": 8445198,
            "current_ratio": 87.61,
            "debt_ratio": 60.4,
            "inventory_turnover_ratio": 2.24,
            "account_receivable_turnover_ratio": null,
            "reinvestment_rate": null,
            "research_to_sale_ratio": null,
            "price_fair": 0,
            "eps_avg_yearly": 0,
            "eps_latest_yearly": 0,
            "eps_growth_yearly": 0
        },
        "20031": {
            "year_quarter": 20031,
            "year": 2003,
            "quarter": 1,
            "eps": -0.31,
            "eps_growth_year": null,
            "eps_4q": -0.91,
            "eps_4q_growth_year": null,
            "roe": -3.28,
            "roe_4q": -9.7,
            "gross_profit": 338774,
            "gross_margin": 12.8,
            "gross_margin_4q_avg": 10.83,
            "net_income": -271897,
            "revenue": 2646764,
            "common_shares": 9123038,
            "book_valuer_per_share": 8.9,
            "book_valuer_per_share_4q_avg": 9.01,
            "equity": 8121421,
            "current_ratio": 79.19,
            "debt_ratio": 61.37,
            "inventory_turnover_ratio": 2.46,
            "account_receivable_turnover_ratio": null,
            "reinvestment_rate": null,
            "research_to_sale_ratio": null,
            "price_fair": 0,
            "eps_avg_yearly": 0,
            "eps_latest_yearly": 0,
            "eps_growth_yearly": 0
        },
        "20032": {
            "year_quarter": 20032,
            "year": 2003,
            "quarter": 2,
            "eps": 0.54,
            "eps_growth_year": 2600,
            "eps_4q": -0.37,
            "eps_4q_growth_year": null,
            "roe": 5.76,
            "roe_4q": -4.109999999999999,
            "gross_profit": 272867,
            "gross_margin": 10.44,
            "gross_margin_4q_avg": 10.69,
            "net_income": 481079,
            "revenue": 2613589,
            "common_shares": 9123038,
            "book_valuer_per_share": 9.41,
            "book_valuer_per_share_4q_avg": 9.09,
            "equity": 8586884,
            "current_ratio": 82.72,
            "debt_ratio": 59.32,
            "inventory_turnover_ratio": 2.66,
            "account_receivable_turnover_ratio": null,
            "reinvestment_rate": null,
            "research_to_sale_ratio": null,
            "price_fair": 0,
            "eps_avg_yearly": 0,
            "eps_latest_yearly": 0,
            "eps_growth_yearly": 0
        },
        "20033": {
            "year_quarter": 20033,
            "year": 2003,
            "quarter": 3,
            "eps": 0.72,
            "eps_growth_year": null,
            "eps_4q": 0.42,
            "eps_4q_growth_year": null,
            "roe": 7.15,
            "roe_4q": 3.860000000000001,
            "gross_profit": 750757,
            "gross_margin": 24.09,
            "gross_margin_4q_avg": 14.47,
            "net_income": 638265,
            "revenue": 3116120,
            "common_shares": 9123038,
            "book_valuer_per_share": 10.17,
            "book_valuer_per_share_4q_avg": 9.44,
            "equity": 9275576,
            "current_ratio": 81.76,
            "debt_ratio": 56.26,
            "inventory_turnover_ratio": 2.75,
            "account_receivable_turnover_ratio": null,
            "reinvestment_rate": null,
            "research_to_sale_ratio": null,
            "price_fair": 100.8,
            "eps_avg_yearly": 2.88,
            "eps_latest_yearly": 2.88,
            "eps_growth_yearly": 133.33
        },
        "20034": {
            "year_quarter": 20034,
            "year": 2003,
            "quarter": 4,
            "eps": 1.35,
            "eps_growth_year": null,
            "eps_4q": 2.31,
            "eps_4q_growth_year": null,
            "roe": 12.06,
            "roe_4q": 21.689999999999998,
            "gross_profit": 677810,
            "gross_margin": 23.62,
            "gross_margin_4q_avg": 17.74,
            "net_income": 1194655,
            "revenue": 2869685,
            "common_shares": 9123038,
            "book_valuer_per_share": 11.54,
            "book_valuer_per_share_4q_avg": 10.01,
            "equity": 10531348,
            "current_ratio": 104.05,
            "debt_ratio": 49.7,
            "inventory_turnover_ratio": 2.47,
            "account_receivable_turnover_ratio": null,
            "reinvestment_rate": -459.43,
            "research_to_sale_ratio": null,
            "price_fair": 144.9,
            "eps_avg_yearly": 4.14,
            "eps_latest_yearly": 5.4,
            "eps_growth_yearly": 241.67
        },
        "20041": {
            "year_quarter": 20041,
            "year": 2004,
            "quarter": 1,
            "eps": 0.64,
            "eps_growth_year": null,
            "eps_4q": 3.24,
            "eps_4q_growth_year": null,
            "roe": 5.18,
            "roe_4q": 30.15,
            "gross_profit": 600705,
            "gross_margin": 19.41,
            "gross_margin_4q_avg": 19.39,
            "net_income": 569221,
            "revenue": 3094280,
            "common_shares": 9123038,
            "book_valuer_per_share": 12.55,
            "book_valuer_per_share_4q_avg": 10.92,
            "equity": 11450129,
            "current_ratio": 127.25,
            "debt_ratio": 48.34,
            "inventory_turnover_ratio": 2.55,
            "account_receivable_turnover_ratio": null,
            "reinvestment_rate": -230.35,
            "research_to_sale_ratio": null,
            "price_fair": 126.47,
            "eps_avg_yearly": 3.61,
            "eps_latest_yearly": 2.56,
            "eps_growth_yearly": 90.99
        },
        "20042": {
            "year_quarter": 20042,
            "year": 2004,
            "quarter": 2,
            "eps": 0.33,
            "eps_growth_year": -38.89,
            "eps_4q": 2.91,
            "eps_4q_growth_year": null,
            "roe": 2.22,
            "roe_4q": 26.61,
            "gross_profit": 840053,
            "gross_margin": 22.91,
            "gross_margin_4q_avg": 22.51,
            "net_income": 307103,
            "revenue": 3666318,
            "common_shares": 12100000,
            "book_valuer_per_share": 13.42,
            "book_valuer_per_share_4q_avg": 11.92,
            "equity": 16236716,
            "current_ratio": 159.92,
            "debt_ratio": 37.81,
            "inventory_turnover_ratio": 2.86,
            "account_receivable_turnover_ratio": null,
            "reinvestment_rate": -150.03,
            "research_to_sale_ratio": null,
            "price_fair": 90.6,
            "eps_avg_yearly": 3.04,
            "eps_latest_yearly": 1.32,
            "eps_growth_yearly": 19.8
        },
        "20043": {
            "year_quarter": 20043,
            "year": 2004,
            "quarter": 3,
            "eps": 0.57,
            "eps_growth_year": -20.83,
            "eps_4q": 2.6,
            "eps_4q_growth_year": 517.24,
            "roe": 3.5,
            "roe_4q": 22.96,
            "gross_profit": 830785,
            "gross_margin": 20.56,
            "gross_margin_4q_avg": 21.63,
            "net_income": 582897,
            "revenue": 4039889,
            "common_shares": 12100000,
            "book_valuer_per_share": 14.14,
            "book_valuer_per_share_4q_avg": 12.91,
            "equity": 17112773,
            "current_ratio": 164.83,
            "debt_ratio": 35.92,
            "inventory_turnover_ratio": 3.14,
            "account_receivable_turnover_ratio": null,
            "reinvestment_rate": -91.17,
            "research_to_sale_ratio": null,
            "price_fair": 101.08,
            "eps_avg_yearly": 2.89,
            "eps_latest_yearly": 2.28,
            "eps_growth_yearly": 74.02
        },
        "20044": {
            "year_quarter": 20044,
            "year": 2004,
            "quarter": 4,
            "eps": 1.7,
            "eps_growth_year": 25.93,
            "eps_4q": 3.07,
            "eps_4q_growth_year": 33.13,
            "roe": 10.02,
            "roe_4q": 20.92,
            "gross_profit": 976487,
            "gross_margin": 28.36,
            "gross_margin_4q_avg": 22.81,
            "net_income": 1807729,
            "revenue": 3443671,
            "common_shares": 12100000,
            "book_valuer_per_share": 15.68,
            "book_valuer_per_share_4q_avg": 13.95,
            "equity": 18969001,
            "current_ratio": 222.9,
            "debt_ratio": 28.53,
            "inventory_turnover_ratio": 1.68,
            "account_receivable_turnover_ratio": null,
            "reinvestment_rate": -50.94,
            "research_to_sale_ratio": null,
            "price_fair": 123.9,
            "eps_avg_yearly": 3.54,
            "eps_latest_yearly": 6.8,
            "eps_growth_yearly": 193.85
        },
        "20051": {
            "year_quarter": 20051,
            "year": 2005,
            "quarter": 1,
            "eps": 0.52,
            "eps_growth_year": -18.75,
            "eps_4q": 2.78,
            "eps_4q_growth_year": -14.15,
            "roe": 3.13,
            "roe_4q": 18.869999999999997,
            "gross_profit": 732057,
            "gross_margin": 21.51,
            "gross_margin_4q_avg": 23.34,
            "net_income": 619905,
            "revenue": 3403178,
            "common_shares": 12100000,
            "book_valuer_per_share": 17.03,
            "book_valuer_per_share_4q_avg": 15.07,
            "equity": 20601355,
            "current_ratio": 319.79,
            "debt_ratio": 25.35,
            "inventory_turnover_ratio": 1.6,
            "account_receivable_turnover_ratio": null,
            "reinvestment_rate": -44.62,
            "research_to_sale_ratio": null,
            "price_fair": 116.6,
            "eps_avg_yearly": 3.33,
            "eps_latest_yearly": 2.08,
            "eps_growth_yearly": 126.49
        },
        "20052": {
            "year_quarter": 20052,
            "year": 2005,
            "quarter": 2,
            "eps": -0.42,
            "eps_growth_year": -227.27,
            "eps_4q": 2.08,
            "eps_4q_growth_year": -28.71,
            "roe": -2.52,
            "roe_4q": 14.129999999999999,
            "gross_profit": 281731,
            "gross_margin": 8.46,
            "gross_margin_4q_avg": 19.72,
            "net_income": -499176,
            "revenue": 3331446,
            "common_shares": 12100000,
            "book_valuer_per_share": 15.69,
            "book_valuer_per_share_4q_avg": 15.64,
            "equity": 18990625,
            "current_ratio": 161.48,
            "debt_ratio": 30.57,
            "inventory_turnover_ratio": 2,
            "account_receivable_turnover_ratio": null,
            "reinvestment_rate": -63.1,
            "research_to_sale_ratio": null,
            "price_fair": 116.6,
            "eps_avg_yearly": 3.33,
            "eps_latest_yearly": 2.08,
            "eps_growth_yearly": 126.49
        },
        "20053": {
            "year_quarter": 20053,
            "year": 2005,
            "quarter": 3,
            "eps": 0.15,
            "eps_growth_year": -73.68,
            "eps_4q": 1.53,
            "eps_4q_growth_year": -41.21,
            "roe": 1.13,
            "roe_4q": 11.76,
            "gross_profit": 226039,
            "gross_margin": 6.22,
            "gross_margin_4q_avg": 16.14,
            "net_income": 210269,
            "revenue": 3635424,
            "common_shares": 14641000,
            "book_valuer_per_share": 12.52,
            "book_valuer_per_share_4q_avg": 15.23,
            "equity": 18327431,
            "current_ratio": 155.27,
            "debt_ratio": 31.29,
            "inventory_turnover_ratio": 2.64,
            "account_receivable_turnover_ratio": null,
            "reinvestment_rate": -60.28,
            "research_to_sale_ratio": null,
            "price_fair": 116.6,
            "eps_avg_yearly": 3.33,
            "eps_latest_yearly": 2.08,
            "eps_growth_yearly": 126.49
        },
        "20054": {
            "year_quarter": 20054,
            "year": 2005,
            "quarter": 4,
            "eps": -0.2,
            "eps_growth_year": -111.76,
            "eps_4q": 0,
            "eps_4q_growth_year": -99.94,
            "roe": -1.25,
            "roe_4q": 0.48999999999999977,
            "gross_profit": 63370,
            "gross_margin": 2,
            "gross_margin_4q_avg": 9.55,
            "net_income": -290005,
            "revenue": 3172492,
            "common_shares": 14641000,
            "book_valuer_per_share": 12.1,
            "book_valuer_per_share_4q_avg": 14.34,
            "equity": 28241805,
            "current_ratio": 446.52,
            "debt_ratio": 90.29,
            "inventory_turnover_ratio": 2.93,
            "account_receivable_turnover_ratio": null,
            "reinvestment_rate": 14.32,
            "research_to_sale_ratio": null,
            "price_fair": 116.6,
            "eps_avg_yearly": 3.33,
            "eps_latest_yearly": 2.08,
            "eps_growth_yearly": 126.49
        },
        "20061": {
            "year_quarter": 20061,
            "year": 2006,
            "quarter": 1,
            "eps": -0.08,
            "eps_growth_year": -115.38,
            "eps_4q": -0.49,
            "eps_4q_growth_year": -117.43,
            "roe": -0.5,
            "roe_4q": -3.14,
            "gross_profit": 68139,
            "gross_margin": 2.07,
            "gross_margin_4q_avg": 4.69,
            "net_income": -114316,
            "revenue": 3284968,
            "common_shares": 14641000,
            "book_valuer_per_share": 12.07,
            "book_valuer_per_share_4q_avg": 13.1,
            "equity": 17665426,
            "current_ratio": 187.45,
            "debt_ratio": 35.24,
            "inventory_turnover_ratio": 3.06,
            "account_receivable_turnover_ratio": null,
            "reinvestment_rate": -88.95,
            "research_to_sale_ratio": null,
            "price_fair": 116.6,
            "eps_avg_yearly": 3.33,
            "eps_latest_yearly": 2.08,
            "eps_growth_yearly": 126.49
        },
        "20062": {
            "year_quarter": 20062,
            "year": 2006,
            "quarter": 2,
            "eps": -0.04,
            "eps_growth_year": null,
            "eps_4q": -0.18,
            "eps_4q_growth_year": -108.44,
            "roe": -0.35,
            "roe_4q": -0.9700000000000002,
            "gross_profit": 121722,
            "gross_margin": 3.39,
            "gross_margin_4q_avg": 3.42,
            "net_income": -62331,
            "revenue": 3589030,
            "common_shares": 14641000,
            "book_valuer_per_share": 11.96,
            "book_valuer_per_share_4q_avg": 12.16,
            "equity": 17516955,
            "current_ratio": 199.54,
            "debt_ratio": 32.43,
            "inventory_turnover_ratio": 3.75,
            "account_receivable_turnover_ratio": null,
            "reinvestment_rate": -89.14,
            "research_to_sale_ratio": null,
            "price_fair": 116.6,
            "eps_avg_yearly": 3.33,
            "eps_latest_yearly": 2.08,
            "eps_growth_yearly": 126.49
        },
        "20063": {
            "year_quarter": 20063,
            "year": 2006,
            "quarter": 3,
            "eps": -0.62,
            "eps_growth_year": -513.33,
            "eps_4q": -0.91,
            "eps_4q_growth_year": -159.43,
            "roe": -5.05,
            "roe_4q": -7.1499999999999995,
            "gross_profit": 260939,
            "gross_margin": 7.34,
            "gross_margin_4q_avg": 3.7,
            "net_income": -860852,
            "revenue": 3552807,
            "common_shares": 14641000,
            "book_valuer_per_share": 11.32,
            "book_valuer_per_share_4q_avg": 11.86,
            "equity": 16569093,
            "current_ratio": 224.24,
            "debt_ratio": 32.76,
            "inventory_turnover_ratio": 4.21,
            "account_receivable_turnover_ratio": null,
            "reinvestment_rate": -107.7,
            "research_to_sale_ratio": null,
            "price_fair": 116.6,
            "eps_avg_yearly": 3.33,
            "eps_latest_yearly": 2.08,
            "eps_growth_yearly": 126.49
        },
        "20064": {
            "year_quarter": 20064,
            "year": 2006,
            "quarter": 4,
            "eps": -0.07,
            "eps_growth_year": null,
            "eps_4q": -0.22,
            "eps_4q_growth_year": -12705.21,
            "roe": -0.41,
            "roe_4q": -6.31,
            "gross_profit": 211046,
            "gross_margin": 5.83,
            "gross_margin_4q_avg": 4.66,
            "net_income": -83084,
            "revenue": 3618215,
            "common_shares": 14641000,
            "book_valuer_per_share": 11.54,
            "book_valuer_per_share_4q_avg": 11.72,
            "equity": 24262256,
            "current_ratio": 355.67,
            "debt_ratio": 91.55,
            "inventory_turnover_ratio": 2.3,
            "account_receivable_turnover_ratio": null,
            "reinvestment_rate": 17.34,
            "research_to_sale_ratio": null,
            "price_fair": 116.6,
            "eps_avg_yearly": 3.33,
            "eps_latest_yearly": 2.08,
            "eps_growth_yearly": 126.49
        },
        "20071": {
            "year_quarter": 20071,
            "year": 2007,
            "quarter": 1,
            "eps": 0.18,
            "eps_growth_year": null,
            "eps_4q": -0.67,
            "eps_4q_growth_year": null,
            "roe": 1.03,
            "roe_4q": -4.779999999999999,
            "gross_profit": 694620,
            "gross_margin": 13.37,
            "gross_margin_4q_avg": 7.48,
            "net_income": 213328,
            "revenue": 5197272,
            "common_shares": 14641000,
            "book_valuer_per_share": 11.72,
            "book_valuer_per_share_4q_avg": 11.64,
            "equity": 17162452,
            "current_ratio": 131.64,
            "debt_ratio": 32.73,
            "inventory_turnover_ratio": 2.87,
            "account_receivable_turnover_ratio": null,
            "reinvestment_rate": -84.31,
            "research_to_sale_ratio": null,
            "price_fair": 116.6,
            "eps_avg_yearly": 3.33,
            "eps_latest_yearly": 2.08,
            "eps_growth_yearly": 126.49
        },
        "20072": {
            "year_quarter": 20072,
            "year": 2007,
            "quarter": 2,
            "eps": 0.55,
            "eps_growth_year": null,
            "eps_4q": -0.07,
            "eps_4q_growth_year": null,
            "roe": 3.71,
            "roe_4q": -0.7199999999999998,
            "gross_profit": 485111,
            "gross_margin": 10.47,
            "gross_margin_4q_avg": 9.25,
            "net_income": 649157,
            "revenue": 4633009,
            "common_shares": 14641000,
            "book_valuer_per_share": 12.16,
            "book_valuer_per_share_4q_avg": 11.69,
            "equity": 17800544,
            "current_ratio": 164.5,
            "debt_ratio": 31.5,
            "inventory_turnover_ratio": 3.01,
            "account_receivable_turnover_ratio": null,
            "reinvestment_rate": -80.11,
            "research_to_sale_ratio": null,
            "price_fair": 111.65,
            "eps_avg_yearly": 3.19,
            "eps_latest_yearly": 2.2,
            "eps_growth_yearly": 213.46
        },
        "20073": {
            "year_quarter": 20073,
            "year": 2007,
            "quarter": 3,
            "eps": 0.63,
            "eps_growth_year": null,
            "eps_4q": 1.29,
            "eps_4q_growth_year": null,
            "roe": 4.09,
            "roe_4q": 8.42,
            "gross_profit": 491194,
            "gross_margin": 9.58,
            "gross_margin_4q_avg": 9.81,
            "net_income": 743424,
            "revenue": 5125695,
            "common_shares": 14641000,
            "book_valuer_per_share": 12.67,
            "book_valuer_per_share_4q_avg": 12.02,
            "equity": 18545432,
            "current_ratio": 176.2,
            "debt_ratio": 29.38,
            "inventory_turnover_ratio": 3.23,
            "account_receivable_turnover_ratio": null,
            "reinvestment_rate": -76.69,
            "research_to_sale_ratio": null,
            "price_fair": 110.08,
            "eps_avg_yearly": 3.15,
            "eps_latest_yearly": 2.52,
            "eps_growth_yearly": 204.07
        },
        "20074": {
            "year_quarter": 20074,
            "year": 2007,
            "quarter": 4,
            "eps": 0.3,
            "eps_growth_year": null,
            "eps_4q": 1.68,
            "eps_4q_growth_year": null,
            "roe": 1.38,
            "roe_4q": 10.209999999999999,
            "gross_profit": 842945,
            "gross_margin": 18.02,
            "gross_margin_4q_avg": 12.86,
            "net_income": 348813,
            "revenue": 4676896,
            "common_shares": 14641000,
            "book_valuer_per_share": 12.79,
            "book_valuer_per_share_4q_avg": 12.34,
            "equity": 32178293,
            "current_ratio": 444.12,
            "debt_ratio": 88.91,
            "inventory_turnover_ratio": 3.32,
            "account_receivable_turnover_ratio": null,
            "reinvestment_rate": 32.32,
            "research_to_sale_ratio": null,
            "price_fair": 91.7,
            "eps_avg_yearly": 2.62,
            "eps_latest_yearly": 1.2,
            "eps_growth_yearly": 134.13
        },
        "20081": {
            "year_quarter": 20081,
            "year": 2008,
            "quarter": 1,
            "eps": 0.01,
            "eps_growth_year": -94.44,
            "eps_4q": 0.05,
            "eps_4q_growth_year": null,
            "roe": 1.19,
            "roe_4q": 10.370000000000001,
            "gross_profit": 2301356,
            "gross_margin": 25.56,
            "gross_margin_4q_avg": 15.91,
            "net_income": 389250,
            "revenue": 9005450,
            "common_shares": 14641000,
            "book_valuer_per_share": 12.82,
            "book_valuer_per_share_4q_avg": 12.61,
            "equity": 33360440,
            "current_ratio": 283.88,
            "debt_ratio": 88.96,
            "inventory_turnover_ratio": 4.74,
            "account_receivable_turnover_ratio": null,
            "reinvestment_rate": 69.86,
            "research_to_sale_ratio": null,
            "price_fair": 80.68,
            "eps_avg_yearly": 2.31,
            "eps_latest_yearly": 0.04,
            "eps_growth_yearly": 112.09
        },
        "20082": {
            "year_quarter": 20082,
            "year": 2008,
            "quarter": 2,
            "eps": 0.09,
            "eps_growth_year": -83.64,
            "eps_4q": 0.5,
            "eps_4q_growth_year": null,
            "roe": 0.68,
            "roe_4q": 7.34,
            "gross_profit": 1904532,
            "gross_margin": 22.7,
            "gross_margin_4q_avg": 18.97,
            "net_income": 219080,
            "revenue": 8388749,
            "common_shares": 14641000,
            "book_valuer_per_share": 11.89,
            "book_valuer_per_share_4q_avg": 12.54,
            "equity": 31209096,
            "current_ratio": 255.89,
            "debt_ratio": 89.57,
            "inventory_turnover_ratio": 4.27,
            "account_receivable_turnover_ratio": null,
            "reinvestment_rate": 60.48,
            "research_to_sale_ratio": null,
            "price_fair": 76.48,
            "eps_avg_yearly": 2.19,
            "eps_latest_yearly": 0.36,
            "eps_growth_yearly": 536.31
        },
        "20083": {
            "year_quarter": 20083,
            "year": 2008,
            "quarter": 3,
            "eps": -0.35,
            "eps_growth_year": -155.56,
            "eps_4q": 0.05,
            "eps_4q_growth_year": -96.33,
            "roe": -1.32,
            "roe_4q": 1.9299999999999997,
            "gross_profit": 1755638,
            "gross_margin": 23.33,
            "gross_margin_4q_avg": 22.4,
            "net_income": -403329,
            "revenue": 7524024,
            "common_shares": 14353100,
            "book_valuer_per_share": 11.3,
            "book_valuer_per_share_4q_avg": 12.2,
            "equity": 30098809,
            "current_ratio": 254.03,
            "debt_ratio": 90.26,
            "inventory_turnover_ratio": 4.29,
            "account_receivable_turnover_ratio": null,
            "reinvestment_rate": 102.61,
            "research_to_sale_ratio": null,
            "price_fair": 76,
            "eps_avg_yearly": 2.17,
            "eps_latest_yearly": 0.36,
            "eps_growth_yearly": 571.36
        },
        "20084": {
            "year_quarter": 20084,
            "year": 2008,
            "quarter": 4,
            "eps": -1.23,
            "eps_growth_year": -510,
            "eps_4q": -1.56,
            "eps_4q_growth_year": -192.57,
            "roe": -6.12,
            "roe_4q": -5.57,
            "gross_profit": 458065,
            "gross_margin": 8.15,
            "gross_margin_4q_avg": 19.94,
            "net_income": -1790780,
            "revenue": 5618749,
            "common_shares": 14353100,
            "book_valuer_per_share": 10.36,
            "book_valuer_per_share_4q_avg": 11.59,
            "equity": 28464170,
            "current_ratio": 303.32,
            "debt_ratio": 91.05,
            "inventory_turnover_ratio": 4.48,
            "account_receivable_turnover_ratio": 3.34,
            "reinvestment_rate": null,
            "research_to_sale_ratio": null,
            "price_fair": 49,
            "eps_avg_yearly": 1.4,
            "eps_latest_yearly": 0.36,
            "eps_growth_yearly": 534.43
        },
        "20091": {
            "year_quarter": 20091,
            "year": 2009,
            "quarter": 1,
            "eps": -0.34,
            "eps_growth_year": -3500,
            "eps_4q": -1.45,
            "eps_4q_growth_year": -3306.13,
            "roe": -1.58,
            "roe_4q": -8.34,
            "gross_profit": 722375,
            "gross_margin": 15.36,
            "gross_margin_4q_avg": 17.39,
            "net_income": -446867,
            "revenue": 4703460,
            "common_shares": 14353100,
            "book_valuer_per_share": 10.1,
            "book_valuer_per_share_4q_avg": 10.91,
            "equity": 27995514,
            "current_ratio": 330.37,
            "debt_ratio": 91.28,
            "inventory_turnover_ratio": 4.33,
            "account_receivable_turnover_ratio": 1.48,
            "reinvestment_rate": null,
            "research_to_sale_ratio": null,
            "price_fair": 44.24,
            "eps_avg_yearly": 1.26,
            "eps_latest_yearly": 0.36,
            "eps_growth_yearly": 696.84
        },
        "20092": {
            "year_quarter": 20092,
            "year": 2009,
            "quarter": 2,
            "eps": -0.35,
            "eps_growth_year": -488.89,
            "eps_4q": -1.82,
            "eps_4q_growth_year": -464.07,
            "roe": -3.94,
            "roe_4q": -12.96,
            "gross_profit": 931769,
            "gross_margin": 18.77,
            "gross_margin_4q_avg": 16.4,
            "net_income": -1079321,
            "revenue": 4963088,
            "common_shares": 14105902,
            "book_valuer_per_share": 10.06,
            "book_valuer_per_share_4q_avg": 10.46,
            "equity": 26787471,
            "current_ratio": 308.81,
            "debt_ratio": 91.64,
            "inventory_turnover_ratio": 5.39,
            "account_receivable_turnover_ratio": 1.6,
            "reinvestment_rate": null,
            "research_to_sale_ratio": null,
            "price_fair": 44.24,
            "eps_avg_yearly": 1.26,
            "eps_latest_yearly": 0.36,
            "eps_growth_yearly": 696.84
        },
        "20093": {
            "year_quarter": 20093,
            "year": 2009,
            "quarter": 3,
            "eps": -0.14,
            "eps_growth_year": null,
            "eps_4q": -1.64,
            "eps_4q_growth_year": -3564.72,
            "roe": 0.02,
            "roe_4q": -11.620000000000001,
            "gross_profit": 932676,
            "gross_margin": 16.91,
            "gross_margin_4q_avg": 14.8,
            "net_income": 6159,
            "revenue": 5516632,
            "common_shares": 14105902,
            "book_valuer_per_share": 10.11,
            "book_valuer_per_share_4q_avg": 10.16,
            "equity": 27027688,
            "current_ratio": 305.79,
            "debt_ratio": 91.73,
            "inventory_turnover_ratio": 5.45,
            "account_receivable_turnover_ratio": 1.74,
            "reinvestment_rate": null,
            "research_to_sale_ratio": null,
            "price_fair": 44.24,
            "eps_avg_yearly": 1.26,
            "eps_latest_yearly": 0.36,
            "eps_growth_yearly": 696.84
        },
        "20094": {
            "year_quarter": 20094,
            "year": 2009,
            "quarter": 4,
            "eps": 0.07,
            "eps_growth_year": null,
            "eps_4q": -0.76,
            "eps_4q_growth_year": null,
            "roe": 2.75,
            "roe_4q": -2.75,
            "gross_profit": 1775903,
            "gross_margin": 33.55,
            "gross_margin_4q_avg": 21.15,
            "net_income": 756919,
            "revenue": 5293723,
            "common_shares": 14105902,
            "book_valuer_per_share": 13.14,
            "book_valuer_per_share_4q_avg": 10.85,
            "equity": 27925679,
            "current_ratio": 347.81,
            "debt_ratio": 91.73,
            "inventory_turnover_ratio": 3.48,
            "account_receivable_turnover_ratio": 3.38,
            "reinvestment_rate": null,
            "research_to_sale_ratio": null,
            "price_fair": 44.24,
            "eps_avg_yearly": 1.26,
            "eps_latest_yearly": 0.36,
            "eps_growth_yearly": 696.84
        },
        "20101": {
            "year_quarter": 20101,
            "year": 2010,
            "quarter": 1,
            "eps": 1.32,
            "eps_growth_year": null,
            "eps_4q": 0.9,
            "eps_4q_growth_year": null,
            "roe": 5.91,
            "roe_4q": 4.74,
            "gross_profit": 264718,
            "gross_margin": 3.4,
            "gross_margin_4q_avg": 18.16,
            "net_income": 1672879,
            "revenue": 7786862,
            "common_shares": 14105902,
            "book_valuer_per_share": 13.65,
            "book_valuer_per_share_4q_avg": 11.74,
            "equity": 28686181,
            "current_ratio": 418.05,
            "debt_ratio": 91.56,
            "inventory_turnover_ratio": 6.17,
            "account_receivable_turnover_ratio": 2.18,
            "reinvestment_rate": null,
            "research_to_sale_ratio": null,
            "price_fair": 67.67,
            "eps_avg_yearly": 1.93,
            "eps_latest_yearly": 5.28,
            "eps_growth_yearly": 1771.18
        },
        "20102": {
            "year_quarter": 20102,
            "year": 2010,
            "quarter": 2,
            "eps": -0,
            "eps_growth_year": null,
            "eps_4q": 1.23,
            "eps_4q_growth_year": null,
            "roe": -0.33,
            "roe_4q": 8.35,
            "gross_profit": 185699,
            "gross_margin": 2.8,
            "gross_margin_4q_avg": 14.17,
            "net_income": -93427,
            "revenue": 6633081,
            "common_shares": 14105902,
            "book_valuer_per_share": 13.47,
            "book_valuer_per_share_4q_avg": 12.59,
            "equity": 28591564,
            "current_ratio": 446.68,
            "debt_ratio": 91.73,
            "inventory_turnover_ratio": 5.27,
            "account_receivable_turnover_ratio": 1.66,
            "reinvestment_rate": 33161.97,
            "research_to_sale_ratio": null,
            "price_fair": 67.67,
            "eps_avg_yearly": 1.93,
            "eps_latest_yearly": 5.28,
            "eps_growth_yearly": 1771.18
        },
        "20103": {
            "year_quarter": 20103,
            "year": 2010,
            "quarter": 3,
            "eps": 1.33,
            "eps_growth_year": null,
            "eps_4q": 2.7,
            "eps_4q_growth_year": null,
            "roe": 5.76,
            "roe_4q": 14.09,
            "gross_profit": 1335151,
            "gross_margin": 15.84,
            "gross_margin_4q_avg": 13.9,
            "net_income": 1701500,
            "revenue": 8426868,
            "common_shares": 14105902,
            "book_valuer_per_share": 14.99,
            "book_valuer_per_share_4q_avg": 13.81,
            "equity": 30461809,
            "current_ratio": 509.12,
            "debt_ratio": 91.43,
            "inventory_turnover_ratio": 6.14,
            "account_receivable_turnover_ratio": 2.26,
            "reinvestment_rate": 538.77,
            "research_to_sale_ratio": null,
            "price_fair": 67.67,
            "eps_avg_yearly": 1.93,
            "eps_latest_yearly": 5.28,
            "eps_growth_yearly": 1771.18
        },
        "20104": {
            "year_quarter": 20104,
            "year": 2010,
            "quarter": 4,
            "eps": -0.18,
            "eps_growth_year": -363.69,
            "eps_4q": 2.4,
            "eps_4q_growth_year": null,
            "roe": -0.97,
            "roe_4q": 10.370000000000001,
            "gross_profit": 4764634,
            "gross_margin": 62.97,
            "gross_margin_4q_avg": 21.25,
            "net_income": -306929,
            "revenue": 7566171,
            "common_shares": 14105902,
            "book_valuer_per_share": 14.94,
            "book_valuer_per_share_4q_avg": 14.26,
            "equity": 32928153,
            "current_ratio": 533.32,
            "debt_ratio": 90.99,
            "inventory_turnover_ratio": 2.11,
            "account_receivable_turnover_ratio": 2,
            "reinvestment_rate": 407.27,
            "research_to_sale_ratio": null,
            "price_fair": 67.67,
            "eps_avg_yearly": 1.93,
            "eps_latest_yearly": 5.28,
            "eps_growth_yearly": 1771.18
        },
        "20111": {
            "year_quarter": 20111,
            "year": 2011,
            "quarter": 1,
            "eps": 0.43,
            "eps_growth_year": -67.42,
            "eps_4q": 1.56,
            "eps_4q_growth_year": 73.14,
            "roe": 2.39,
            "roe_4q": 6.85,
            "gross_profit": 633618,
            "gross_margin": 8.41,
            "gross_margin_4q_avg": 22.51,
            "net_income": 792164,
            "revenue": 7536765,
            "common_shares": 14105902,
            "book_valuer_per_share": 15.46,
            "book_valuer_per_share_4q_avg": 14.72,
            "equity": 33494987,
            "current_ratio": 508.19,
            "debt_ratio": 91.15,
            "inventory_turnover_ratio": 3.56,
            "account_receivable_turnover_ratio": 1.93,
            "reinvestment_rate": 570.22,
            "research_to_sale_ratio": null,
            "price_fair": 67.67,
            "eps_avg_yearly": 1.93,
            "eps_latest_yearly": 5.28,
            "eps_growth_yearly": 1771.18
        },
        "20112": {
            "year_quarter": 20112,
            "year": 2011,
            "quarter": 2,
            "eps": 0.14,
            "eps_growth_year": null,
            "eps_4q": 1.69,
            "eps_4q_growth_year": 37.66,
            "roe": 1.27,
            "roe_4q": 8.45,
            "gross_profit": 317779,
            "gross_margin": 4.36,
            "gross_margin_4q_avg": 22.9,
            "net_income": 426004,
            "revenue": 7286905,
            "common_shares": 14105902,
            "book_valuer_per_share": 15.39,
            "book_valuer_per_share_4q_avg": 15.2,
            "equity": 33657976,
            "current_ratio": 503.24,
            "debt_ratio": 91.06,
            "inventory_turnover_ratio": 2.81,
            "account_receivable_turnover_ratio": 1.9,
            "reinvestment_rate": 660.17,
            "research_to_sale_ratio": null,
            "price_fair": 58.1,
            "eps_avg_yearly": 1.66,
            "eps_latest_yearly": 0.56,
            "eps_growth_yearly": 1589.18
        },
        "20113": {
            "year_quarter": 20113,
            "year": 2011,
            "quarter": 3,
            "eps": 0.18,
            "eps_growth_year": -86.43,
            "eps_4q": 0.57,
            "eps_4q_growth_year": -78.82,
            "roe": 1.09,
            "roe_4q": 3.7800000000000002,
            "gross_profit": 326862,
            "gross_margin": 4.18,
            "gross_margin_4q_avg": 19.98,
            "net_income": 366336,
            "revenue": 7820199,
            "common_shares": 14105902,
            "book_valuer_per_share": 15.36,
            "book_valuer_per_share_4q_avg": 15.29,
            "equity": 33455512,
            "current_ratio": 484.39,
            "debt_ratio": 91.26,
            "inventory_turnover_ratio": 3.04,
            "account_receivable_turnover_ratio": 1.94,
            "reinvestment_rate": 907.28,
            "research_to_sale_ratio": null,
            "price_fair": 47.6,
            "eps_avg_yearly": 1.36,
            "eps_latest_yearly": 0.72,
            "eps_growth_yearly": 1598.53
        },
        "20114": {
            "year_quarter": 20114,
            "year": 2011,
            "quarter": 4,
            "eps": 0.02,
            "eps_growth_year": null,
            "eps_4q": 0.78,
            "eps_4q_growth_year": -67.47,
            "roe": 1,
            "roe_4q": 5.75,
            "gross_profit": 6366072,
            "gross_margin": 96.26,
            "gross_margin_4q_avg": 28.3,
            "net_income": 345951,
            "revenue": 6613309,
            "common_shares": 14105902,
            "book_valuer_per_share": 15.32,
            "book_valuer_per_share_4q_avg": 15.38,
            "equity": 35923348,
            "current_ratio": 462.76,
            "debt_ratio": 91.21,
            "inventory_turnover_ratio": 0.1,
            "account_receivable_turnover_ratio": 1.67,
            "reinvestment_rate": 988.3,
            "research_to_sale_ratio": null,
            "price_fair": 41.07,
            "eps_avg_yearly": 1.17,
            "eps_latest_yearly": 0.08,
            "eps_growth_yearly": 1574.19
        },
        "20121": {
            "year_quarter": 20121,
            "year": 2012,
            "quarter": 1,
            "eps": 0.18,
            "eps_growth_year": -58.14,
            "eps_4q": 0.53,
            "eps_4q_growth_year": -66.14,
            "roe": 1.9,
            "roe_4q": 5.26,
            "gross_profit": 153023,
            "gross_margin": 1.99,
            "gross_margin_4q_avg": 26.7,
            "net_income": 690030,
            "revenue": 7688597,
            "common_shares": 14105902,
            "book_valuer_per_share": 15.66,
            "book_valuer_per_share_4q_avg": 15.43,
            "equity": 36730284,
            "current_ratio": 414.61,
            "debt_ratio": 91.24,
            "inventory_turnover_ratio": 2.91,
            "account_receivable_turnover_ratio": 1.95,
            "reinvestment_rate": 1141.14,
            "research_to_sale_ratio": null,
            "price_fair": 45.03,
            "eps_avg_yearly": 1.29,
            "eps_latest_yearly": 0.72,
            "eps_growth_yearly": 2171.97
        },
        "20122": {
            "year_quarter": 20122,
            "year": 2012,
            "quarter": 2,
            "eps": 0.04,
            "eps_growth_year": -74.1,
            "eps_4q": 0.42,
            "eps_4q_growth_year": -75.14,
            "roe": 1.29,
            "roe_4q": 5.279999999999999,
            "gross_profit": -45958,
            "gross_margin": -0.63,
            "gross_margin_4q_avg": 25.45,
            "net_income": 477921,
            "revenue": 7290984,
            "common_shares": 14105902,
            "book_valuer_per_share": 15.6,
            "book_valuer_per_share_4q_avg": 15.49,
            "equity": 37094180,
            "current_ratio": 347.23,
            "debt_ratio": 91.56,
            "inventory_turnover_ratio": 2.61,
            "account_receivable_turnover_ratio": 1.78,
            "reinvestment_rate": 1495.06,
            "research_to_sale_ratio": null,
            "price_fair": 43.87,
            "eps_avg_yearly": 1.25,
            "eps_latest_yearly": 0.16,
            "eps_growth_yearly": 1586.78
        },
        "20123": {
            "year_quarter": 20123,
            "year": 2012,
            "quarter": 3,
            "eps": -0,
            "eps_growth_year": -100.2,
            "eps_4q": 0.24,
            "eps_4q_growth_year": -58.46,
            "roe": 1.56,
            "roe_4q": 5.75,
            "gross_profit": -30114,
            "gross_margin": -0.41,
            "gross_margin_4q_avg": 24.3,
            "net_income": 582689,
            "revenue": 7423783,
            "common_shares": 14105902,
            "book_valuer_per_share": 15.68,
            "book_valuer_per_share_4q_avg": 15.57,
            "equity": 37711140,
            "current_ratio": 353.19,
            "debt_ratio": 91.7,
            "inventory_turnover_ratio": 2.84,
            "account_receivable_turnover_ratio": 1.74,
            "reinvestment_rate": 1010.91,
            "research_to_sale_ratio": null,
            "price_fair": 43.87,
            "eps_avg_yearly": 1.25,
            "eps_latest_yearly": 0.16,
            "eps_growth_yearly": 1586.78
        },
        "20124": {
            "year_quarter": 20124,
            "year": 2012,
            "quarter": 4,
            "eps": 0.15,
            "eps_growth_year": 791.99,
            "eps_4q": 0.37,
            "eps_4q_growth_year": -52.49,
            "roe": 1.7,
            "roe_4q": 6.449999999999999,
            "gross_profit": 7298176,
            "gross_margin": 93.61,
            "gross_margin_4q_avg": 23.64,
            "net_income": 646269,
            "revenue": 7795986,
            "common_shares": 14105902,
            "book_valuer_per_share": 15.77,
            "book_valuer_per_share_4q_avg": 15.68,
            "equity": 38206207,
            "current_ratio": 309.17,
            "debt_ratio": 91.88,
            "inventory_turnover_ratio": 0.23,
            "account_receivable_turnover_ratio": 1.63,
            "reinvestment_rate": 395.56,
            "research_to_sale_ratio": null,
            "price_fair": 43.87,
            "eps_avg_yearly": 1.25,
            "eps_latest_yearly": 0.16,
            "eps_growth_yearly": 1586.78
        },
        "20131": {
            "year_quarter": 20131,
            "year": 2013,
            "quarter": 1,
            "eps": 0.6,
            "eps_growth_year": 233.33,
            "eps_4q": 0.78,
            "eps_4q_growth_year": 48.19,
            "roe": 3.26,
            "roe_4q": 7.81,
            "gross_profit": 2104249,
            "gross_margin": null,
            "gross_margin_4q_avg": 23.14,
            "net_income": 1263843,
            "revenue": 8363585,
            "common_shares": 14105902,
            "book_valuer_per_share": 16.41,
            "book_valuer_per_share_4q_avg": 15.87,
            "equity": 39317190,
            "current_ratio": 100.66,
            "debt_ratio": 91.86,
            "inventory_turnover_ratio": null,
            "account_receivable_turnover_ratio": 1.6,
            "reinvestment_rate": 100.2,
            "research_to_sale_ratio": null,
            "price_fair": 49.6,
            "eps_avg_yearly": 1.42,
            "eps_latest_yearly": 2.4,
            "eps_growth_yearly": 1531.53
        },
        "20132": {
            "year_quarter": 20132,
            "year": 2013,
            "quarter": 2,
            "eps": 0.14,
            "eps_growth_year": 281.04,
            "eps_4q": 0.88,
            "eps_4q_growth_year": 110.01,
            "roe": 2.12,
            "roe_4q": 8.64,
            "gross_profit": 1981704,
            "gross_margin": null,
            "gross_margin_4q_avg": 23.3,
            "net_income": 844449,
            "revenue": 8789028,
            "common_shares": 14105902,
            "book_valuer_per_share": 16.64,
            "book_valuer_per_share_4q_avg": 16.13,
            "equity": 40240854,
            "current_ratio": 102.2,
            "debt_ratio": 91.98,
            "inventory_turnover_ratio": null,
            "account_receivable_turnover_ratio": 1.5,
            "reinvestment_rate": 108.85,
            "research_to_sale_ratio": null,
            "price_fair": 45.85,
            "eps_avg_yearly": 1.31,
            "eps_latest_yearly": 0.56,
            "eps_growth_yearly": 1301.76
        },
        "20133": {
            "year_quarter": 20133,
            "year": 2013,
            "quarter": 3,
            "eps": 0.19,
            "eps_growth_year": null,
            "eps_4q": 1.08,
            "eps_4q_growth_year": 353.52,
            "roe": 1.95,
            "roe_4q": 9.03,
            "gross_profit": 2353165,
            "gross_margin": null,
            "gross_margin_4q_avg": 23.4,
            "net_income": 789156,
            "revenue": 8636286,
            "common_shares": 14105902,
            "book_valuer_per_share": 16.8,
            "book_valuer_per_share_4q_avg": 16.41,
            "equity": 40850591,
            "current_ratio": 102.74,
            "debt_ratio": 91.97,
            "inventory_turnover_ratio": null,
            "account_receivable_turnover_ratio": 1.37,
            "reinvestment_rate": 116.99,
            "research_to_sale_ratio": null,
            "price_fair": 43.71,
            "eps_avg_yearly": 1.25,
            "eps_latest_yearly": 0.76,
            "eps_growth_yearly": 1172.99
        },
        "20134": {
            "year_quarter": 20134,
            "year": 2013,
            "quarter": 4,
            "eps": -0.08,
            "eps_growth_year": -151.33,
            "eps_4q": 0.85,
            "eps_4q_growth_year": 128.77,
            "roe": 0.7,
            "roe_4q": 8.03,
            "gross_profit": 1365334,
            "gross_margin": null,
            "gross_margin_4q_avg": 0,
            "net_income": 290592,
            "revenue": 7817598,
            "common_shares": 14105902,
            "book_valuer_per_share": 16.79,
            "book_valuer_per_share_4q_avg": 16.66,
            "equity": 41837510,
            "current_ratio": 103.69,
            "debt_ratio": 92,
            "inventory_turnover_ratio": null,
            "account_receivable_turnover_ratio": 1.2,
            "reinvestment_rate": -19.88,
            "research_to_sale_ratio": null,
            "price_fair": 43.71,
            "eps_avg_yearly": 1.25,
            "eps_latest_yearly": 0.76,
            "eps_growth_yearly": 1172.99
        },
        "20141": {
            "year_quarter": 20141,
            "year": 2014,
            "quarter": 1,
            "eps": 0.23,
            "eps_growth_year": -61.67,
            "eps_4q": 0.48,
            "eps_4q_growth_year": -38.9,
            "roe": 2.41,
            "roe_4q": 7.180000000000001,
            "gross_profit": 1937255,
            "gross_margin": null,
            "gross_margin_4q_avg": 0,
            "net_income": 1031461,
            "revenue": 9008260,
            "common_shares": 14105902,
            "book_valuer_per_share": 17,
            "book_valuer_per_share_4q_avg": 16.81,
            "equity": 43685615,
            "current_ratio": 104.38,
            "debt_ratio": 91.88,
            "inventory_turnover_ratio": null,
            "account_receivable_turnover_ratio": 1.24,
            "reinvestment_rate": -2.99,
            "research_to_sale_ratio": null,
            "price_fair": 26.08,
            "eps_avg_yearly": 0.75,
            "eps_latest_yearly": 0.76,
            "eps_growth_yearly": 426.76
        },
        "20142": {
            "year_quarter": 20142,
            "year": 2014,
            "quarter": 2,
            "eps": -0.06,
            "eps_growth_year": -142.86,
            "eps_4q": 0.28,
            "eps_4q_growth_year": -68.64,
            "roe": 1.52,
            "roe_4q": 6.58,
            "gross_profit": 2363664,
            "gross_margin": null,
            "gross_margin_4q_avg": 0,
            "net_income": 678161,
            "revenue": 9042282,
            "common_shares": 14105902,
            "book_valuer_per_share": 17.46,
            "book_valuer_per_share_4q_avg": 17.01,
            "equity": 45521028,
            "current_ratio": 104.42,
            "debt_ratio": 91.54,
            "inventory_turnover_ratio": null,
            "account_receivable_turnover_ratio": 1.11,
            "reinvestment_rate": 15.24,
            "research_to_sale_ratio": null,
            "price_fair": 26.08,
            "eps_avg_yearly": 0.75,
            "eps_latest_yearly": 0.76,
            "eps_growth_yearly": 426.76
        },
        "20143": {
            "year_quarter": 20143,
            "year": 2014,
            "quarter": 3,
            "eps": 0.38,
            "eps_growth_year": 100,
            "eps_4q": 0.46,
            "eps_4q_growth_year": -56.79,
            "roe": 3.13,
            "roe_4q": 7.760000000000001,
            "gross_profit": 2535096,
            "gross_margin": null,
            "gross_margin_4q_avg": 0,
            "net_income": 1440234,
            "revenue": 9518659,
            "common_shares": 14105902,
            "book_valuer_per_share": 17.42,
            "book_valuer_per_share_4q_avg": 17.17,
            "equity": 46456543,
            "current_ratio": 104.74,
            "debt_ratio": 91.38,
            "inventory_turnover_ratio": null,
            "account_receivable_turnover_ratio": 1.1,
            "reinvestment_rate": -3.01,
            "research_to_sale_ratio": null,
            "price_fair": 26.08,
            "eps_avg_yearly": 0.75,
            "eps_latest_yearly": 0.76,
            "eps_growth_yearly": 426.76
        },
        "20144": {
            "year_quarter": 20144,
            "year": 2014,
            "quarter": 4,
            "eps": 0.42,
            "eps_growth_year": null,
            "eps_4q": 0.96,
            "eps_4q_growth_year": 13.19,
            "roe": 1.99,
            "roe_4q": 9.05,
            "gross_profit": 1332598,
            "gross_margin": null,
            "gross_margin_4q_avg": 0,
            "net_income": 934511,
            "revenue": 9627832,
            "common_shares": 13716932,
            "book_valuer_per_share": 17.77,
            "book_valuer_per_share_4q_avg": 17.41,
            "equity": 47277301,
            "current_ratio": 104.01,
            "debt_ratio": 91.54,
            "inventory_turnover_ratio": null,
            "account_receivable_turnover_ratio": 1.12,
            "reinvestment_rate": 32.88,
            "research_to_sale_ratio": null,
            "price_fair": 29.71,
            "eps_avg_yearly": 0.85,
            "eps_latest_yearly": 1.68,
            "eps_growth_yearly": 384.02
        },
        "20151": {
            "year_quarter": 20151,
            "year": 2015,
            "quarter": 1,
            "eps": 0.34,
            "eps_growth_year": 47.83,
            "eps_4q": 1.07,
            "eps_4q_growth_year": 123.35,
            "roe": 2.47,
            "roe_4q": 9.11,
            "gross_profit": 2870223,
            "gross_margin": null,
            "gross_margin_4q_avg": 0,
            "net_income": 1182090,
            "revenue": 8434674,
            "common_shares": 13616932,
            "book_valuer_per_share": 18.06,
            "book_valuer_per_share_4q_avg": 17.68,
            "equity": 48335933,
            "current_ratio": 102.95,
            "debt_ratio": 91.44,
            "inventory_turnover_ratio": null,
            "account_receivable_turnover_ratio": 1.03,
            "reinvestment_rate": 141.92,
            "research_to_sale_ratio": null,
            "price_fair": 31.5,
            "eps_avg_yearly": 0.9,
            "eps_latest_yearly": 1.36,
            "eps_growth_yearly": 338
        },
        "20152": {
            "year_quarter": 20152,
            "year": 2015,
            "quarter": 2,
            "eps": 0.31,
            "eps_growth_year": null,
            "eps_4q": 1.44,
            "eps_4q_growth_year": 420.55,
            "roe": 2.31,
            "roe_4q": 9.9,
            "gross_profit": 3076133,
            "gross_margin": null,
            "gross_margin_4q_avg": 0,
            "net_income": 1122711,
            "revenue": 8756831,
            "common_shares": 13616932,
            "book_valuer_per_share": 18.35,
            "book_valuer_per_share_4q_avg": 17.9,
            "equity": 48878060,
            "current_ratio": 102.78,
            "debt_ratio": 91.45,
            "inventory_turnover_ratio": null,
            "account_receivable_turnover_ratio": 1.07,
            "reinvestment_rate": 156.84,
            "research_to_sale_ratio": null,
            "price_fair": 33.88,
            "eps_avg_yearly": 0.97,
            "eps_latest_yearly": 1.24,
            "eps_growth_yearly": 361.44
        },
        "20153": {
            "year_quarter": 20153,
            "year": 2015,
            "quarter": 3,
            "eps": 0.16,
            "eps_growth_year": -57.89,
            "eps_4q": 1.22,
            "eps_4q_growth_year": 162.65,
            "roe": 1.58,
            "roe_4q": 8.35,
            "gross_profit": 2393698,
            "gross_margin": null,
            "gross_margin_4q_avg": 0,
            "net_income": 778417,
            "revenue": 8828176,
            "common_shares": 13616932,
            "book_valuer_per_share": 18.48,
            "book_valuer_per_share_4q_avg": 18.17,
            "equity": 49652956,
            "current_ratio": 102.16,
            "debt_ratio": 91.72,
            "inventory_turnover_ratio": null,
            "account_receivable_turnover_ratio": 1.07,
            "reinvestment_rate": 149.64,
            "research_to_sale_ratio": null,
            "price_fair": 33.6,
            "eps_avg_yearly": 0.96,
            "eps_latest_yearly": 0.64,
            "eps_growth_yearly": 330.66
        },
        "20154": {
            "year_quarter": 20154,
            "year": 2015,
            "quarter": 4,
            "eps": -0.32,
            "eps_growth_year": -177.79,
            "eps_4q": 0.48,
            "eps_4q_growth_year": -50.15,
            "roe": 0.22,
            "roe_4q": 6.58,
            "gross_profit": 2076223,
            "gross_margin": null,
            "gross_margin_4q_avg": 0,
            "net_income": 111867,
            "revenue": 8242361,
            "common_shares": 13616932,
            "book_valuer_per_share": 18.17,
            "book_valuer_per_share_4q_avg": 18.27,
            "equity": 50302837,
            "current_ratio": 101.92,
            "debt_ratio": 91.66,
            "inventory_turnover_ratio": null,
            "account_receivable_turnover_ratio": 1.08,
            "reinvestment_rate": 59.99,
            "research_to_sale_ratio": null,
            "price_fair": 37.02,
            "eps_avg_yearly": 1.06,
            "eps_latest_yearly": 0.64,
            "eps_growth_yearly": 406.91
        },
        "20161": {
            "year_quarter": 20161,
            "year": 2016,
            "quarter": 1,
            "eps": -0.1,
            "eps_growth_year": -129.41,
            "eps_4q": 0.05,
            "eps_4q_growth_year": -95.43,
            "roe": 1,
            "roe_4q": 5.109999999999999,
            "gross_profit": 2369119,
            "gross_margin": null,
            "gross_margin_4q_avg": 0,
            "net_income": 502500,
            "revenue": 7553423,
            "common_shares": 13616932,
            "book_valuer_per_share": 18.66,
            "book_valuer_per_share_4q_avg": 18.42,
            "equity": 50612364,
            "current_ratio": 98.79,
            "debt_ratio": 91.78,
            "inventory_turnover_ratio": null,
            "account_receivable_turnover_ratio": 1.05,
            "reinvestment_rate": 26.53,
            "research_to_sale_ratio": null,
            "price_fair": 38.5,
            "eps_avg_yearly": 1.1,
            "eps_latest_yearly": 0.64,
            "eps_growth_yearly": 57.77
        },
        "20162": {
            "year_quarter": 20162,
            "year": 2016,
            "quarter": 2,
            "eps": -0.13,
            "eps_growth_year": -141.94,
            "eps_4q": -0.39,
            "eps_4q_growth_year": -126.86,
            "roe": 0.94,
            "roe_4q": 3.74,
            "gross_profit": 2351748,
            "gross_margin": null,
            "gross_margin_4q_avg": 0,
            "net_income": 471014,
            "revenue": 8620158,
            "common_shares": 13616932,
            "book_valuer_per_share": 18.47,
            "book_valuer_per_share_4q_avg": 18.45,
            "equity": 49710024,
            "current_ratio": 97.64,
            "debt_ratio": 91.99,
            "inventory_turnover_ratio": null,
            "account_receivable_turnover_ratio": 1.14,
            "reinvestment_rate": 7.16,
            "research_to_sale_ratio": null,
            "price_fair": 43.2,
            "eps_avg_yearly": 1.23,
            "eps_latest_yearly": 0.64,
            "eps_growth_yearly": 110.47
        },
        "20163": {
            "year_quarter": 20163,
            "year": 2016,
            "quarter": 3,
            "eps": -0.08,
            "eps_growth_year": -150,
            "eps_4q": -0.63,
            "eps_4q_growth_year": -151.38,
            "roe": 1.27,
            "roe_4q": 3.43,
            "gross_profit": 1966047,
            "gross_margin": null,
            "gross_margin_4q_avg": 0,
            "net_income": 636872,
            "revenue": 8276862,
            "common_shares": 14294934,
            "book_valuer_per_share": 17.64,
            "book_valuer_per_share_4q_avg": 18.24,
            "equity": 50434270,
            "current_ratio": 98.14,
            "debt_ratio": 91.97,
            "inventory_turnover_ratio": null,
            "account_receivable_turnover_ratio": 1.05,
            "reinvestment_rate": -14.67,
            "research_to_sale_ratio": null,
            "price_fair": 43.2,
            "eps_avg_yearly": 1.23,
            "eps_latest_yearly": 0.64,
            "eps_growth_yearly": 110.47
        },
        "20164": {
            "year_quarter": 20164,
            "year": 2016,
            "quarter": 4,
            "eps": 0.12,
            "eps_growth_year": null,
            "eps_4q": -0.18,
            "eps_4q_growth_year": -137.68,
            "roe": 1.66,
            "roe_4q": 4.869999999999999,
            "gross_profit": null,
            "gross_margin": null,
            "gross_margin_4q_avg": 0,
            "net_income": 841368,
            "revenue": 8801954,
            "common_shares": 14294934,
            "book_valuer_per_share": 17.68,
            "book_valuer_per_share_4q_avg": 18.11,
            "equity": 50920713,
            "current_ratio": 98.14,
            "debt_ratio": 92.23,
            "inventory_turnover_ratio": null,
            "account_receivable_turnover_ratio": 1.02,
            "reinvestment_rate": -25.95,
            "research_to_sale_ratio": null,
            "price_fair": 43.2,
            "eps_avg_yearly": 1.23,
            "eps_latest_yearly": 0.64,
            "eps_growth_yearly": 110.47
        },
        "20171": {
            "year_quarter": 20171,
            "year": 2017,
            "quarter": 1,
            "eps": -0.01,
            "eps_growth_year": null,
            "eps_4q": -0.1,
            "eps_4q_growth_year": -308.6,
            "roe": 1.24,
            "roe_4q": 5.109999999999999,
            "gross_profit": null,
            "gross_margin": null,
            "gross_margin_4q_avg": 0,
            "net_income": 636992,
            "revenue": 8833958,
            "common_shares": 14294934,
            "book_valuer_per_share": 17.66,
            "book_valuer_per_share_4q_avg": 17.86,
            "equity": 51435697,
            "current_ratio": 88.55,
            "debt_ratio": 92.29,
            "inventory_turnover_ratio": null,
            "account_receivable_turnover_ratio": 0.95,
            "reinvestment_rate": 317.89,
            "research_to_sale_ratio": null,
            "price_fair": 3.12,
            "eps_avg_yearly": 1.04,
            "eps_latest_yearly": 0.64,
            "eps_growth_yearly": -71.12
        },
        "20172": {
            "year_quarter": 20172,
            "year": 2017,
            "quarter": 2,
            "eps": -0.02,
            "eps_growth_year": null,
            "eps_4q": 0.01,
            "eps_4q_growth_year": null,
            "roe": 1.13,
            "roe_4q": 5.300000000000001,
            "gross_profit": null,
            "gross_margin": null,
            "gross_margin_4q_avg": 0,
            "net_income": 578502,
            "revenue": 8840683,
            "common_shares": 14294934,
            "book_valuer_per_share": 17.71,
            "book_valuer_per_share_4q_avg": 17.67,
            "equity": 50934283,
            "current_ratio": 88.87,
            "debt_ratio": 92.36,
            "inventory_turnover_ratio": null,
            "account_receivable_turnover_ratio": 0.9,
            "reinvestment_rate": 309.79,
            "research_to_sale_ratio": null,
            "price_fair": 3.41,
            "eps_avg_yearly": 1.14,
            "eps_latest_yearly": 0.64,
            "eps_growth_yearly": -24.01
        },
        "20173": {
            "year_quarter": 20173,
            "year": 2017,
            "quarter": 3,
            "eps": 0.51,
            "eps_growth_year": null,
            "eps_4q": 0.6,
            "eps_4q_growth_year": null,
            "roe": 2.49,
            "roe_4q": 6.5200000000000005,
            "gross_profit": null,
            "gross_margin": null,
            "gross_margin_4q_avg": 0,
            "net_income": 1286120,
            "revenue": 9905208,
            "common_shares": 14294934,
            "book_valuer_per_share": 18.21,
            "book_valuer_per_share_4q_avg": 17.82,
            "equity": 52237023,
            "current_ratio": 88.8,
            "debt_ratio": 92.25,
            "inventory_turnover_ratio": null,
            "account_receivable_turnover_ratio": 0.91,
            "reinvestment_rate": 233.57,
            "research_to_sale_ratio": null,
            "price_fair": 3.69,
            "eps_avg_yearly": 1.23,
            "eps_latest_yearly": 0.64,
            "eps_growth_yearly": -65.73
        },
        "20174": {
            "year_quarter": 20174,
            "year": 2017,
            "quarter": 4,
            "eps": 0.22,
            "eps_growth_year": 80.57,
            "eps_4q": 0.7,
            "eps_4q_growth_year": null,
            "roe": 1.82,
            "roe_4q": 6.680000000000001,
            "gross_profit": null,
            "gross_margin": null,
            "gross_margin_4q_avg": 0,
            "net_income": 962077,
            "revenue": 9625754,
            "common_shares": 14294934,
            "book_valuer_per_share": 18.4,
            "book_valuer_per_share_4q_avg": 18,
            "equity": 53399391,
            "current_ratio": 88.81,
            "debt_ratio": 92.28,
            "inventory_turnover_ratio": null,
            "account_receivable_turnover_ratio": 0.8,
            "reinvestment_rate": 197.57,
            "research_to_sale_ratio": null,
            "price_fair": 3.48,
            "eps_avg_yearly": 1.16,
            "eps_latest_yearly": 0.88,
            "eps_growth_yearly": -98.08
        },
        "20181": {
            "year_quarter": 20181,
            "year": 2018,
            "quarter": 1,
            "eps": 0.47,
            "eps_growth_year": null,
            "eps_4q": 1.18,
            "eps_4q_growth_year": null,
            "roe": 2.24,
            "roe_4q": 7.680000000000001,
            "gross_profit": null,
            "gross_margin": null,
            "gross_margin_4q_avg": 0,
            "net_income": 1215973,
            "revenue": 9972297,
            "common_shares": 14294934,
            "book_valuer_per_share": 19.15,
            "book_valuer_per_share_4q_avg": 18.37,
            "equity": 55248605,
            "current_ratio": 88.16,
            "debt_ratio": 92.03,
            "inventory_turnover_ratio": null,
            "account_receivable_turnover_ratio": 0.82,
            "reinvestment_rate": 157.27,
            "research_to_sale_ratio": null,
            "price_fair": 3.84,
            "eps_avg_yearly": 1.28,
            "eps_latest_yearly": 1.88,
            "eps_growth_yearly": -5.97
        },
        "20182": {
            "year_quarter": 20182,
            "year": 2018,
            "quarter": 2,
            "eps": 0.4,
            "eps_growth_year": null,
            "eps_4q": 1.48,
            "eps_4q_growth_year": 13229.98,
            "roe": 2.27,
            "roe_4q": 8.82,
            "gross_profit": null,
            "gross_margin": null,
            "gross_margin_4q_avg": 0,
            "net_income": 1255302,
            "revenue": 10790307,
            "common_shares": 14294934,
            "book_valuer_per_share": 19.46,
            "book_valuer_per_share_4q_avg": 18.81,
            "equity": 55391866,
            "current_ratio": 87.95,
            "debt_ratio": 92.23,
            "inventory_turnover_ratio": null,
            "account_receivable_turnover_ratio": 0.88,
            "reinvestment_rate": 121.45,
            "research_to_sale_ratio": null,
            "price_fair": 3.98,
            "eps_avg_yearly": 1.33,
            "eps_latest_yearly": 1.6,
            "eps_growth_yearly": -13.63
        },
        "20183": {
            "year_quarter": 20183,
            "year": 2018,
            "quarter": 3,
            "eps": 0.3,
            "eps_growth_year": -41.18,
            "eps_4q": 1.32,
            "eps_4q_growth_year": 119.39,
            "roe": 2.11,
            "roe_4q": 8.44,
            "gross_profit": null,
            "gross_margin": null,
            "gross_margin_4q_avg": 0,
            "net_income": 1180921,
            "revenue": 10830482,
            "common_shares": 15224105,
            "book_valuer_per_share": 18.65,
            "book_valuer_per_share_4q_avg": 18.92,
            "equity": 56752406,
            "current_ratio": 88.11,
            "debt_ratio": 92.03,
            "inventory_turnover_ratio": null,
            "account_receivable_turnover_ratio": 0.84,
            "reinvestment_rate": 137.68,
            "research_to_sale_ratio": null,
            "price_fair": 3.93,
            "eps_avg_yearly": 1.31,
            "eps_latest_yearly": 1.2,
            "eps_growth_yearly": -24.43
        },
        "20184": {
            "year_quarter": 20184,
            "year": 2018,
            "quarter": 4,
            "eps": 0.02,
            "eps_growth_year": -90.51,
            "eps_4q": 1.13,
            "eps_4q_growth_year": 62.26,
            "roe": 1.32,
            "roe_4q": 7.9399999999999995,
            "gross_profit": null,
            "gross_margin": null,
            "gross_margin_4q_avg": 0,
            "net_income": 757439,
            "revenue": 9987633,
            "common_shares": 15224105,
            "book_valuer_per_share": 18.5,
            "book_valuer_per_share_4q_avg": 18.94,
            "equity": 58280788,
            "current_ratio": 88.35,
            "debt_ratio": 91.92,
            "inventory_turnover_ratio": null,
            "account_receivable_turnover_ratio": 0.78,
            "reinvestment_rate": 87.19,
            "research_to_sale_ratio": null,
            "price_fair": 3.33,
            "eps_avg_yearly": 1.11,
            "eps_latest_yearly": 0.08,
            "eps_growth_yearly": -76.36
        },
        "20191": {
            "year_quarter": 20191,
            "year": 2019,
            "quarter": 1,
            "eps": -0.09,
            "eps_growth_year": -119.15,
            "eps_4q": 0.6,
            "eps_4q_growth_year": -48.94,
            "roe": 1.13,
            "roe_4q": 6.83,
            "gross_profit": null,
            "gross_margin": null,
            "gross_margin_4q_avg": 0,
            "net_income": 666240,
            "revenue": 9715734,
            "common_shares": 15224105,
            "book_valuer_per_share": 18.63,
            "book_valuer_per_share_4q_avg": 18.81,
            "equity": 59489252,
            "current_ratio": 87.93,
            "debt_ratio": 91.75,
            "inventory_turnover_ratio": null,
            "account_receivable_turnover_ratio": 0.79,
            "reinvestment_rate": -47.11,
            "research_to_sale_ratio": null,
            "price_fair": 3.22,
            "eps_avg_yearly": 1.07,
            "eps_latest_yearly": 0.08,
            "eps_growth_yearly": -76.38
        },
        "20192": {
            "year_quarter": 20192,
            "year": 2019,
            "quarter": 2,
            "eps": -0.26,
            "eps_growth_year": -165,
            "eps_4q": -0.03,
            "eps_4q_growth_year": -102.03,
            "roe": 0.88,
            "roe_4q": 5.4399999999999995,
            "gross_profit": null,
            "gross_margin": null,
            "gross_margin_4q_avg": 0,
            "net_income": 524574,
            "revenue": 9062319,
            "common_shares": 15224105,
            "book_valuer_per_share": 18.31,
            "book_valuer_per_share_4q_avg": 18.52,
            "equity": 59240219,
            "current_ratio": 86.57,
            "debt_ratio": 91.66,
            "inventory_turnover_ratio": null,
            "account_receivable_turnover_ratio": 0.74,
            "reinvestment_rate": -54.02,
            "research_to_sale_ratio": null,
            "price_fair": 3.14,
            "eps_avg_yearly": 1.05,
            "eps_latest_yearly": 0.08,
            "eps_growth_yearly": -83.23
        },
        "20193": {
            "year_quarter": 20193,
            "year": 2019,
            "quarter": 3,
            "eps": -0.12,
            "eps_growth_year": -140,
            "eps_4q": -0.43,
            "eps_4q_growth_year": -132.52,
            "roe": 1.13,
            "roe_4q": 4.46,
            "gross_profit": null,
            "gross_margin": null,
            "gross_margin_4q_avg": 0,
            "net_income": 673108,
            "revenue": 8617091,
            "common_shares": 16213672,
            "book_valuer_per_share": 17.14,
            "book_valuer_per_share_4q_avg": 18.15,
            "equity": 59958190,
            "current_ratio": 85.82,
            "debt_ratio": 91.59,
            "inventory_turnover_ratio": null,
            "account_receivable_turnover_ratio": 0.69,
            "reinvestment_rate": 17.33,
            "research_to_sale_ratio": null,
            "price_fair": 3.38,
            "eps_avg_yearly": 1.13,
            "eps_latest_yearly": 0.08,
            "eps_growth_yearly": -61.16
        },
        "20194": {
            "year_quarter": 20194,
            "year": 2019,
            "quarter": 4,
            "eps": -0.12,
            "eps_growth_year": -654.81,
            "eps_4q": -0.57,
            "eps_4q_growth_year": -149.94,
            "roe": 1.19,
            "roe_4q": 4.33,
            "gross_profit": null,
            "gross_margin": null,
            "gross_margin_4q_avg": 0,
            "net_income": 716902,
            "revenue": 8375954,
            "common_shares": 16213672,
            "book_valuer_per_share": 17.05,
            "book_valuer_per_share_4q_avg": 17.78,
            "equity": 60602406,
            "current_ratio": 85.19,
            "debt_ratio": 91.49,
            "inventory_turnover_ratio": null,
            "account_receivable_turnover_ratio": 0.66,
            "reinvestment_rate": 28.65,
            "research_to_sale_ratio": null,
            "price_fair": 3.38,
            "eps_avg_yearly": 1.13,
            "eps_latest_yearly": 0.08,
            "eps_growth_yearly": -61.16
        },
        "20201": {
            "year_quarter": 20201,
            "year": 2020,
            "quarter": 1,
            "eps": -0.36,
            "eps_growth_year": null,
            "eps_4q": -0.85,
            "eps_4q_growth_year": -240.31,
            "roe": 0.35,
            "roe_4q": 3.55,
            "gross_profit": null,
            "gross_margin": null,
            "gross_margin_4q_avg": 0,
            "net_income": 214409,
            "revenue": 7596582,
            "common_shares": 16213672,
            "book_valuer_per_share": 16.33,
            "book_valuer_per_share_4q_avg": 17.21,
            "equity": 60248855,
            "current_ratio": 84.92,
            "debt_ratio": 91.58,
            "inventory_turnover_ratio": null,
            "account_receivable_turnover_ratio": 0.62,
            "reinvestment_rate": 32.96,
            "research_to_sale_ratio": null,
            "price_fair": 3.38,
            "eps_avg_yearly": 1.13,
            "eps_latest_yearly": 0.08,
            "eps_growth_yearly": -61.16
        },
        "20202": {
            "year_quarter": 20202,
            "year": 2020,
            "quarter": 2,
            "eps": -0.18,
            "eps_growth_year": null,
            "eps_4q": -0.78,
            "eps_4q_growth_year": null,
            "roe": 0.85,
            "roe_4q": 3.5199999999999996,
            "gross_profit": null,
            "gross_margin": null,
            "gross_margin_4q_avg": 0,
            "net_income": 514269,
            "revenue": 6600090,
            "common_shares": 16213672,
            "book_valuer_per_share": 16.52,
            "book_valuer_per_share_4q_avg": 16.76,
            "equity": 60790380,
            "current_ratio": 84.07,
            "debt_ratio": 91.8,
            "inventory_turnover_ratio": null,
            "account_receivable_turnover_ratio": 0.59,
            "reinvestment_rate": 291.38,
            "research_to_sale_ratio": null,
            "price_fair": 3.38,
            "eps_avg_yearly": 1.13,
            "eps_latest_yearly": 0.08,
            "eps_growth_yearly": -61.16
        },
        "20203": {
            "year_quarter": 20203,
            "year": 2020,
            "quarter": 3,
            "eps": 1.94,
            "eps_growth_year": null,
            "eps_4q": 1.28,
            "eps_4q_growth_year": null,
            "roe": 5.44,
            "roe_4q": 7.83,
            "gross_profit": null,
            "gross_margin": null,
            "gross_margin_4q_avg": 0,
            "net_income": 3402868,
            "revenue": 10206996,
            "common_shares": 16213672,
            "book_valuer_per_share": 18.47,
            "book_valuer_per_share_4q_avg": 17.09,
            "equity": 64354295,
            "current_ratio": 84.04,
            "debt_ratio": 91.33,
            "inventory_turnover_ratio": null,
            "account_receivable_turnover_ratio": 0.94,
            "reinvestment_rate": 55.61,
            "research_to_sale_ratio": null,
            "price_fair": 3.38,
            "eps_avg_yearly": 1.13,
            "eps_latest_yearly": 0.08,
            "eps_growth_yearly": -61.16
        },
        "20204": {
            "year_quarter": 20204,
            "year": 2020,
            "quarter": 4,
            "eps": -0.67,
            "eps_growth_year": null,
            "eps_4q": 0.73,
            "eps_4q_growth_year": null,
            "roe": -0.13,
            "roe_4q": 6.51,
            "gross_profit": null,
            "gross_margin": null,
            "gross_margin_4q_avg": 0,
            "net_income": -82838,
            "revenue": 6746624,
            "common_shares": 16213672,
            "book_valuer_per_share": 17.83,
            "book_valuer_per_share_4q_avg": 17.29,
            "equity": 66400151,
            "current_ratio": 84.56,
            "debt_ratio": 91.3,
            "inventory_turnover_ratio": null,
            "account_receivable_turnover_ratio": 0.59,
            "reinvestment_rate": 49.43,
            "research_to_sale_ratio": null,
            "price_fair": 3.38,
            "eps_avg_yearly": 1.13,
            "eps_latest_yearly": 0.08,
            "eps_growth_yearly": -61.16
        },
        "20211": {
            "year_quarter": 20211,
            "year": 2021,
            "quarter": 1,
            "eps": 0.1,
            "eps_growth_year": null,
            "eps_4q": 1.2,
            "eps_4q_growth_year": null,
            "roe": 1.52,
            "roe_4q": 7.68,
            "gross_profit": null,
            "gross_margin": null,
            "gross_margin_4q_avg": 0,
            "net_income": 1022279,
            "revenue": 7719407,
            "common_shares": 16213672,
            "book_valuer_per_share": 18,
            "book_valuer_per_share_4q_avg": 17.71,
            "equity": 67730833,
            "current_ratio": 84.93,
            "debt_ratio": 91.26,
            "inventory_turnover_ratio": null,
            "account_receivable_turnover_ratio": 0.63,
            "reinvestment_rate": 50.07,
            "research_to_sale_ratio": null,
            "price_fair": 3.38,
            "eps_avg_yearly": 1.13,
            "eps_latest_yearly": 0.08,
            "eps_growth_yearly": -61.16
        },
        "20212": {
            "year_quarter": 20212,
            "year": 2021,
            "quarter": 2,
            "eps": -0.1,
            "eps_growth_year": null,
            "eps_4q": 1.28,
            "eps_4q_growth_year": null,
            "roe": 1.11,
            "roe_4q": 7.94,
            "gross_profit": null,
            "gross_margin": null,
            "gross_margin_4q_avg": 0,
            "net_income": 760106,
            "revenue": 7802633,
            "common_shares": 16213672,
            "book_valuer_per_share": 18.07,
            "book_valuer_per_share_4q_avg": 18.09,
            "equity": 68765089,
            "current_ratio": 85.14,
            "debt_ratio": 91.2,
            "inventory_turnover_ratio": null,
            "account_receivable_turnover_ratio": 0.57,
            "reinvestment_rate": 45.42,
            "research_to_sale_ratio": null,
            "price_fair": 3.38,
            "eps_avg_yearly": 1.13,
            "eps_latest_yearly": 0.08,
            "eps_growth_yearly": -61.16
        },
        "20213": {
            "year_quarter": 20213,
            "year": 2021,
            "quarter": 3,
            "eps": 0.07,
            "eps_growth_year": -96.39,
            "eps_4q": -0.57,
            "eps_4q_growth_year": -144.12,
            "roe": 1.61,
            "roe_4q": 4.11,
            "gross_profit": null,
            "gross_margin": null,
            "gross_margin_4q_avg": 0,
            "net_income": 1107984,
            "revenue": 8366307,
            "common_shares": 16213672,
            "book_valuer_per_share": 18.08,
            "book_valuer_per_share_4q_avg": 18,
            "equity": 69059293,
            "current_ratio": 85.31,
            "debt_ratio": 91.12,
            "inventory_turnover_ratio": null,
            "account_receivable_turnover_ratio": 0.58,
            "reinvestment_rate": 103.53,
            "research_to_sale_ratio": null,
            "price_fair": 3.38,
            "eps_avg_yearly": 1.13,
            "eps_latest_yearly": 0.08,
            "eps_growth_yearly": -61.16
        },
        "20214": {
            "year_quarter": 20214,
            "year": 2021,
            "quarter": 4,
            "eps": -0.07,
            "eps_growth_year": null,
            "eps_4q": 0,
            "eps_4q_growth_year": -99.42,
            "roe": 1.36,
            "roe_4q": 5.6,
            "gross_profit": null,
            "gross_margin": null,
            "gross_margin_4q_avg": 0,
            "net_income": 960412,
            "revenue": 9252171,
            "common_shares": 16862097,
            "book_valuer_per_share": 17.39,
            "book_valuer_per_share_4q_avg": 17.89,
            "equity": 71776028,
            "current_ratio": 85.75,
            "debt_ratio": 91.04,
            "inventory_turnover_ratio": null,
            "account_receivable_turnover_ratio": 0.64,
            "reinvestment_rate": 153.68,
            "research_to_sale_ratio": null,
            "price_fair": 3.57,
            "eps_avg_yearly": 1.19,
            "eps_latest_yearly": 0.08,
            "eps_growth_yearly": -19.59
        },
        "20221": {
            "year_quarter": 20221,
            "year": 2022,
            "quarter": 1,
            "eps": -0.15,
            "eps_growth_year": -250,
            "eps_4q": -0.24,
            "eps_4q_growth_year": -120.21,
            "roe": 1.1,
            "roe_4q": 5.180000000000001,
            "gross_profit": null,
            "gross_margin": null,
            "gross_margin_4q_avg": 0,
            "net_income": 797051,
            "revenue": 8065113,
            "common_shares": 16862097,
            "book_valuer_per_share": 17.47,
            "book_valuer_per_share_4q_avg": 17.75,
            "equity": 72691607,
            "current_ratio": 85.94,
            "debt_ratio": 91.03,
            "inventory_turnover_ratio": null,
            "account_receivable_turnover_ratio": 0.58,
            "reinvestment_rate": 286.82,
            "research_to_sale_ratio": null,
            "price_fair": 2.88,
            "eps_avg_yearly": 0.96,
            "eps_latest_yearly": 0.08,
            "eps_growth_yearly": -177.64
        },
        "20222": {
            "year_quarter": 20222,
            "year": 2022,
            "quarter": 2,
            "eps": -0.13,
            "eps_growth_year": null,
            "eps_4q": -0.28,
            "eps_4q_growth_year": -121.65,
            "roe": 1.22,
            "roe_4q": 5.290000000000001,
            "gross_profit": null,
            "gross_margin": null,
            "gross_margin_4q_avg": 0,
            "net_income": 881418,
            "revenue": 8452752,
            "common_shares": 16862097,
            "book_valuer_per_share": 17.01,
            "book_valuer_per_share_4q_avg": 17.49,
            "equity": 71462322,
            "current_ratio": 86.6,
            "debt_ratio": 91.14,
            "inventory_turnover_ratio": null,
            "account_receivable_turnover_ratio": 0.61,
            "reinvestment_rate": 1367.41,
            "research_to_sale_ratio": null,
            "price_fair": 1.92,
            "eps_avg_yearly": 0.64,
            "eps_latest_yearly": 0.08,
            "eps_growth_yearly": -236.67
        },
        "20223": {
            "year_quarter": 20223,
            "year": 2022,
            "quarter": 3,
            "eps": -0.27,
            "eps_growth_year": -485.71,
            "eps_4q": -0.61,
            "eps_4q_growth_year": null,
            "roe": 0.99,
            "roe_4q": 4.67,
            "gross_profit": null,
            "gross_margin": null,
            "gross_margin_4q_avg": 0,
            "net_income": 707277,
            "revenue": 9101300,
            "common_shares": 16862097,
            "book_valuer_per_share": 16.78,
            "book_valuer_per_share_4q_avg": 17.16,
            "equity": 72062565,
            "current_ratio": 86.87,
            "debt_ratio": 91.34,
            "inventory_turnover_ratio": null,
            "account_receivable_turnover_ratio": 0.66,
            "reinvestment_rate": null,
            "research_to_sale_ratio": null,
            "price_fair": 0.24,
            "eps_avg_yearly": 0.08,
            "eps_latest_yearly": 0.08,
            "eps_growth_yearly": -373.33
        },
        "20224": {
            "year_quarter": 20224,
            "year": 2022,
            "quarter": 4,
            "eps": -0.46,
            "eps_growth_year": null,
            "eps_4q": -1.01,
            "eps_4q_growth_year": -23825.99,
            "roe": 0.56,
            "roe_4q": 3.87,
            "gross_profit": null,
            "gross_margin": null,
            "gross_margin_4q_avg": 0,
            "net_income": 411080,
            "revenue": 8647778,
            "common_shares": 16862097,
            "book_valuer_per_share": 16.36,
            "book_valuer_per_share_4q_avg": 16.91,
            "equity": 74962794,
            "current_ratio": 88.15,
            "debt_ratio": 91.03,
            "inventory_turnover_ratio": null,
            "account_receivable_turnover_ratio": 0.61,
            "reinvestment_rate": null,
            "research_to_sale_ratio": null,
            "price_fair": 0,
            "eps_avg_yearly": 0,
            "eps_latest_yearly": 0,
            "eps_growth_yearly": 0
        },
        "20231": {
            "year_quarter": 20231,
            "year": 2023,
            "quarter": 1,
            "eps": -0.34,
            "eps_growth_year": null,
            "eps_4q": -1.2,
            "eps_4q_growth_year": null,
            "roe": 0.87,
            "roe_4q": 3.6399999999999997,
            "gross_profit": null,
            "gross_margin": null,
            "gross_margin_4q_avg": 0,
            "net_income": 655600,
            "revenue": 9252935,
            "common_shares": 16862097,
            "book_valuer_per_share": 16.13,
            "book_valuer_per_share_4q_avg": 16.57,
            "equity": 76220144,
            "current_ratio": 87.88,
            "debt_ratio": 90.88,
            "inventory_turnover_ratio": null,
            "account_receivable_turnover_ratio": 0.62,
            "reinvestment_rate": null,
            "research_to_sale_ratio": null,
            "price_fair": 0,
            "eps_avg_yearly": 0,
            "eps_latest_yearly": 0,
            "eps_growth_yearly": 0
        },
        "20232": {
            "year_quarter": 20232,
            "year": 2023,
            "quarter": 2,
            "eps": -0.17,
            "eps_growth_year": null,
            "eps_4q": -1.24,
            "eps_4q_growth_year": null,
            "roe": 1.34,
            "roe_4q": 3.76,
            "gross_profit": null,
            "gross_margin": null,
            "gross_margin_4q_avg": 0,
            "net_income": 1019489,
            "revenue": 9821430,
            "common_shares": 16862097,
            "book_valuer_per_share": 16.09,
            "book_valuer_per_share_4q_avg": 16.34,
            "equity": 76509208,
            "current_ratio": 86.83,
            "debt_ratio": 90.95,
            "inventory_turnover_ratio": null,
            "account_receivable_turnover_ratio": 0.59,
            "reinvestment_rate": null,
            "research_to_sale_ratio": null,
            "price_fair": 0,
            "eps_avg_yearly": 0,
            "eps_latest_yearly": 0,
            "eps_growth_yearly": 0
        }
    },
    "months": {
        "2001-06": {
            "month": "2001-06",
            "price": "2.82",
            "revenue": 805315
        },
        "2001-07": {
            "month": "2001-07",
            "price": "2.61",
            "revenue": 726790
        },
        "2001-08": {
            "month": "2001-08",
            "price": "3.01",
            "revenue": 771538
        },
        "2001-09": {
            "month": "2001-09",
            "price": "3.43",
            "revenue": 671317
        },
        "2001-10": {
            "month": "2001-10",
            "price": "2.97",
            "revenue": 734892
        },
        "2001-11": {
            "month": "2001-11",
            "price": "2.85",
            "revenue": 574368
        },
        "2001-12": {
            "month": "2001-12",
            "price": "3.08",
            "revenue": 617192
        },
        "2002-01": {
            "month": "2002-01",
            "price": "3.45",
            "revenue": 513295
        },
        "2002-02": {
            "month": "2002-02",
            "price": "3.66",
            "revenue": 471405
        },
        "2002-03": {
            "month": "2002-03",
            "price": "6.33",
            "revenue": 651334
        },
        "2002-04": {
            "month": "2002-04",
            "price": "8.86",
            "revenue": 751747
        },
        "2002-05": {
            "month": "2002-05",
            "price": "8.45",
            "revenue": 653449
        },
        "2002-06": {
            "month": "2002-06",
            "price": "8.09",
            "revenue": 536190
        },
        "2002-07": {
            "month": "2002-07",
            "price": "8.54",
            "revenue": 826062
        },
        "2002-08": {
            "month": "2002-08",
            "price": "8.89",
            "revenue": 882705
        },
        "2002-09": {
            "month": "2002-09",
            "price": "7.80",
            "revenue": 912242
        },
        "2002-10": {
            "month": "2002-10",
            "price": "7.86",
            "revenue": 792811
        },
        "2002-11": {
            "month": "2002-11",
            "price": "8.33",
            "revenue": 762229
        },
        "2002-12": {
            "month": "2002-12",
            "price": "8.42",
            "revenue": 723284
        },
        "2003-01": {
            "month": "2003-01",
            "price": "14.96",
            "revenue": 1040946
        },
        "2003-02": {
            "month": "2003-02",
            "price": "16.26",
            "revenue": 877365
        },
        "2003-03": {
            "month": "2003-03",
            "price": "14.34",
            "revenue": 728454
        },
        "2003-04": {
            "month": "2003-04",
            "price": "12.94",
            "revenue": 639328
        },
        "2003-05": {
            "month": "2003-05",
            "price": "8.54",
            "revenue": 1127029
        },
        "2003-06": {
            "month": "2003-06",
            "price": "11.15",
            "revenue": 847231
        },
        "2003-07": {
            "month": "2003-07",
            "price": "12.65",
            "revenue": 990960
        },
        "2003-08": {
            "month": "2003-08",
            "price": "14.55",
            "revenue": 1110186
        },
        "2003-09": {
            "month": "2003-09",
            "price": "15.13",
            "revenue": 1014974
        },
        "2003-10": {
            "month": "2003-10",
            "price": "16.50",
            "revenue": 1021381
        },
        "2003-11": {
            "month": "2003-11",
            "price": "16.31",
            "revenue": 927588
        },
        "2003-12": {
            "month": "2003-12",
            "price": "17.08",
            "revenue": 920715
        },
        "2004-01": {
            "month": "2004-01",
            "price": "19.89",
            "revenue": 1046159
        },
        "2004-02": {
            "month": "2004-02",
            "price": "19.76",
            "revenue": 1074736
        },
        "2004-03": {
            "month": "2004-03",
            "price": "20.73",
            "revenue": 973062
        },
        "2004-04": {
            "month": "2004-04",
            "price": "23.25",
            "revenue": 1230969
        },
        "2004-05": {
            "month": "2004-05",
            "price": "18.62",
            "revenue": 1247996
        },
        "2004-06": {
            "month": "2004-06",
            "price": "17.28",
            "revenue": 1168409
        },
        "2004-07": {
            "month": "2004-07",
            "price": "17.21",
            "revenue": 1216834
        },
        "2004-08": {
            "month": "2004-08",
            "price": "15.42",
            "revenue": 1527959
        },
        "2004-09": {
            "month": "2004-09",
            "price": "18.46",
            "revenue": 1295096
        },
        "2004-10": {
            "month": "2004-10",
            "price": "19.15",
            "revenue": 1413589
        },
        "2004-11": {
            "month": "2004-11",
            "price": "16.81",
            "revenue": 1230063
        },
        "2004-12": {
            "month": "2004-12",
            "price": "16.80",
            "revenue": 800020
        },
        "2005-01": {
            "month": "2005-01",
            "price": "16.24",
            "revenue": 1278142
        },
        "2005-02": {
            "month": "2005-02",
            "price": "16.43",
            "revenue": 1070023
        },
        "2005-03": {
            "month": "2005-03",
            "price": "16.28",
            "revenue": 1055014
        },
        "2005-04": {
            "month": "2005-04",
            "price": "14.80",
            "revenue": 1207077
        },
        "2005-05": {
            "month": "2005-05",
            "price": "13.87",
            "revenue": 917905
        },
        "2005-06": {
            "month": "2005-06",
            "price": "14.58",
            "revenue": 1206464
        },
        "2005-07": {
            "month": "2005-07",
            "price": "14.74",
            "revenue": 1179078
        },
        "2005-08": {
            "month": "2005-08",
            "price": "12.54",
            "revenue": 1336793
        },
        "2005-09": {
            "month": "2005-09",
            "price": "8.90",
            "revenue": 1119553
        },
        "2005-10": {
            "month": "2005-10",
            "price": "8.48",
            "revenue": 1240469
        },
        "2005-11": {
            "month": "2005-11",
            "price": "8.16",
            "revenue": 1046885
        },
        "2005-12": {
            "month": "2005-12",
            "price": "8.58",
            "revenue": 885138
        },
        "2006-01": {
            "month": "2006-01",
            "price": "8.92",
            "revenue": 1217320
        },
        "2006-02": {
            "month": "2006-02",
            "price": "8.46",
            "revenue": 852114
        },
        "2006-03": {
            "month": "2006-03",
            "price": "8.10",
            "revenue": 1215534
        },
        "2006-04": {
            "month": "2006-04",
            "price": "8.76",
            "revenue": 1177022
        },
        "2006-05": {
            "month": "2006-05",
            "price": "8.55",
            "revenue": 1145031
        },
        "2006-06": {
            "month": "2006-06",
            "price": "7.26",
            "revenue": 1266978
        },
        "2006-07": {
            "month": "2006-07",
            "price": "7.12",
            "revenue": 1194752
        },
        "2006-08": {
            "month": "2006-08",
            "price": "6.61",
            "revenue": 1283903
        },
        "2006-09": {
            "month": "2006-09",
            "price": "5.71",
            "revenue": 1074151
        },
        "2006-10": {
            "month": "2006-10",
            "price": "6.72",
            "revenue": 709282
        },
        "2006-11": {
            "month": "2006-11",
            "price": "6.94",
            "revenue": 1578799
        },
        "2006-12": {
            "month": "2006-12",
            "price": "7.89",
            "revenue": 1344103
        },
        "2007-01": {
            "month": "2007-01",
            "price": "7.41",
            "revenue": 1727104
        },
        "2007-02": {
            "month": "2007-02",
            "price": "7.21",
            "revenue": 1450519
        },
        "2007-03": {
            "month": "2007-03",
            "price": "7.05",
            "revenue": 1719670
        },
        "2007-04": {
            "month": "2007-04",
            "price": "8.60",
            "revenue": 1458429
        },
        "2007-05": {
            "month": "2007-05",
            "price": "7.99",
            "revenue": 1739746
        },
        "2007-06": {
            "month": "2007-06",
            "price": "8.67",
            "revenue": 1434885
        },
        "2007-07": {
            "month": "2007-07",
            "price": "10.95",
            "revenue": 1544125
        },
        "2007-08": {
            "month": "2007-08",
            "price": "11.08",
            "revenue": 1556551
        },
        "2007-09": {
            "month": "2007-09",
            "price": "13.77",
            "revenue": 1405709
        },
        "2007-10": {
            "month": "2007-10",
            "price": "15.71",
            "revenue": 1467037
        },
        "2007-11": {
            "month": "2007-11",
            "price": "13.78",
            "revenue": 1608383
        },
        "2007-12": {
            "month": "2007-12",
            "price": "11.75",
            "revenue": 1601477
        },
        "2008-01": {
            "month": "2008-01",
            "price": "10.47",
            "revenue": 1731810
        },
        "2008-02": {
            "month": "2008-02",
            "price": "10.36",
            "revenue": 1426324
        },
        "2008-03": {
            "month": "2008-03",
            "price": "11.49",
            "revenue": 1691208
        },
        "2008-04": {
            "month": "2008-04",
            "price": "11.70",
            "revenue": 1795764
        },
        "2008-05": {
            "month": "2008-05",
            "price": "11.89",
            "revenue": 1474700
        },
        "2008-06": {
            "month": "2008-06",
            "price": "10.29",
            "revenue": 1253412
        },
        "2008-07": {
            "month": "2008-07",
            "price": "8.77",
            "revenue": 1179296
        },
        "2008-08": {
            "month": "2008-08",
            "price": "7.30",
            "revenue": 939430
        },
        "2008-09": {
            "month": "2008-09",
            "price": "5.14",
            "revenue": 1057896
        },
        "2008-10": {
            "month": "2008-10",
            "price": "5.08",
            "revenue": 919360
        },
        "2008-11": {
            "month": "2008-11",
            "price": "4.21",
            "revenue": 542111
        },
        "2008-12": {
            "month": "2008-12",
            "price": "4.13",
            "revenue": 683717
        },
        "2009-01": {
            "month": "2009-01",
            "price": "4.15",
            "revenue": 606342
        },
        "2009-02": {
            "month": "2009-02",
            "price": "4.03",
            "revenue": 722721
        },
        "2009-03": {
            "month": "2009-03",
            "price": "4.40",
            "revenue": 711465
        },
        "2009-04": {
            "month": "2009-04",
            "price": "5.85",
            "revenue": 842247
        },
        "2009-05": {
            "month": "2009-05",
            "price": "6.13",
            "revenue": 903314
        },
        "2009-06": {
            "month": "2009-06",
            "price": "5.94",
            "revenue": 833884
        },
        "2009-07": {
            "month": "2009-07",
            "price": "5.84",
            "revenue": 1061492
        },
        "2009-08": {
            "month": "2009-08",
            "price": "6.00",
            "revenue": 964362
        },
        "2009-09": {
            "month": "2009-09",
            "price": "6.05",
            "revenue": 775497
        },
        "2009-10": {
            "month": "2009-10",
            "price": "6.55",
            "revenue": 916643
        },
        "2009-11": {
            "month": "2009-11",
            "price": "6.40",
            "revenue": 880728
        },
        "2009-12": {
            "month": "2009-12",
            "price": "6.77",
            "revenue": 1278196
        },
        "2010-01": {
            "month": "2010-01",
            "price": "8.33",
            "revenue": 1160205
        },
        "2010-02": {
            "month": "2010-02",
            "price": "7.18",
            "revenue": 878630
        },
        "2010-03": {
            "month": "2010-03",
            "price": "7.72",
            "revenue": 1774070
        },
        "2010-04": {
            "month": "2010-04",
            "price": "8.34",
            "revenue": 1085557
        },
        "2010-05": {
            "month": "2010-05",
            "price": "10.20",
            "revenue": 1181220
        },
        "2010-06": {
            "month": "2010-06",
            "price": "9.60",
            "revenue": 1494617
        },
        "2010-07": {
            "month": "2010-07",
            "price": "10.13",
            "revenue": 1355550
        },
        "2010-08": {
            "month": "2010-08",
            "price": "11.51",
            "revenue": 2832112
        },
        "2010-09": {
            "month": "2010-09",
            "price": "11.25",
            "revenue": 1063388
        },
        "2010-10": {
            "month": "2010-10",
            "price": "13.67",
            "revenue": 1087251
        },
        "2010-11": {
            "month": "2010-11",
            "price": "15.12",
            "revenue": 1358137
        },
        "2010-12": {
            "month": "2010-12",
            "price": "15.30",
            "revenue": 1718264
        },
        "2011-01": {
            "month": "2011-01",
            "price": "15.65",
            "revenue": 1459267
        },
        "2011-02": {
            "month": "2011-02",
            "price": "16.42",
            "revenue": 1495331
        },
        "2011-03": {
            "month": "2011-03",
            "price": "15.72",
            "revenue": 1501503
        },
        "2011-04": {
            "month": "2011-04",
            "price": "14.37",
            "revenue": 1511618
        },
        "2011-05": {
            "month": "2011-05",
            "price": "12.70",
            "revenue": 1573742
        },
        "2011-06": {
            "month": "2011-06",
            "price": "12.59",
            "revenue": 1294659
        },
        "2011-07": {
            "month": "2011-07",
            "price": "12.92",
            "revenue": 1258211
        },
        "2011-08": {
            "month": "2011-08",
            "price": "12.55",
            "revenue": 1550445
        },
        "2011-09": {
            "month": "2011-09",
            "price": "11.11",
            "revenue": 1394931
        },
        "2011-10": {
            "month": "2011-10",
            "price": "10.19",
            "revenue": 1094923
        },
        "2011-11": {
            "month": "2011-11",
            "price": "10.16",
            "revenue": 1319044
        },
        "2011-12": {
            "month": "2011-12",
            "price": "9.26",
            "revenue": 1455421
        },
        "2012-01": {
            "month": "2012-01",
            "price": "9.32",
            "revenue": 1384405
        },
        "2012-02": {
            "month": "2012-02",
            "price": "12.61",
            "revenue": 1396504
        },
        "2012-03": {
            "month": "2012-03",
            "price": "12.44",
            "revenue": 1635533
        },
        "2012-04": {
            "month": "2012-04",
            "price": "10.22",
            "revenue": 1242148
        },
        "2012-05": {
            "month": "2012-05",
            "price": "9.45",
            "revenue": 1531361
        },
        "2012-06": {
            "month": "2012-06",
            "price": "9.08",
            "revenue": 1072941
        },
        "2012-07": {
            "month": "2012-07",
            "price": "9.80",
            "revenue": 1006796
        },
        "2012-08": {
            "month": "2012-08",
            "price": "10.84",
            "revenue": 1506317
        },
        "2012-09": {
            "month": "2012-09",
            "price": "11.68",
            "revenue": 1172387
        },
        "2012-10": {
            "month": "2012-10",
            "price": "10.98",
            "revenue": 1198639
        },
        "2012-11": {
            "month": "2012-11",
            "price": "9.81",
            "revenue": 1312770
        },
        "2012-12": {
            "month": "2012-12",
            "price": "10.54",
            "revenue": 1586361
        },
        "2013-01": {
            "month": "2013-01",
            "price": "11.03",
            "revenue": 2978510
        },
        "2013-02": {
            "month": "2013-02",
            "price": "10.33",
            "revenue": 2591950
        },
        "2013-03": {
            "month": "2013-03",
            "price": "10.54",
            "revenue": 2885981
        },
        "2013-04": {
            "month": "2013-04",
            "price": "11.05",
            "revenue": 2816099
        },
        "2013-05": {
            "month": "2013-05",
            "price": "12.55",
            "revenue": 2931028
        },
        "2013-06": {
            "month": "2013-06",
            "price": "11.49",
            "revenue": 2894397
        },
        "2013-07": {
            "month": "2013-07",
            "price": "12.69",
            "revenue": 2946036
        },
        "2013-08": {
            "month": "2013-08",
            "price": "12.59",
            "revenue": 3056770
        },
        "2013-09": {
            "month": "2013-09",
            "price": "12.24",
            "revenue": 2674382
        },
        "2013-10": {
            "month": "2013-10",
            "price": "12.92",
            "revenue": 2722957
        },
        "2013-11": {
            "month": "2013-11",
            "price": "12.40",
            "revenue": 2161264
        },
        "2013-12": {
            "month": "2013-12",
            "price": "13.00",
            "revenue": 2899645
        },
        "2014-01": {
            "month": "2014-01",
            "price": "12.52",
            "revenue": 3158043
        },
        "2014-02": {
            "month": "2014-02",
            "price": "12.36",
            "revenue": 3218865
        },
        "2014-03": {
            "month": "2014-03",
            "price": "11.97",
            "revenue": 2715786
        },
        "2014-04": {
            "month": "2014-04",
            "price": "11.41",
            "revenue": 2967442
        },
        "2014-05": {
            "month": "2014-05",
            "price": "10.49",
            "revenue": 2931141
        },
        "2014-06": {
            "month": "2014-06",
            "price": "10.83",
            "revenue": 3031557
        },
        "2014-07": {
            "month": "2014-07",
            "price": "10.93",
            "revenue": 3083797
        },
        "2014-08": {
            "month": "2014-08",
            "price": "9.64",
            "revenue": 2950121
        },
        "2014-09": {
            "month": "2014-09",
            "price": "9.13",
            "revenue": 3178871
        },
        "2014-10": {
            "month": "2014-10",
            "price": "8.22",
            "revenue": 3422000
        },
        "2014-11": {
            "month": "2014-11",
            "price": "8.93",
            "revenue": 2806084
        },
        "2014-12": {
            "month": "2014-12",
            "price": "9.97",
            "revenue": 3926380
        },
        "2015-01": {
            "month": "2015-01",
            "price": "11.24",
            "revenue": 2779631
        },
        "2015-02": {
            "month": "2015-02",
            "price": "10.89",
            "revenue": 2642536
        },
        "2015-03": {
            "month": "2015-03",
            "price": "10.72",
            "revenue": 2981120
        },
        "2015-04": {
            "month": "2015-04",
            "price": "10.91",
            "revenue": 3006958
        },
        "2015-05": {
            "month": "2015-05",
            "price": "11.28",
            "revenue": 3044886
        },
        "2015-06": {
            "month": "2015-06",
            "price": "9.76",
            "revenue": 2646384
        },
        "2015-07": {
            "month": "2015-07",
            "price": "8.85",
            "revenue": 3122040
        },
        "2015-08": {
            "month": "2015-08",
            "price": "8.42",
            "revenue": 2983854
        },
        "2015-09": {
            "month": "2015-09",
            "price": "9.32",
            "revenue": 2566884
        },
        "2015-10": {
            "month": "2015-10",
            "price": "9.39",
            "revenue": 2849533
        },
        "2015-11": {
            "month": "2015-11",
            "price": "8.84",
            "revenue": 2829084
        },
        "2015-12": {
            "month": "2015-12",
            "price": "8.39",
            "revenue": 2719985
        },
        "2016-01": {
            "month": "2016-01",
            "price": "7.94",
            "revenue": 2376136
        },
        "2016-02": {
            "month": "2016-02",
            "price": "8.10",
            "revenue": 2339309
        },
        "2016-03": {
            "month": "2016-03",
            "price": "8.38",
            "revenue": 2914858
        },
        "2016-04": {
            "month": "2016-04",
            "price": "7.95",
            "revenue": 2901647
        },
        "2016-05": {
            "month": "2016-05",
            "price": "7.35",
            "revenue": 2936239
        },
        "2016-06": {
            "month": "2016-06",
            "price": "7.22",
            "revenue": 2778131
        },
        "2016-07": {
            "month": "2016-07",
            "price": "7.59",
            "revenue": 2814268
        },
        "2016-08": {
            "month": "2016-08",
            "price": "7.70",
            "revenue": 2725385
        },
        "2016-09": {
            "month": "2016-09",
            "price": "7.51",
            "revenue": 2512241
        },
        "2016-10": {
            "month": "2016-10",
            "price": "7.56",
            "revenue": 2674046
        },
        "2016-11": {
            "month": "2016-11",
            "price": "7.96",
            "revenue": 3033690
        },
        "2016-12": {
            "month": "2016-12",
            "price": "8.72",
            "revenue": 3268987
        },
        "2017-01": {
            "month": "2017-01",
            "price": "8.80",
            "revenue": 3037229
        },
        "2017-02": {
            "month": "2017-02",
            "price": "9.62",
            "revenue": 2846514
        },
        "2017-03": {
            "month": "2017-03",
            "price": "8.67",
            "revenue": 2872729
        },
        "2017-04": {
            "month": "2017-04",
            "price": "8.14",
            "revenue": 2827662
        },
        "2017-05": {
            "month": "2017-05",
            "price": "7.94",
            "revenue": 2991764
        },
        "2017-06": {
            "month": "2017-06",
            "price": "8.06",
            "revenue": 3094983
        },
        "2017-07": {
            "month": "2017-07",
            "price": "8.61",
            "revenue": 2992773
        },
        "2017-08": {
            "month": "2017-08",
            "price": "8.58",
            "revenue": 3415708
        },
        "2017-09": {
            "month": "2017-09",
            "price": "8.83",
            "revenue": 3390239
        },
        "2017-10": {
            "month": "2017-10",
            "price": "8.86",
            "revenue": 3020655
        },
        "2017-11": {
            "month": "2017-11",
            "price": "9.43",
            "revenue": 3126845
        },
        "2017-12": {
            "month": "2017-12",
            "price": "10.19",
            "revenue": 3515283
        },
        "2018-01": {
            "month": "2018-01",
            "price": "10.29",
            "revenue": 3591328
        },
        "2018-02": {
            "month": "2018-02",
            "price": "9.42",
            "revenue": 3093216
        },
        "2018-03": {
            "month": "2018-03",
            "price": "9.38",
            "revenue": 3290409
        },
        "2018-04": {
            "month": "2018-04",
            "price": "9.84",
            "revenue": 3302058
        },
        "2018-05": {
            "month": "2018-05",
            "price": "10.28",
            "revenue": 3870405
        },
        "2018-06": {
            "month": "2018-06",
            "price": "10.54",
            "revenue": 3608327
        },
        "2018-07": {
            "month": "2018-07",
            "price": "10.26",
            "revenue": 3619813
        },
        "2018-08": {
            "month": "2018-08",
            "price": "11.14",
            "revenue": 3578592
        },
        "2018-09": {
            "month": "2018-09",
            "price": "10.87",
            "revenue": 3660209
        },
        "2018-10": {
            "month": "2018-10",
            "price": "10.40",
            "revenue": 3429289
        },
        "2018-11": {
            "month": "2018-11",
            "price": "9.83",
            "revenue": 3511255
        },
        "2018-12": {
            "month": "2018-12",
            "price": "10.21",
            "revenue": 2957128
        },
        "2019-01": {
            "month": "2019-01",
            "price": "9.94",
            "revenue": 3450764
        },
        "2019-02": {
            "month": "2019-02",
            "price": "9.90",
            "revenue": 3188768
        },
        "2019-03": {
            "month": "2019-03",
            "price": "10.04",
            "revenue": 3068116
        },
        "2019-04": {
            "month": "2019-04",
            "price": "9.90",
            "revenue": 3154830
        },
        "2019-05": {
            "month": "2019-05",
            "price": "9.30",
            "revenue": 3204854
        },
        "2019-06": {
            "month": "2019-06",
            "price": "9.19",
            "revenue": 2620726
        },
        "2019-07": {
            "month": "2019-07",
            "price": "9.33",
            "revenue": 2871400
        },
        "2019-08": {
            "month": "2019-08",
            "price": "8.32",
            "revenue": 2895985
        },
        "2019-09": {
            "month": "2019-09",
            "price": "8.27",
            "revenue": 2999480
        },
        "2019-10": {
            "month": "2019-10",
            "price": "8.17",
            "revenue": 2928161
        },
        "2019-11": {
            "month": "2019-11",
            "price": "7.96",
            "revenue": 2714295
        },
        "2019-12": {
            "month": "2019-12",
            "price": "8.05",
            "revenue": 2459152
        },
        "2020-01": {
            "month": "2020-01",
            "price": "8.00",
            "revenue": 2679023
        },
        "2020-02": {
            "month": "2020-02",
            "price": "7.65",
            "revenue": 2511454
        },
        "2020-03": {
            "month": "2020-03",
            "price": "6.00",
            "revenue": 2391400
        },
        "2020-04": {
            "month": "2020-04",
            "price": "6.02",
            "revenue": 2108027
        },
        "2020-05": {
            "month": "2020-05",
            "price": "6.31",
            "revenue": 2191961
        },
        "2020-06": {
            "month": "2020-06",
            "price": "6.63",
            "revenue": 2138228
        },
        "2020-07": {
            "month": "2020-07",
            "price": "6.50",
            "revenue": 2675847
        },
        "2020-08": {
            "month": "2020-08",
            "price": "6.95",
            "revenue": 2433210
        },
        "2020-09": {
            "month": "2020-09",
            "price": "7.82",
            "revenue": 4872746
        },
        "2020-10": {
            "month": "2020-10",
            "price": "8.15",
            "revenue": 2269616
        },
        "2020-11": {
            "month": "2020-11",
            "price": "8.86",
            "revenue": 2306567
        },
        "2020-12": {
            "month": "2020-12",
            "price": "9.77",
            "revenue": 2391658
        },
        "2021-01": {
            "month": "2021-01",
            "price": "9.42",
            "revenue": 2327601
        },
        "2021-02": {
            "month": "2021-02",
            "price": "9.14",
            "revenue": 2457848
        },
        "2021-03": {
            "month": "2021-03",
            "price": "9.80",
            "revenue": 2921189
        },
        "2021-04": {
            "month": "2021-04",
            "price": "10.81",
            "revenue": 2680593
        },
        "2021-05": {
            "month": "2021-05",
            "price": "10.53",
            "revenue": 2587885
        },
        "2021-06": {
            "month": "2021-06",
            "price": "10.98",
            "revenue": 2548978
        },
        "2021-07": {
            "month": "2021-07",
            "price": "10.92",
            "revenue": 2880141
        },
        "2021-08": {
            "month": "2021-08",
            "price": "10.29",
            "revenue": 2735907
        },
        "2021-09": {
            "month": "2021-09",
            "price": "10.31",
            "revenue": 2660048
        },
        "2021-10": {
            "month": "2021-10",
            "price": "10.77",
            "revenue": 2966288
        },
        "2021-11": {
            "month": "2021-11",
            "price": "10.23",
            "revenue": 3033512
        },
        "2021-12": {
            "month": "2021-12",
            "price": "10.02",
            "revenue": 3295638
        },
        "2022-01": {
            "month": "2022-01",
            "price": "9.94",
            "revenue": 2960509
        },
        "2022-02": {
            "month": "2022-02",
            "price": "9.86",
            "revenue": 2295623
        },
        "2022-03": {
            "month": "2022-03",
            "price": "9.34",
            "revenue": 2795604
        },
        "2022-04": {
            "month": "2022-04",
            "price": "9.08",
            "revenue": 2823270
        },
        "2022-05": {
            "month": "2022-05",
            "price": "8.27",
            "revenue": 2794081
        },
        "2022-06": {
            "month": "2022-06",
            "price": "8.23",
            "revenue": 2756923
        },
        "2022-07": {
            "month": "2022-07",
            "price": "7.55",
            "revenue": 2952896
        },
        "2022-08": {
            "month": "2022-08",
            "price": "7.98",
            "revenue": 2973454
        },
        "2022-09": {
            "month": "2022-09",
            "price": "7.99",
            "revenue": 2779499
        },
        "2022-10": {
            "month": "2022-10",
            "price": "7.92",
            "revenue": 3152222
        },
        "2022-11": {
            "month": "2022-11",
            "price": "8.02",
            "revenue": 3385989
        },
        "2022-12": {
            "month": "2022-12",
            "price": "8.60",
            "revenue": 2721853
        },
        "2023-01": {
            "month": "2023-01",
            "price": "8.49",
            "revenue": 3169704
        },
        "2023-02": {
            "month": "2023-02",
            "price": "8.66",
            "revenue": 3131986
        },
        "2023-03": {
            "month": "2023-03",
            "price": "8.50",
            "revenue": 2954711
        },
        "2023-04": {
            "month": "2023-04",
            "price": "8.36",
            "revenue": 3028341
        },
        "2023-05": {
            "month": "2023-05",
            "price": "8.19",
            "revenue": 3429587
        },
        "2023-06": {
            "month": "2023-06",
            "price": "8.22",
            "revenue": 3227783
        },
        "2023-07": {
            "month": "2023-07",
            "price": "8.04",
            "revenue": 3352660
        },
        "2023-08": {
            "month": "2023-08",
            "price": "8.03",
            "revenue": 3662804
        }
    }
}
