{
    "summary": {
        "stock_name": "生達",
        "stock_id": "1720",
        "category": "生技醫療",
        "main_business": "人用藥品<br>健康食品",
        "website_url": "http://www.standard.com.tw",
        "ceo": "范滋庭",
        "pe_ratio": 14,
        "report_year_from": 2001,
        "report_year_to": 2023,
        "age": 22,
        "eps_negative_percentage": 0,
        "eps_growth_avg": {
            "last_all": 6.94,
            "last_2y": 30.03,
            "last_4y": 18.61,
            "last_8y": 12.3,
            "last_12y": 8.4,
            "last_16y": 5.82,
            "last_20y": 6.94,
            "at_2006_last_3y": 15.45,
            "at_2007_last_3y": 7.57,
            "at_2008_last_3y": 3.69,
            "at_2009_last_3y": -2.57,
            "at_2010_last_3y": -10.3,
            "at_2011_last_3y": -3.21,
            "at_2012_last_3y": -1.41,
            "at_2013_last_3y": -0.36,
            "at_2014_last_3y": 11.78,
            "at_2015_last_3y": 7.7,
            "at_2016_last_3y": 4.57,
            "at_2017_last_3y": 4.41,
            "at_2018_last_3y": 0.02,
            "at_2019_last_3y": 1.81,
            "at_2020_last_3y": 12.57,
            "at_2021_last_3y": 19.41,
            "at_2022_last_3y": 22.64,
            "at_2023_last_3y": 22.64,
            "at_2006_last_all": 9.84,
            "at_2007_last_all": 5.08,
            "at_2008_last_all": 4.67,
            "at_2009_last_all": 4.57,
            "at_2010_last_all": 0.89,
            "at_2011_last_all": 1.76,
            "at_2012_last_all": 2.46,
            "at_2013_last_all": 2.93,
            "at_2014_last_all": 4.24,
            "at_2015_last_all": 3.46,
            "at_2016_last_all": 3.03,
            "at_2017_last_all": 3.3,
            "at_2018_last_all": 3.25,
            "at_2019_last_all": 3.09,
            "at_2020_last_all": 5.04,
            "at_2021_last_all": 6.52,
            "at_2022_last_all": 6.94,
            "at_2023_last_all": 6.94
        },
        "latest_eps": 4.77,
        "latest_price": 68.2,
        "latest_roe": 17.8,
        "latest_gross_margin": 45.65,
        "latest_equity": 7136603,
        "latest_revenue": 1493025,
        "latest_gross_profit": 681510,
        "latest_net_income": 296321,
        "latest_debt_ratio": 35.12,
        "latest_current_ratio": 170.26,
        "latest_account_receivable_turnover_ratio": 1.22,
        "latest_inventory_turnover_ratio": 0.57,
        "latest_reinvestment_rate": 80.34,
        "latest_research_to_sale_ratio": 3.8
    },
    "eps_dividends": {
        "1993": {
            "cash": 0,
            "stock": 5.53,
            "eps": 0
        },
        "1994": {
            "cash": 0,
            "stock": 3,
            "eps": 0
        },
        "1995": {
            "cash": 0,
            "stock": 2.5,
            "eps": 0
        },
        "1996": {
            "cash": 0,
            "stock": 1.7,
            "eps": 0
        },
        "1997": {
            "cash": 0,
            "stock": 1.5,
            "eps": 0
        },
        "2001": {
            "cash": 0,
            "stock": 0,
            "eps": 1.43
        },
        "2002": {
            "cash": 0.7,
            "stock": 0.5,
            "eps": 1.25
        },
        "2003": {
            "cash": 0.7,
            "stock": 0.3,
            "eps": 1.41
        },
        "2004": {
            "cash": 1,
            "stock": 0,
            "eps": 1.66
        },
        "2005": {
            "cash": 1,
            "stock": 0,
            "eps": 2.14
        },
        "2006": {
            "cash": 1.2,
            "stock": 0.3,
            "eps": 2.19
        },
        "2007": {
            "cash": 1.5,
            "stock": 0,
            "eps": 1.78
        },
        "2008": {
            "cash": 1.25,
            "stock": 0,
            "eps": 1.82
        },
        "2009": {
            "cash": 1.2,
            "stock": 0.3,
            "eps": 1.89
        },
        "2010": {
            "cash": 1.6,
            "stock": 0,
            "eps": 1.35
        },
        "2011": {
            "cash": 1.5,
            "stock": 0.7,
            "eps": 1.48
        },
        "2012": {
            "cash": 0,
            "stock": 0,
            "eps": 1.62
        },
        "2013": {
            "cash": 1.2,
            "stock": 0,
            "eps": 1.75
        },
        "2014": {
            "cash": 2.5,
            "stock": 0,
            "eps": 2.1
        },
        "2015": {
            "cash": 1,
            "stock": 0,
            "eps": 1.96
        },
        "2016": {
            "cash": 1.5,
            "stock": 0,
            "eps": 1.9
        },
        "2017": {
            "cash": 1.5,
            "stock": 0,
            "eps": 2.04
        },
        "2018": {
            "cash": 1.6,
            "stock": 0,
            "eps": 2.09
        },
        "2019": {
            "cash": 1.5,
            "stock": 0,
            "eps": 2.1
        },
        "2020": {
            "cash": 1.5,
            "stock": 0,
            "eps": 2.94
        },
        "2021": {
            "cash": 1.8,
            "stock": 0,
            "eps": 3.96
        },
        "2022": {
            "cash": 2.5,
            "stock": 0,
            "eps": 4.57
        },
        "2023": {
            "cash": 2.5,
            "stock": 0,
            "eps": 1.18
        }
    },
    "dividends": {
        "1993-06-19": {
            "cash": 0,
            "stock": 5.53
        },
        "1994-06-06": {
            "cash": 0,
            "stock": 3
        },
        "1995-04-08": {
            "cash": 0,
            "stock": 2.5
        },
        "1996-05-28": {
            "cash": 0,
            "stock": 1.7
        },
        "1997-05-28": {
            "cash": 0,
            "stock": 1.5
        },
        "2002-05-29": {
            "cash": 0.7,
            "stock": 0.5
        },
        "2003-04-15": {
            "cash": 0.7,
            "stock": 0.3
        },
        "2004-04-14": {
            "cash": 1,
            "stock": 0
        },
        "2005-04-19": {
            "cash": 1,
            "stock": 0
        },
        "2006-04-18": {
            "cash": 1.2,
            "stock": 0.3
        },
        "2007-04-23": {
            "cash": 1.5,
            "stock": 0
        },
        "2008-04-25": {
            "cash": 1.25,
            "stock": 0
        },
        "2009-04-22": {
            "cash": 1.2,
            "stock": 0.3
        },
        "2010-04-20": {
            "cash": 1.6,
            "stock": 0
        },
        "2011-01-01": {
            "cash": 1,
            "stock": 0
        },
        "2011-04-20": {
            "cash": 0.5,
            "stock": 0.7
        },
        "2013-05-03": {
            "cash": 1.2,
            "stock": 0
        },
        "2014-08-22": {
            "cash": 2.5,
            "stock": 0
        },
        "2015-08-28": {
            "cash": 1,
            "stock": 0
        },
        "2016-08-31": {
            "cash": 1.5,
            "stock": 0
        },
        "2017-08-30": {
            "cash": 1.5,
            "stock": 0
        },
        "2018-08-30": {
            "cash": 1.6,
            "stock": 0
        },
        "2019-08-28": {
            "cash": 1.5,
            "stock": 0
        },
        "2020-08-26": {
            "cash": 1.5,
            "stock": 0
        },
        "2021-08-25": {
            "cash": 1.8,
            "stock": 0
        },
        "2022-08-24": {
            "cash": 2.5,
            "stock": 0
        },
        "2023-03-14": {
            "cash": 2.5,
            "stock": 0
        }
    },
    "prices": {
        "200101": "20.66",
        "200102": "21.53",
        "200103": "26.37",
        "200104": "25.29",
        "200105": "20.62",
        "200106": "21.20",
        "200107": "23.14",
        "200108": "24.03",
        "200109": "21.70",
        "200110": "22.52",
        "200111": "22.70",
        "200112": "22.64",
        "200201": "22.61",
        "200202": "22.61",
        "200203": "23.82",
        "200204": "24.22",
        "200205": "23.27",
        "200206": "22.78",
        "200207": "21.88",
        "200208": "19.48",
        "200209": "18.04",
        "200210": "17.51",
        "200211": "18.21",
        "200212": "18.27",
        "200301": "19.16",
        "200302": "18.92",
        "200303": "19.10",
        "200304": "20.75",
        "200305": "20.60",
        "200306": "19.94",
        "200307": "18.72",
        "200308": "17.95",
        "200309": "17.60",
        "200310": "17.76",
        "200311": "18.30",
        "200312": "18.68",
        "200401": "18.72",
        "200402": "20.22",
        "200403": "19.12",
        "200404": "18.36",
        "200405": "17.30",
        "200406": "16.90",
        "200407": "16.88",
        "200408": "16.28",
        "200409": "17.00",
        "200410": "17.19",
        "200411": "17.05",
        "200412": "17.81",
        "200501": "18.45",
        "200502": "18.78",
        "200503": "18.37",
        "200504": "18.05",
        "200505": "18.06",
        "200506": "18.36",
        "200507": "18.10",
        "200508": "18.10",
        "200509": "18.20",
        "200510": "20.86",
        "200511": "22.64",
        "200512": "20.18",
        "200601": "20.09",
        "200602": "20.66",
        "200603": "20.41",
        "200604": "20.14",
        "200605": "19.03",
        "200606": "17.73",
        "200607": "17.14",
        "200608": "16.66",
        "200609": "15.21",
        "200610": "16.44",
        "200611": "17.33",
        "200612": "18.76",
        "200701": "18.99",
        "200702": "19.18",
        "200703": "19.16",
        "200704": "21.40",
        "200705": "23.21",
        "200706": "25.50",
        "200707": "39.55",
        "200708": "36.45",
        "200709": "37.70",
        "200710": "34.37",
        "200711": "26.34",
        "200712": "25.28",
        "200801": "24.39",
        "200802": "26.25",
        "200803": "27.60",
        "200804": "30.17",
        "200805": "29.51",
        "200806": "24.66",
        "200807": "21.28",
        "200808": "21.54",
        "200809": "18.36",
        "200810": "17.07",
        "200811": "18.70",
        "200812": "19.27",
        "200901": "19.73",
        "200902": "19.56",
        "200903": "20.83",
        "200904": "26.12",
        "200905": "27.70",
        "200906": "26.02",
        "200907": "28.06",
        "200908": "29.23",
        "200909": "30.05",
        "200910": "29.25",
        "200911": "27.79",
        "200912": "28.17",
        "201001": "27.57",
        "201002": "24.96",
        "201003": "26.69",
        "201004": "27.69",
        "201005": "26.65",
        "201006": "27.03",
        "201007": "28.65",
        "201008": "29.05",
        "201009": "29.82",
        "201010": "35.29",
        "201011": "33.64",
        "201012": "33.58",
        "201101": "31.69",
        "201102": "30.83",
        "201103": "30.20",
        "201104": "31.51",
        "201105": "31.54",
        "201106": "29.26",
        "201107": "29.65",
        "201108": "26.96",
        "201109": "24.52",
        "201110": "23.77",
        "201111": "23.45",
        "201112": "22.62",
        "201201": "23.02",
        "201202": "25.30",
        "201203": "26.06",
        "201204": "23.83",
        "201205": "23.89",
        "201206": "23.58",
        "201207": "25.02",
        "201208": "25.35",
        "201209": "25.12",
        "201210": "26.02",
        "201211": "25.43",
        "201212": "26.82",
        "201301": "26.87",
        "201302": "27.20",
        "201303": "27.35",
        "201304": "28.25",
        "201305": "29.38",
        "201306": "32.92",
        "201307": "36.50",
        "201308": "37.99",
        "201309": "46.71",
        "201310": "49.76",
        "201311": "47.51",
        "201312": "45.21",
        "201401": "42.94",
        "201402": "44.73",
        "201403": "42.64",
        "201404": "40.46",
        "201405": "42.57",
        "201406": "44.04",
        "201407": "45.12",
        "201408": "39.91",
        "201409": "39.10",
        "201410": "38.60",
        "201411": "36.13",
        "201412": "37.24",
        "201501": "37.35",
        "201502": "37.57",
        "201503": "38.74",
        "201504": "38.04",
        "201505": "33.46",
        "201506": "31.42",
        "201507": "32.35",
        "201508": "28.16",
        "201509": "29.23",
        "201510": "32.44",
        "201511": "37.90",
        "201512": "38.93",
        "201601": "34.92",
        "201602": "35.26",
        "201603": "35.80",
        "201604": "34.09",
        "201605": "32.61",
        "201606": "33.25",
        "201607": "34.55",
        "201608": "32.44",
        "201609": "32.36",
        "201610": "32.78",
        "201611": "32.20",
        "201612": "32.42",
        "201701": "32.55",
        "201702": "33.35",
        "201703": "34.02",
        "201704": "33.04",
        "201705": "32.15",
        "201706": "33.12",
        "201707": "33.45",
        "201708": "32.32",
        "201709": "33.08",
        "201710": "32.59",
        "201711": "34.73",
        "201712": "36.93",
        "201801": "35.15",
        "201802": "33.28",
        "201803": "33.65",
        "201804": "34.79",
        "201805": "34.92",
        "201806": "34.44",
        "201807": "33.99",
        "201808": "32.22",
        "201809": "32.16",
        "201810": "30.88",
        "201811": "29.98",
        "201812": "31.10",
        "201901": "31.39",
        "201902": "32.36",
        "201903": "32.97",
        "201904": "33.13",
        "201905": "32.88",
        "201906": "33.03",
        "201907": "33.78",
        "201908": "31.56",
        "201909": "32.42",
        "201910": "32.60",
        "201911": "33.32",
        "201912": "33.69",
        "202001": "33.78",
        "202002": "33.86",
        "202003": "32.59",
        "202004": "36.24",
        "202005": "40.51",
        "202006": "43.12",
        "202007": "45.00",
        "202008": "41.28",
        "202009": "38.72",
        "202010": "37.87",
        "202011": "37.83",
        "202012": "37.73",
        "202101": "36.50",
        "202102": "36.21",
        "202103": "37.89",
        "202104": "39.54",
        "202105": "39.28",
        "202106": "39.30",
        "202107": "39.96",
        "202108": "37.85",
        "202109": "38.10",
        "202110": "37.92",
        "202111": "39.54",
        "202112": "41.58",
        "202201": "42.75",
        "202202": "43.01",
        "202203": "43.27",
        "202204": "43.74",
        "202205": "43.17",
        "202206": "43.93",
        "202207": "45.87",
        "202208": "47.08",
        "202209": "47.15",
        "202210": "44.64",
        "202211": "46.20",
        "202212": "56.41",
        "202301": "56.53",
        "202302": "57.74",
        "202303": "57.00",
        "202304": "63.57",
        "202305": "70.94",
        "202306": "71.31"
    },
    "quarters": {
        "20011": {
            "year_quarter": 20011,
            "year": 2001,
            "quarter": 1,
            "eps": 0.31,
            "eps_growth_year": 19.23,
            "eps_4q": 1.27,
            "eps_4q_growth_year": -1.44,
            "roe": 2.36,
            "roe_4q": 2.36,
            "gross_profit": 141406,
            "gross_margin": 50.3,
            "gross_margin_4q_avg": 50.3,
            "net_income": 34048,
            "revenue": 281111,
            "common_shares": 1089067,
            "book_valuer_per_share": 13.4,
            "book_valuer_per_share_4q_avg": 13.4,
            "equity": 1459290,
            "current_ratio": 478.4,
            "debt_ratio": 35.46,
            "inventory_turnover_ratio": 0.65,
            "account_receivable_turnover_ratio": null,
            "reinvestment_rate": null,
            "research_to_sale_ratio": null,
            "price_fair": 0,
            "eps_avg_yearly": 0,
            "eps_latest_yearly": 0,
            "eps_growth_yearly": 0
        },
        "20012": {
            "year_quarter": 20012,
            "year": 2001,
            "quarter": 2,
            "eps": 0.27,
            "eps_growth_year": 28.57,
            "eps_4q": 1.35,
            "eps_4q_growth_year": 36.77,
            "roe": 2.01,
            "roe_4q": 4.369999999999999,
            "gross_profit": 141081,
            "gross_margin": 49.72,
            "gross_margin_4q_avg": 50.01,
            "net_income": 28997,
            "revenue": 283777,
            "common_shares": 1089067,
            "book_valuer_per_share": 13.12,
            "book_valuer_per_share_4q_avg": 13.26,
            "equity": 1429112,
            "current_ratio": 382.08,
            "debt_ratio": 37.64,
            "inventory_turnover_ratio": 0.65,
            "account_receivable_turnover_ratio": null,
            "reinvestment_rate": null,
            "research_to_sale_ratio": null,
            "price_fair": 0,
            "eps_avg_yearly": 0,
            "eps_latest_yearly": 0,
            "eps_growth_yearly": 0
        },
        "20013": {
            "year_quarter": 20013,
            "year": 2001,
            "quarter": 3,
            "eps": 0.08,
            "eps_growth_year": -50,
            "eps_4q": 1.18,
            "eps_4q_growth_year": 18.28,
            "roe": 0.65,
            "roe_4q": 5.02,
            "gross_profit": 140397,
            "gross_margin": 52.03,
            "gross_margin_4q_avg": 50.68,
            "net_income": 9287,
            "revenue": 269853,
            "common_shares": 1143521,
            "book_valuer_per_share": 12.58,
            "book_valuer_per_share_4q_avg": 13.03,
            "equity": 1438391,
            "current_ratio": 367.37,
            "debt_ratio": 36.55,
            "inventory_turnover_ratio": 0.57,
            "account_receivable_turnover_ratio": null,
            "reinvestment_rate": null,
            "research_to_sale_ratio": null,
            "price_fair": 0,
            "eps_avg_yearly": 0,
            "eps_latest_yearly": 0,
            "eps_growth_yearly": 0
        },
        "20014": {
            "year_quarter": 20014,
            "year": 2001,
            "quarter": 4,
            "eps": 0.77,
            "eps_growth_year": 28.33,
            "eps_4q": 1.4,
            "eps_4q_growth_year": 15.54,
            "roe": 5.97,
            "roe_4q": 10.989999999999998,
            "gross_profit": 167524,
            "gross_margin": 51.84,
            "gross_margin_4q_avg": 50.97,
            "net_income": 88603,
            "revenue": 323173,
            "common_shares": 1143521,
            "book_valuer_per_share": 13.39,
            "book_valuer_per_share_4q_avg": 13.12,
            "equity": 1530865,
            "current_ratio": 335.91,
            "debt_ratio": 45.02,
            "inventory_turnover_ratio": 0.67,
            "account_receivable_turnover_ratio": null,
            "reinvestment_rate": null,
            "research_to_sale_ratio": null,
            "price_fair": 0,
            "eps_avg_yearly": 0,
            "eps_latest_yearly": 0,
            "eps_growth_yearly": 0
        },
        "20021": {
            "year_quarter": 20021,
            "year": 2002,
            "quarter": 1,
            "eps": 0.31,
            "eps_growth_year": 0,
            "eps_4q": 1.42,
            "eps_4q_growth_year": 11.65,
            "roe": 2.3,
            "roe_4q": 10.93,
            "gross_profit": 158120,
            "gross_margin": 51.67,
            "gross_margin_4q_avg": 51.32,
            "net_income": 35528,
            "revenue": 306016,
            "common_shares": 1143521,
            "book_valuer_per_share": 13.61,
            "book_valuer_per_share_4q_avg": 13.18,
            "equity": 1556016,
            "current_ratio": 446.27,
            "debt_ratio": 48.34,
            "inventory_turnover_ratio": 0.64,
            "account_receivable_turnover_ratio": null,
            "reinvestment_rate": null,
            "research_to_sale_ratio": null,
            "price_fair": 3.72,
            "eps_avg_yearly": 1.24,
            "eps_latest_yearly": 1.24,
            "eps_growth_yearly": -238.96
        },
        "20022": {
            "year_quarter": 20022,
            "year": 2002,
            "quarter": 2,
            "eps": 0.24,
            "eps_growth_year": -11.11,
            "eps_4q": 1.38,
            "eps_4q_growth_year": 1.8,
            "roe": 1.84,
            "roe_4q": 10.76,
            "gross_profit": 152553,
            "gross_margin": 49,
            "gross_margin_4q_avg": 51.14,
            "net_income": 28166,
            "revenue": 311302,
            "common_shares": 1143521,
            "book_valuer_per_share": 13.1,
            "book_valuer_per_share_4q_avg": 13.17,
            "equity": 1498342,
            "current_ratio": 332.46,
            "debt_ratio": 49.88,
            "inventory_turnover_ratio": 0.69,
            "account_receivable_turnover_ratio": null,
            "reinvestment_rate": null,
            "research_to_sale_ratio": null,
            "price_fair": 3.3,
            "eps_avg_yearly": 1.1,
            "eps_latest_yearly": 0.96,
            "eps_growth_yearly": -164.64
        },
        "20023": {
            "year_quarter": 20023,
            "year": 2002,
            "quarter": 3,
            "eps": 0.35,
            "eps_growth_year": 337.5,
            "eps_4q": 1.63,
            "eps_4q_growth_year": 37.73,
            "roe": 2.74,
            "roe_4q": 12.85,
            "gross_profit": 168558,
            "gross_margin": 52.59,
            "gross_margin_4q_avg": 51.28,
            "net_income": 41661,
            "revenue": 320497,
            "common_shares": 1200697,
            "book_valuer_per_share": 12.83,
            "book_valuer_per_share_4q_avg": 13.23,
            "equity": 1540003,
            "current_ratio": 240.22,
            "debt_ratio": 43.79,
            "inventory_turnover_ratio": 0.67,
            "account_receivable_turnover_ratio": null,
            "reinvestment_rate": null,
            "research_to_sale_ratio": null,
            "price_fair": 3.6,
            "eps_avg_yearly": 1.2,
            "eps_latest_yearly": 1.4,
            "eps_growth_yearly": -48.65
        },
        "20024": {
            "year_quarter": 20024,
            "year": 2002,
            "quarter": 4,
            "eps": 0.35,
            "eps_growth_year": -54.55,
            "eps_4q": 1.22,
            "eps_4q_growth_year": -12.79,
            "roe": 2.55,
            "roe_4q": 9.43,
            "gross_profit": 170905,
            "gross_margin": 52.3,
            "gross_margin_4q_avg": 51.39,
            "net_income": 42399,
            "revenue": 326777,
            "common_shares": 1200697,
            "book_valuer_per_share": 13.13,
            "book_valuer_per_share_4q_avg": 13.17,
            "equity": 1784818,
            "current_ratio": 383.59,
            "debt_ratio": 37.41,
            "inventory_turnover_ratio": 0.68,
            "account_receivable_turnover_ratio": null,
            "reinvestment_rate": 3.38,
            "research_to_sale_ratio": null,
            "price_fair": 3.75,
            "eps_avg_yearly": 1.25,
            "eps_latest_yearly": 1.4,
            "eps_growth_yearly": -36.49
        },
        "20031": {
            "year_quarter": 20031,
            "year": 2003,
            "quarter": 1,
            "eps": 0.44,
            "eps_growth_year": 41.94,
            "eps_4q": 1.39,
            "eps_4q_growth_year": -1.94,
            "roe": 3.05,
            "roe_4q": 10.18,
            "gross_profit": 179053,
            "gross_margin": 54.62,
            "gross_margin_4q_avg": 52.13,
            "net_income": 52000,
            "revenue": 327813,
            "common_shares": 1200697,
            "book_valuer_per_share": 13.53,
            "book_valuer_per_share_4q_avg": 13.15,
            "equity": 1625109,
            "current_ratio": 326.82,
            "debt_ratio": 37.54,
            "inventory_turnover_ratio": 0.64,
            "account_receivable_turnover_ratio": null,
            "reinvestment_rate": -54.39,
            "research_to_sale_ratio": null,
            "price_fair": 4.06,
            "eps_avg_yearly": 1.35,
            "eps_latest_yearly": 1.76,
            "eps_growth_yearly": -8.62
        },
        "20032": {
            "year_quarter": 20032,
            "year": 2003,
            "quarter": 2,
            "eps": 0.15,
            "eps_growth_year": -37.5,
            "eps_4q": 1.28,
            "eps_4q_growth_year": -6.86,
            "roe": 1.13,
            "roe_4q": 9.469999999999999,
            "gross_profit": 159804,
            "gross_margin": 53.84,
            "gross_margin_4q_avg": 53.34,
            "net_income": 18023,
            "revenue": 296821,
            "common_shares": 1200697,
            "book_valuer_per_share": 12.97,
            "book_valuer_per_share_4q_avg": 13.12,
            "equity": 1556810,
            "current_ratio": 278.42,
            "debt_ratio": 39.95,
            "inventory_turnover_ratio": 0.54,
            "account_receivable_turnover_ratio": null,
            "reinvestment_rate": -57.98,
            "research_to_sale_ratio": null,
            "price_fair": 3.68,
            "eps_avg_yearly": 1.23,
            "eps_latest_yearly": 0.6,
            "eps_growth_yearly": -51.12
        },
        "20033": {
            "year_quarter": 20033,
            "year": 2003,
            "quarter": 3,
            "eps": 0.32,
            "eps_growth_year": -8.57,
            "eps_4q": 1.24,
            "eps_4q_growth_year": -23.61,
            "roe": 2.47,
            "roe_4q": 9.2,
            "gross_profit": 159333,
            "gross_margin": 54.21,
            "gross_margin_4q_avg": 53.74,
            "net_income": 38902,
            "revenue": 293926,
            "common_shares": 1236642,
            "book_valuer_per_share": 12.9,
            "book_valuer_per_share_4q_avg": 13.13,
            "equity": 1595712,
            "current_ratio": 314.66,
            "debt_ratio": 37.71,
            "inventory_turnover_ratio": 0.49,
            "account_receivable_turnover_ratio": null,
            "reinvestment_rate": -53.95,
            "research_to_sale_ratio": null,
            "price_fair": 38.19,
            "eps_avg_yearly": 1.23,
            "eps_latest_yearly": 1.28,
            "eps_growth_yearly": 20.94
        },
        "20034": {
            "year_quarter": 20034,
            "year": 2003,
            "quarter": 4,
            "eps": 0.5,
            "eps_growth_year": 42.86,
            "eps_4q": 1.38,
            "eps_4q_growth_year": 12.89,
            "roe": 3.6,
            "roe_4q": 10.25,
            "gross_profit": 186271,
            "gross_margin": 53.6,
            "gross_margin_4q_avg": 54.07,
            "net_income": 62103,
            "revenue": 347501,
            "common_shares": 1236642,
            "book_valuer_per_share": 13.4,
            "book_valuer_per_share_4q_avg": 13.2,
            "equity": 1853346,
            "current_ratio": 604.95,
            "debt_ratio": 43.51,
            "inventory_turnover_ratio": 0.59,
            "account_receivable_turnover_ratio": null,
            "reinvestment_rate": 14.42,
            "research_to_sale_ratio": null,
            "price_fair": 46.55,
            "eps_avg_yearly": 1.33,
            "eps_latest_yearly": 2,
            "eps_growth_yearly": 46.45
        },
        "20041": {
            "year_quarter": 20041,
            "year": 2004,
            "quarter": 1,
            "eps": 0.64,
            "eps_growth_year": 45.45,
            "eps_4q": 1.61,
            "eps_4q_growth_year": 16.17,
            "roe": 4.36,
            "roe_4q": 11.560000000000002,
            "gross_profit": 187717,
            "gross_margin": 54.64,
            "gross_margin_4q_avg": 54.07,
            "net_income": 78188,
            "revenue": 343567,
            "common_shares": 1236642,
            "book_valuer_per_share": 14.04,
            "book_valuer_per_share_4q_avg": 13.33,
            "equity": 1736821,
            "current_ratio": 395.04,
            "debt_ratio": 41.44,
            "inventory_turnover_ratio": 0.61,
            "account_receivable_turnover_ratio": null,
            "reinvestment_rate": -31.12,
            "research_to_sale_ratio": null,
            "price_fair": 51.33,
            "eps_avg_yearly": 1.47,
            "eps_latest_yearly": 2.56,
            "eps_growth_yearly": 53.73
        },
        "20042": {
            "year_quarter": 20042,
            "year": 2004,
            "quarter": 2,
            "eps": 0.22,
            "eps_growth_year": 46.67,
            "eps_4q": 1.68,
            "eps_4q_growth_year": 30.85,
            "roe": 1.61,
            "roe_4q": 12.040000000000001,
            "gross_profit": 194285,
            "gross_margin": 55.96,
            "gross_margin_4q_avg": 54.6,
            "net_income": 27039,
            "revenue": 347189,
            "common_shares": 1236642,
            "book_valuer_per_share": 13.15,
            "book_valuer_per_share_4q_avg": 13.37,
            "equity": 1625746,
            "current_ratio": 300.75,
            "debt_ratio": 45.99,
            "inventory_turnover_ratio": 0.64,
            "account_receivable_turnover_ratio": null,
            "reinvestment_rate": -30.84,
            "research_to_sale_ratio": null,
            "price_fair": 45.21,
            "eps_avg_yearly": 1.41,
            "eps_latest_yearly": 0.88,
            "eps_growth_yearly": 22.11
        },
        "20043": {
            "year_quarter": 20043,
            "year": 2004,
            "quarter": 3,
            "eps": 0.54,
            "eps_growth_year": 68.75,
            "eps_4q": 1.9,
            "eps_4q_growth_year": 52.84,
            "roe": 4,
            "roe_4q": 13.57,
            "gross_profit": 201940,
            "gross_margin": 55.54,
            "gross_margin_4q_avg": 54.94,
            "net_income": 66316,
            "revenue": 363576,
            "common_shares": 1236642,
            "book_valuer_per_share": 13.68,
            "book_valuer_per_share_4q_avg": 13.57,
            "equity": 1692062,
            "current_ratio": 405.06,
            "debt_ratio": 42.32,
            "inventory_turnover_ratio": 0.7,
            "account_receivable_turnover_ratio": null,
            "reinvestment_rate": -29.43,
            "research_to_sale_ratio": null,
            "price_fair": 51.67,
            "eps_avg_yearly": 1.48,
            "eps_latest_yearly": 2.16,
            "eps_growth_yearly": 72.99
        },
        "20044": {
            "year_quarter": 20044,
            "year": 2004,
            "quarter": 4,
            "eps": 0.26,
            "eps_growth_year": -48,
            "eps_4q": 1.67,
            "eps_4q_growth_year": 21.12,
            "roe": 1.73,
            "roe_4q": 11.700000000000001,
            "gross_profit": 220109,
            "gross_margin": 55.34,
            "gross_margin_4q_avg": 55.37,
            "net_income": 31681,
            "revenue": 397741,
            "common_shares": 1280843,
            "book_valuer_per_share": 14.04,
            "book_valuer_per_share_4q_avg": 13.73,
            "equity": 1975458,
            "current_ratio": 402.48,
            "debt_ratio": 41.85,
            "inventory_turnover_ratio": 0.75,
            "account_receivable_turnover_ratio": null,
            "reinvestment_rate": -1.99,
            "research_to_sale_ratio": null,
            "price_fair": 50.4,
            "eps_avg_yearly": 1.44,
            "eps_latest_yearly": 1.04,
            "eps_growth_yearly": 49.63
        },
        "20051": {
            "year_quarter": 20051,
            "year": 2005,
            "quarter": 1,
            "eps": 0.54,
            "eps_growth_year": -15.62,
            "eps_4q": 1.53,
            "eps_4q_growth_year": -5.14,
            "roe": 3.42,
            "roe_4q": 10.76,
            "gross_profit": 231450,
            "gross_margin": 56.93,
            "gross_margin_4q_avg": 55.94,
            "net_income": 68111,
            "revenue": 406559,
            "common_shares": 1350724,
            "book_valuer_per_share": 14.85,
            "book_valuer_per_share_4q_avg": 13.93,
            "equity": 2005692,
            "current_ratio": 397.96,
            "debt_ratio": 31.28,
            "inventory_turnover_ratio": 0.76,
            "account_receivable_turnover_ratio": null,
            "reinvestment_rate": -27.63,
            "research_to_sale_ratio": null,
            "price_fair": 52.34,
            "eps_avg_yearly": 1.5,
            "eps_latest_yearly": 2.16,
            "eps_growth_yearly": 78.94
        },
        "20052": {
            "year_quarter": 20052,
            "year": 2005,
            "quarter": 2,
            "eps": 0.58,
            "eps_growth_year": 163.64,
            "eps_4q": 1.86,
            "eps_4q_growth_year": 11.05,
            "roe": 3.8,
            "roe_4q": 12.95,
            "gross_profit": 234534,
            "gross_margin": 55.76,
            "gross_margin_4q_avg": 55.89,
            "net_income": 75064,
            "revenue": 420649,
            "common_shares": 1352203,
            "book_valuer_per_share": 14.35,
            "book_valuer_per_share_4q_avg": 14.23,
            "equity": 1940947,
            "current_ratio": 285.51,
            "debt_ratio": 36.37,
            "inventory_turnover_ratio": 0.86,
            "account_receivable_turnover_ratio": null,
            "reinvestment_rate": -24.03,
            "research_to_sale_ratio": null,
            "price_fair": 54.4,
            "eps_avg_yearly": 1.55,
            "eps_latest_yearly": 2.32,
            "eps_growth_yearly": 75.42
        },
        "20053": {
            "year_quarter": 20053,
            "year": 2005,
            "quarter": 3,
            "eps": 0.56,
            "eps_growth_year": 3.7,
            "eps_4q": 1.88,
            "eps_4q_growth_year": -1.31,
            "roe": 3.7,
            "roe_4q": 12.65,
            "gross_profit": 211286,
            "gross_margin": 54.96,
            "gross_margin_4q_avg": 55.75,
            "net_income": 74311,
            "revenue": 384440,
            "common_shares": 1352203,
            "book_valuer_per_share": 15.34,
            "book_valuer_per_share_4q_avg": 14.65,
            "equity": 2074664,
            "current_ratio": 352.51,
            "debt_ratio": 30.14,
            "inventory_turnover_ratio": 0.78,
            "account_receivable_turnover_ratio": null,
            "reinvestment_rate": -20.45,
            "research_to_sale_ratio": null,
            "price_fair": 56,
            "eps_avg_yearly": 1.6,
            "eps_latest_yearly": 2.24,
            "eps_growth_yearly": 69.47
        },
        "20054": {
            "year_quarter": 20054,
            "year": 2005,
            "quarter": 4,
            "eps": 0.46,
            "eps_growth_year": 76.92,
            "eps_4q": 2.09,
            "eps_4q_growth_year": 25.41,
            "roe": 2.73,
            "roe_4q": 13.65,
            "gross_profit": 206587,
            "gross_margin": 53.27,
            "gross_margin_4q_avg": 55.23,
            "net_income": 61318,
            "revenue": 387778,
            "common_shares": 1457564,
            "book_valuer_per_share": 15.5,
            "book_valuer_per_share_4q_avg": 15.01,
            "equity": 2415182,
            "current_ratio": 330.48,
            "debt_ratio": 29.62,
            "inventory_turnover_ratio": 0.72,
            "account_receivable_turnover_ratio": null,
            "reinvestment_rate": -1.63,
            "research_to_sale_ratio": null,
            "price_fair": 56.53,
            "eps_avg_yearly": 1.62,
            "eps_latest_yearly": 1.84,
            "eps_growth_yearly": 60.67
        },
        "20061": {
            "year_quarter": 20061,
            "year": 2006,
            "quarter": 1,
            "eps": 0.61,
            "eps_growth_year": 12.96,
            "eps_4q": 2.05,
            "eps_4q_growth_year": 34.11,
            "roe": 3.71,
            "roe_4q": 13.940000000000001,
            "gross_profit": 225229,
            "gross_margin": 54,
            "gross_margin_4q_avg": 54.5,
            "net_income": 89026,
            "revenue": 417069,
            "common_shares": 1457564,
            "book_valuer_per_share": 16.36,
            "book_valuer_per_share_4q_avg": 15.39,
            "equity": 2385084,
            "current_ratio": 311.1,
            "debt_ratio": 20.71,
            "inventory_turnover_ratio": 0.73,
            "account_receivable_turnover_ratio": null,
            "reinvestment_rate": -21.29,
            "research_to_sale_ratio": null,
            "price_fair": 59.15,
            "eps_avg_yearly": 1.69,
            "eps_latest_yearly": 2.44,
            "eps_growth_yearly": 83.76
        },
        "20062": {
            "year_quarter": 20062,
            "year": 2006,
            "quarter": 2,
            "eps": 0.5,
            "eps_growth_year": -13.79,
            "eps_4q": 2.05,
            "eps_4q_growth_year": 10.01,
            "roe": 3.11,
            "roe_4q": 13.25,
            "gross_profit": 223141,
            "gross_margin": 54.05,
            "gross_margin_4q_avg": 54.07,
            "net_income": 72465,
            "revenue": 412811,
            "common_shares": 1471706,
            "book_valuer_per_share": 15.43,
            "book_valuer_per_share_4q_avg": 15.66,
            "equity": 2270508,
            "current_ratio": 234.38,
            "debt_ratio": 26.23,
            "inventory_turnover_ratio": 0.78,
            "account_receivable_turnover_ratio": null,
            "reinvestment_rate": -9.65,
            "research_to_sale_ratio": null,
            "price_fair": 61.43,
            "eps_avg_yearly": 1.76,
            "eps_latest_yearly": 2,
            "eps_growth_yearly": 84.89
        },
        "20063": {
            "year_quarter": 20063,
            "year": 2006,
            "quarter": 3,
            "eps": 0.56,
            "eps_growth_year": 0,
            "eps_4q": 2.04,
            "eps_4q_growth_year": 8.54,
            "roe": 3.65,
            "roe_4q": 13.2,
            "gross_profit": 225410,
            "gross_margin": 52.15,
            "gross_margin_4q_avg": 53.37,
            "net_income": 84419,
            "revenue": 432229,
            "common_shares": 1515707,
            "book_valuer_per_share": 15.5,
            "book_valuer_per_share_4q_avg": 15.7,
            "equity": 2349500,
            "current_ratio": 308.34,
            "debt_ratio": 20.44,
            "inventory_turnover_ratio": 0.84,
            "account_receivable_turnover_ratio": null,
            "reinvestment_rate": -7.2,
            "research_to_sale_ratio": null,
            "price_fair": 63.26,
            "eps_avg_yearly": 1.81,
            "eps_latest_yearly": 2.24,
            "eps_growth_yearly": 76.43
        },
        "20064": {
            "year_quarter": 20064,
            "year": 2006,
            "quarter": 4,
            "eps": 0.52,
            "eps_growth_year": 13.04,
            "eps_4q": 2.17,
            "eps_4q_growth_year": 3.72,
            "roe": 3.15,
            "roe_4q": 13.620000000000001,
            "gross_profit": 232706,
            "gross_margin": 52.08,
            "gross_margin_4q_avg": 53.07,
            "net_income": 77533,
            "revenue": 446836,
            "common_shares": 1515707,
            "book_valuer_per_share": 16.04,
            "book_valuer_per_share_4q_avg": 15.83,
            "equity": 2576219,
            "current_ratio": 329.03,
            "debt_ratio": 26.14,
            "inventory_turnover_ratio": 0.77,
            "account_receivable_turnover_ratio": null,
            "reinvestment_rate": -7.87,
            "research_to_sale_ratio": null,
            "price_fair": 64.75,
            "eps_avg_yearly": 1.85,
            "eps_latest_yearly": 2.08,
            "eps_growth_yearly": 74.65
        },
        "20071": {
            "year_quarter": 20071,
            "year": 2007,
            "quarter": 1,
            "eps": 0.58,
            "eps_growth_year": -4.92,
            "eps_4q": 2.14,
            "eps_4q_growth_year": 4.17,
            "roe": 3.41,
            "roe_4q": 13.32,
            "gross_profit": 249358,
            "gross_margin": 52.76,
            "gross_margin_4q_avg": 52.76,
            "net_income": 87189,
            "revenue": 472619,
            "common_shares": 1515707,
            "book_valuer_per_share": 16.7,
            "book_valuer_per_share_4q_avg": 15.92,
            "equity": 2530653,
            "current_ratio": 432.08,
            "debt_ratio": 16.65,
            "inventory_turnover_ratio": 0.68,
            "account_receivable_turnover_ratio": null,
            "reinvestment_rate": -3.18,
            "research_to_sale_ratio": null,
            "price_fair": 65.98,
            "eps_avg_yearly": 1.89,
            "eps_latest_yearly": 2.32,
            "eps_growth_yearly": 71.1
        },
        "20072": {
            "year_quarter": 20072,
            "year": 2007,
            "quarter": 2,
            "eps": 0.42,
            "eps_growth_year": -16,
            "eps_4q": 2.06,
            "eps_4q_growth_year": 0.44,
            "roe": 2.6,
            "roe_4q": 12.81,
            "gross_profit": 225688,
            "gross_margin": 52.48,
            "gross_margin_4q_avg": 52.37,
            "net_income": 63838,
            "revenue": 430076,
            "common_shares": 1515707,
            "book_valuer_per_share": 15.73,
            "book_valuer_per_share_4q_avg": 15.99,
            "equity": 2383932,
            "current_ratio": 276.06,
            "debt_ratio": 23.02,
            "inventory_turnover_ratio": 0.55,
            "account_receivable_turnover_ratio": null,
            "reinvestment_rate": -1.11,
            "research_to_sale_ratio": null,
            "price_fair": 68.34,
            "eps_avg_yearly": 1.95,
            "eps_latest_yearly": 1.68,
            "eps_growth_yearly": 80.69
        },
        "20073": {
            "year_quarter": 20073,
            "year": 2007,
            "quarter": 3,
            "eps": 0.47,
            "eps_growth_year": -16.07,
            "eps_4q": 1.99,
            "eps_4q_growth_year": -2.15,
            "roe": 2.92,
            "roe_4q": 12.08,
            "gross_profit": 207167,
            "gross_margin": 50.52,
            "gross_margin_4q_avg": 51.96,
            "net_income": 70482,
            "revenue": 410083,
            "common_shares": 1515707,
            "book_valuer_per_share": 16.14,
            "book_valuer_per_share_4q_avg": 16.15,
            "equity": 2446726,
            "current_ratio": 476.37,
            "debt_ratio": 15.22,
            "inventory_turnover_ratio": 0.52,
            "account_receivable_turnover_ratio": null,
            "reinvestment_rate": -1.51,
            "research_to_sale_ratio": null,
            "price_fair": 69.65,
            "eps_avg_yearly": 1.99,
            "eps_latest_yearly": 1.88,
            "eps_growth_yearly": 55.33
        },
        "20074": {
            "year_quarter": 20074,
            "year": 2007,
            "quarter": 4,
            "eps": 0.31,
            "eps_growth_year": -40.38,
            "eps_4q": 1.8,
            "eps_4q_growth_year": -17.2,
            "roe": 1.84,
            "roe_4q": 10.77,
            "gross_profit": 208687,
            "gross_margin": 48.57,
            "gross_margin_4q_avg": 51.08,
            "net_income": 46206,
            "revenue": 429685,
            "common_shares": 1515707,
            "book_valuer_per_share": 16.17,
            "book_valuer_per_share_4q_avg": 16.19,
            "equity": 2578420,
            "current_ratio": 518.18,
            "debt_ratio": 21.99,
            "inventory_turnover_ratio": 0.61,
            "account_receivable_turnover_ratio": null,
            "reinvestment_rate": -10.69,
            "research_to_sale_ratio": null,
            "price_fair": 67.99,
            "eps_avg_yearly": 1.94,
            "eps_latest_yearly": 1.24,
            "eps_growth_yearly": 32.75
        },
        "20081": {
            "year_quarter": 20081,
            "year": 2008,
            "quarter": 1,
            "eps": 0.35,
            "eps_growth_year": -39.66,
            "eps_4q": 1.58,
            "eps_4q_growth_year": -25.98,
            "roe": 1.97,
            "roe_4q": 9.33,
            "gross_profit": 256904,
            "gross_margin": 48.37,
            "gross_margin_4q_avg": 49.99,
            "net_income": 51600,
            "revenue": 531077,
            "common_shares": 1515707,
            "book_valuer_per_share": 16.68,
            "book_valuer_per_share_4q_avg": 16.18,
            "equity": 2653233,
            "current_ratio": 525.17,
            "debt_ratio": 23.97,
            "inventory_turnover_ratio": 0.81,
            "account_receivable_turnover_ratio": null,
            "reinvestment_rate": 25.87,
            "research_to_sale_ratio": null,
            "price_fair": 65.45,
            "eps_avg_yearly": 1.87,
            "eps_latest_yearly": 1.4,
            "eps_growth_yearly": 28.98
        },
        "20082": {
            "year_quarter": 20082,
            "year": 2008,
            "quarter": 2,
            "eps": 0.41,
            "eps_growth_year": -2.38,
            "eps_4q": 1.64,
            "eps_4q_growth_year": -20.53,
            "roe": 2.25,
            "roe_4q": 8.98,
            "gross_profit": 250010,
            "gross_margin": 47.08,
            "gross_margin_4q_avg": 48.64,
            "net_income": 57961,
            "revenue": 531034,
            "common_shares": 1515707,
            "book_valuer_per_share": 15.66,
            "book_valuer_per_share_4q_avg": 16.16,
            "equity": 2494807,
            "current_ratio": 319.86,
            "debt_ratio": 29.53,
            "inventory_turnover_ratio": 0.81,
            "account_receivable_turnover_ratio": null,
            "reinvestment_rate": 27.67,
            "research_to_sale_ratio": null,
            "price_fair": 67.11,
            "eps_avg_yearly": 1.92,
            "eps_latest_yearly": 1.64,
            "eps_growth_yearly": 49.67
        },
        "20083": {
            "year_quarter": 20083,
            "year": 2008,
            "quarter": 3,
            "eps": 0.53,
            "eps_growth_year": 12.77,
            "eps_4q": 1.64,
            "eps_4q_growth_year": -17.61,
            "roe": 3.06,
            "roe_4q": 9.120000000000001,
            "gross_profit": 266737,
            "gross_margin": 48.59,
            "gross_margin_4q_avg": 48.15,
            "net_income": 77576,
            "revenue": 548903,
            "common_shares": 1515707,
            "book_valuer_per_share": 16.16,
            "book_valuer_per_share_4q_avg": 16.17,
            "equity": 2568621,
            "current_ratio": 370.72,
            "debt_ratio": 25.21,
            "inventory_turnover_ratio": 0.77,
            "account_receivable_turnover_ratio": null,
            "reinvestment_rate": 31.6,
            "research_to_sale_ratio": null,
            "price_fair": 58.65,
            "eps_avg_yearly": 1.92,
            "eps_latest_yearly": 2.12,
            "eps_growth_yearly": 20.63
        },
        "20084": {
            "year_quarter": 20084,
            "year": 2008,
            "quarter": 4,
            "eps": 0.53,
            "eps_growth_year": 70.97,
            "eps_4q": 1.8,
            "eps_4q_growth_year": 0.06,
            "roe": 3.13,
            "roe_4q": 10.41,
            "gross_profit": 277894,
            "gross_margin": 48.65,
            "gross_margin_4q_avg": 48.17,
            "net_income": 80980,
            "revenue": 571184,
            "common_shares": 1515707,
            "book_valuer_per_share": 16.39,
            "book_valuer_per_share_4q_avg": 16.22,
            "equity": 2604789,
            "current_ratio": 343.08,
            "debt_ratio": 26.59,
            "inventory_turnover_ratio": 0.75,
            "account_receivable_turnover_ratio": 1.79,
            "reinvestment_rate": 11.29,
            "research_to_sale_ratio": null,
            "price_fair": 69.39,
            "eps_avg_yearly": 1.98,
            "eps_latest_yearly": 2.12,
            "eps_growth_yearly": 33.59
        },
        "20091": {
            "year_quarter": 20091,
            "year": 2009,
            "quarter": 1,
            "eps": 0.45,
            "eps_growth_year": 28.57,
            "eps_4q": 1.91,
            "eps_4q_growth_year": 20.51,
            "roe": 2.59,
            "roe_4q": 11.03,
            "gross_profit": 256997,
            "gross_margin": 49.32,
            "gross_margin_4q_avg": 48.41,
            "net_income": 68425,
            "revenue": 521049,
            "common_shares": 1515707,
            "book_valuer_per_share": 16.94,
            "book_valuer_per_share_4q_avg": 16.29,
            "equity": 2687867,
            "current_ratio": 404.29,
            "debt_ratio": 22.43,
            "inventory_turnover_ratio": 0.63,
            "account_receivable_turnover_ratio": 0.83,
            "reinvestment_rate": 45.54,
            "research_to_sale_ratio": null,
            "price_fair": 25.27,
            "eps_avg_yearly": 1.96,
            "eps_latest_yearly": 1.8,
            "eps_growth_yearly": 2.89
        },
        "20092": {
            "year_quarter": 20092,
            "year": 2009,
            "quarter": 2,
            "eps": 0.42,
            "eps_growth_year": 2.44,
            "eps_4q": 1.87,
            "eps_4q_growth_year": 14.54,
            "roe": 2.5,
            "roe_4q": 11.28,
            "gross_profit": 279011,
            "gross_margin": 46.55,
            "gross_margin_4q_avg": 48.28,
            "net_income": 65975,
            "revenue": 599345,
            "common_shares": 1515707,
            "book_valuer_per_share": 16.25,
            "book_valuer_per_share_4q_avg": 16.44,
            "equity": 2583080,
            "current_ratio": 306.44,
            "debt_ratio": 26.81,
            "inventory_turnover_ratio": 0.81,
            "account_receivable_turnover_ratio": 0.94,
            "reinvestment_rate": 49.26,
            "research_to_sale_ratio": null,
            "price_fair": 5.76,
            "eps_avg_yearly": 1.92,
            "eps_latest_yearly": 1.68,
            "eps_growth_yearly": -0.63
        },
        "20093": {
            "year_quarter": 20093,
            "year": 2009,
            "quarter": 3,
            "eps": 0.37,
            "eps_growth_year": -30.19,
            "eps_4q": 1.78,
            "eps_4q_growth_year": 8.08,
            "roe": 2.15,
            "roe_4q": 10.370000000000001,
            "gross_profit": 252954,
            "gross_margin": 44.8,
            "gross_margin_4q_avg": 47.33,
            "net_income": 56780,
            "revenue": 564580,
            "common_shares": 1561114,
            "book_valuer_per_share": 16.57,
            "book_valuer_per_share_4q_avg": 16.54,
            "equity": 2706445,
            "current_ratio": 501.42,
            "debt_ratio": 26.85,
            "inventory_turnover_ratio": 0.88,
            "account_receivable_turnover_ratio": 0.89,
            "reinvestment_rate": 54.18,
            "research_to_sale_ratio": null,
            "price_fair": 5.62,
            "eps_avg_yearly": 1.87,
            "eps_latest_yearly": 1.48,
            "eps_growth_yearly": -2.74
        },
        "20094": {
            "year_quarter": 20094,
            "year": 2009,
            "quarter": 4,
            "eps": 0.65,
            "eps_growth_year": 22.64,
            "eps_4q": 1.88,
            "eps_4q_growth_year": 4.74,
            "roe": 3.69,
            "roe_4q": 10.93,
            "gross_profit": 260217,
            "gross_margin": 43.4,
            "gross_margin_4q_avg": 46.02,
            "net_income": 101637,
            "revenue": 599642,
            "common_shares": 1561114,
            "book_valuer_per_share": 17.2,
            "book_valuer_per_share_4q_avg": 16.74,
            "equity": 2809088,
            "current_ratio": 475.19,
            "debt_ratio": 26.93,
            "inventory_turnover_ratio": 1.01,
            "account_receivable_turnover_ratio": 1.93,
            "reinvestment_rate": 43.24,
            "research_to_sale_ratio": null,
            "price_fair": 58.83,
            "eps_avg_yearly": 1.92,
            "eps_latest_yearly": 2.6,
            "eps_growth_yearly": 20.64
        },
        "20101": {
            "year_quarter": 20101,
            "year": 2010,
            "quarter": 1,
            "eps": 0.37,
            "eps_growth_year": -17.78,
            "eps_4q": 1.81,
            "eps_4q_growth_year": -4.97,
            "roe": 2.03,
            "roe_4q": 10.37,
            "gross_profit": 255577,
            "gross_margin": 45.58,
            "gross_margin_4q_avg": 45.08,
            "net_income": 57656,
            "revenue": 560705,
            "common_shares": 1561114,
            "book_valuer_per_share": 17.56,
            "book_valuer_per_share_4q_avg": 16.9,
            "equity": 2863981,
            "current_ratio": 496.33,
            "debt_ratio": 26.55,
            "inventory_turnover_ratio": 0.87,
            "account_receivable_turnover_ratio": 0.9,
            "reinvestment_rate": 75.91,
            "research_to_sale_ratio": 5.26,
            "price_fair": 21.8,
            "eps_avg_yearly": 1.86,
            "eps_latest_yearly": 1.48,
            "eps_growth_yearly": 1.72
        },
        "20102": {
            "year_quarter": 20102,
            "year": 2010,
            "quarter": 2,
            "eps": 0.47,
            "eps_growth_year": 11.2,
            "eps_4q": 1.86,
            "eps_4q_growth_year": -0.92,
            "roe": 2.66,
            "roe_4q": 10.53,
            "gross_profit": 283337,
            "gross_margin": 45.26,
            "gross_margin_4q_avg": 44.76,
            "net_income": 74042,
            "revenue": 626071,
            "common_shares": 1561114,
            "book_valuer_per_share": 16.48,
            "book_valuer_per_share_4q_avg": 16.95,
            "equity": 2695165,
            "current_ratio": 304.71,
            "debt_ratio": 33.41,
            "inventory_turnover_ratio": 0.86,
            "account_receivable_turnover_ratio": 0.97,
            "reinvestment_rate": 79.75,
            "research_to_sale_ratio": 5.25,
            "price_fair": 42.58,
            "eps_avg_yearly": 1.85,
            "eps_latest_yearly": 1.88,
            "eps_growth_yearly": 12.99
        },
        "20103": {
            "year_quarter": 20103,
            "year": 2010,
            "quarter": 3,
            "eps": 0.4,
            "eps_growth_year": 8.39,
            "eps_4q": 1.89,
            "eps_4q_growth_year": 6.34,
            "roe": 2.27,
            "roe_4q": 10.649999999999999,
            "gross_profit": 281601,
            "gross_margin": 44.88,
            "gross_margin_4q_avg": 44.78,
            "net_income": 62331,
            "revenue": 627523,
            "common_shares": 1561114,
            "book_valuer_per_share": 17.15,
            "book_valuer_per_share_4q_avg": 17.1,
            "equity": 2799552,
            "current_ratio": 340.32,
            "debt_ratio": 29.41,
            "inventory_turnover_ratio": 0.84,
            "account_receivable_turnover_ratio": 0.9,
            "reinvestment_rate": 91.45,
            "research_to_sale_ratio": 4.89,
            "price_fair": 29.48,
            "eps_avg_yearly": 1.81,
            "eps_latest_yearly": 1.6,
            "eps_growth_yearly": 6.26
        },
        "20104": {
            "year_quarter": 20104,
            "year": 2010,
            "quarter": 4,
            "eps": 0.11,
            "eps_growth_year": -83.41,
            "eps_4q": 1.33,
            "eps_4q_growth_year": -29.11,
            "roe": 2.87,
            "roe_4q": 9.83,
            "gross_profit": 409487,
            "gross_margin": 37.91,
            "gross_margin_4q_avg": 43.41,
            "net_income": 82122,
            "revenue": 1080183,
            "common_shares": 1576149,
            "book_valuer_per_share": 17.14,
            "book_valuer_per_share_4q_avg": 17.08,
            "equity": 2914146,
            "current_ratio": 228.04,
            "debt_ratio": 35.52,
            "inventory_turnover_ratio": 1.47,
            "account_receivable_turnover_ratio": 1.46,
            "reinvestment_rate": 74.73,
            "research_to_sale_ratio": 4.15,
            "price_fair": 5.13,
            "eps_avg_yearly": 1.71,
            "eps_latest_yearly": 0.44,
            "eps_growth_yearly": -10.08
        },
        "20111": {
            "year_quarter": 20111,
            "year": 2011,
            "quarter": 1,
            "eps": 0.35,
            "eps_growth_year": -5.41,
            "eps_4q": 1.32,
            "eps_4q_growth_year": -27.43,
            "roe": 1.9,
            "roe_4q": 9.7,
            "gross_profit": 324248,
            "gross_margin": 40.67,
            "gross_margin_4q_avg": 42.18,
            "net_income": 55904,
            "revenue": 797281,
            "common_shares": 1576149,
            "book_valuer_per_share": 17.55,
            "book_valuer_per_share_4q_avg": 17.08,
            "equity": 2980487,
            "current_ratio": 222.8,
            "debt_ratio": 35.11,
            "inventory_turnover_ratio": 0.92,
            "account_receivable_turnover_ratio": 1.05,
            "reinvestment_rate": 120.56,
            "research_to_sale_ratio": 5.16,
            "price_fair": 57.84,
            "eps_avg_yearly": 1.65,
            "eps_latest_yearly": 1.4,
            "eps_growth_yearly": 41.58
        },
        "20112": {
            "year_quarter": 20112,
            "year": 2011,
            "quarter": 2,
            "eps": 0.38,
            "eps_growth_year": -17.63,
            "eps_4q": 1.18,
            "eps_4q_growth_year": -36.33,
            "roe": 2.26,
            "roe_4q": 9.3,
            "gross_profit": 331303,
            "gross_margin": 40.18,
            "gross_margin_4q_avg": 40.91,
            "net_income": 66840,
            "revenue": 824567,
            "common_shares": 1576149,
            "book_valuer_per_share": 17.3,
            "book_valuer_per_share_4q_avg": 17.29,
            "equity": 2939765,
            "current_ratio": 211.86,
            "debt_ratio": 36.73,
            "inventory_turnover_ratio": 0.91,
            "account_receivable_turnover_ratio": 1.09,
            "reinvestment_rate": 116.56,
            "research_to_sale_ratio": 4.64,
            "price_fair": 57.49,
            "eps_avg_yearly": 1.64,
            "eps_latest_yearly": 1.52,
            "eps_growth_yearly": 50.62
        },
        "20113": {
            "year_quarter": 20113,
            "year": 2011,
            "quarter": 3,
            "eps": 0.32,
            "eps_growth_year": -20.11,
            "eps_4q": 1.13,
            "eps_4q_growth_year": -40.08,
            "roe": 1.85,
            "roe_4q": 8.879999999999999,
            "gross_profit": 316253,
            "gross_margin": 40.31,
            "gross_margin_4q_avg": 39.77,
            "net_income": 54722,
            "revenue": 784532,
            "common_shares": 1686330,
            "book_valuer_per_share": 16.47,
            "book_valuer_per_share_4q_avg": 17.12,
            "equity": 2991830,
            "current_ratio": 194.76,
            "debt_ratio": 34.35,
            "inventory_turnover_ratio": 0.8,
            "account_receivable_turnover_ratio": 1.04,
            "reinvestment_rate": 116.76,
            "research_to_sale_ratio": 5.21,
            "price_fair": 56.18,
            "eps_avg_yearly": 1.61,
            "eps_latest_yearly": 1.28,
            "eps_growth_yearly": 43.7
        },
        "20114": {
            "year_quarter": 20114,
            "year": 2011,
            "quarter": 4,
            "eps": 0.43,
            "eps_growth_year": 302.89,
            "eps_4q": 1.47,
            "eps_4q_growth_year": 9.78,
            "roe": 2.43,
            "roe_4q": 8.44,
            "gross_profit": 360447,
            "gross_margin": 38.94,
            "gross_margin_4q_avg": 40.03,
            "net_income": 74267,
            "revenue": 925628,
            "common_shares": 1684190,
            "book_valuer_per_share": 17.23,
            "book_valuer_per_share_4q_avg": 17.14,
            "equity": 3121909,
            "current_ratio": 196.96,
            "debt_ratio": 35.84,
            "inventory_turnover_ratio": 0.98,
            "account_receivable_turnover_ratio": 1.13,
            "reinvestment_rate": 93.16,
            "research_to_sale_ratio": 5.99,
            "price_fair": 57.23,
            "eps_avg_yearly": 1.64,
            "eps_latest_yearly": 1.72,
            "eps_growth_yearly": 60.8
        },
        "20121": {
            "year_quarter": 20121,
            "year": 2012,
            "quarter": 1,
            "eps": 0.52,
            "eps_growth_year": 48.57,
            "eps_4q": 1.66,
            "eps_4q_growth_year": 26.01,
            "roe": 2.66,
            "roe_4q": 9.2,
            "gross_profit": 305969,
            "gross_margin": 38.71,
            "gross_margin_4q_avg": 39.54,
            "net_income": 85097,
            "revenue": 790459,
            "common_shares": 1684190,
            "book_valuer_per_share": 17.84,
            "book_valuer_per_share_4q_avg": 17.21,
            "equity": 3265389,
            "current_ratio": 221.36,
            "debt_ratio": 31.43,
            "inventory_turnover_ratio": 0.86,
            "account_receivable_turnover_ratio": 0.91,
            "reinvestment_rate": 92.25,
            "research_to_sale_ratio": 5.34,
            "price_fair": 58.71,
            "eps_avg_yearly": 1.68,
            "eps_latest_yearly": 2.08,
            "eps_growth_yearly": 62.81
        },
        "20122": {
            "year_quarter": 20122,
            "year": 2012,
            "quarter": 2,
            "eps": 0.27,
            "eps_growth_year": -30.09,
            "eps_4q": 1.54,
            "eps_4q_growth_year": 30.47,
            "roe": 1.37,
            "roe_4q": 8.31,
            "gross_profit": 327853,
            "gross_margin": 38.7,
            "gross_margin_4q_avg": 39.17,
            "net_income": 43997,
            "revenue": 847150,
            "common_shares": 1684190,
            "book_valuer_per_share": 17.04,
            "book_valuer_per_share_4q_avg": 17.15,
            "equity": 3148700,
            "current_ratio": 194.63,
            "debt_ratio": 35.29,
            "inventory_turnover_ratio": 0.92,
            "account_receivable_turnover_ratio": 0.97,
            "reinvestment_rate": 92.35,
            "research_to_sale_ratio": 6.22,
            "price_fair": 57.49,
            "eps_avg_yearly": 1.64,
            "eps_latest_yearly": 1.08,
            "eps_growth_yearly": 46.51
        },
        "20123": {
            "year_quarter": 20123,
            "year": 2012,
            "quarter": 3,
            "eps": 0.44,
            "eps_growth_year": 36.45,
            "eps_4q": 1.66,
            "eps_4q_growth_year": 46.65,
            "roe": 2.25,
            "roe_4q": 8.71,
            "gross_profit": 315553,
            "gross_margin": 39.43,
            "gross_margin_4q_avg": 38.95,
            "net_income": 71800,
            "revenue": 800358,
            "common_shares": 1684190,
            "book_valuer_per_share": 17.5,
            "book_valuer_per_share_4q_avg": 17.4,
            "equity": 3222331,
            "current_ratio": 213.79,
            "debt_ratio": 32.7,
            "inventory_turnover_ratio": 0.82,
            "account_receivable_turnover_ratio": 0.92,
            "reinvestment_rate": 88.71,
            "research_to_sale_ratio": 5.83,
            "price_fair": 56.7,
            "eps_avg_yearly": 1.62,
            "eps_latest_yearly": 1.76,
            "eps_growth_yearly": 54.93
        },
        "20124": {
            "year_quarter": 20124,
            "year": 2012,
            "quarter": 4,
            "eps": 0.39,
            "eps_growth_year": -11,
            "eps_4q": 1.61,
            "eps_4q_growth_year": 10,
            "roe": 2.09,
            "roe_4q": 8.370000000000001,
            "gross_profit": 365451,
            "gross_margin": 39.05,
            "gross_margin_4q_avg": 38.97,
            "net_income": 68167,
            "revenue": 935844,
            "common_shares": 1684229,
            "book_valuer_per_share": 17.84,
            "book_valuer_per_share_4q_avg": 17.56,
            "equity": 3306357,
            "current_ratio": 201.76,
            "debt_ratio": 35.46,
            "inventory_turnover_ratio": 0.92,
            "account_receivable_turnover_ratio": 1.05,
            "reinvestment_rate": 77.93,
            "research_to_sale_ratio": 6.75,
            "price_fair": 55.48,
            "eps_avg_yearly": 1.59,
            "eps_latest_yearly": 1.56,
            "eps_growth_yearly": 52.09
        },
        "20131": {
            "year_quarter": 20131,
            "year": 2013,
            "quarter": 1,
            "eps": 0.7,
            "eps_growth_year": 34.62,
            "eps_4q": 1.79,
            "eps_4q_growth_year": 7.94,
            "roe": 3.62,
            "roe_4q": 9.33,
            "gross_profit": 347016,
            "gross_margin": 44.28,
            "gross_margin_4q_avg": 40.37,
            "net_income": 119333,
            "revenue": 783616,
            "common_shares": 1684269,
            "book_valuer_per_share": 17.73,
            "book_valuer_per_share_4q_avg": 17.53,
            "equity": 3290461,
            "current_ratio": 211.55,
            "debt_ratio": 37.56,
            "inventory_turnover_ratio": 0.76,
            "account_receivable_turnover_ratio": 0.84,
            "reinvestment_rate": 73.9,
            "research_to_sale_ratio": 6.11,
            "price_fair": 57.66,
            "eps_avg_yearly": 1.65,
            "eps_latest_yearly": 2.8,
            "eps_growth_yearly": 75.73
        },
        "20132": {
            "year_quarter": 20132,
            "year": 2013,
            "quarter": 2,
            "eps": 0.54,
            "eps_growth_year": 100.79,
            "eps_4q": 2.01,
            "eps_4q_growth_year": 30.05,
            "roe": 2.82,
            "roe_4q": 10.78,
            "gross_profit": 324899,
            "gross_margin": 42.89,
            "gross_margin_4q_avg": 41.41,
            "net_income": 93110,
            "revenue": 757523,
            "common_shares": 1684269,
            "book_valuer_per_share": 17.55,
            "book_valuer_per_share_4q_avg": 17.66,
            "equity": 3306944,
            "current_ratio": 208.69,
            "debt_ratio": 35.66,
            "inventory_turnover_ratio": 0.82,
            "account_receivable_turnover_ratio": 0.82,
            "reinvestment_rate": 85.63,
            "research_to_sale_ratio": 6.75,
            "price_fair": 58.71,
            "eps_avg_yearly": 1.68,
            "eps_latest_yearly": 2.16,
            "eps_growth_yearly": 71.69
        },
        "20133": {
            "year_quarter": 20133,
            "year": 2013,
            "quarter": 3,
            "eps": 0.32,
            "eps_growth_year": -26.79,
            "eps_4q": 1.84,
            "eps_4q_growth_year": 11.12,
            "roe": 1.75,
            "roe_4q": 10.280000000000001,
            "gross_profit": 297681,
            "gross_margin": 40.76,
            "gross_margin_4q_avg": 41.75,
            "net_income": 59618,
            "revenue": 730283,
            "common_shares": 1730830,
            "book_valuer_per_share": 18.6,
            "book_valuer_per_share_4q_avg": 17.93,
            "equity": 3491615,
            "current_ratio": 292.77,
            "debt_ratio": 30.81,
            "inventory_turnover_ratio": 0.8,
            "account_receivable_turnover_ratio": 0.85,
            "reinvestment_rate": 85.4,
            "research_to_sale_ratio": 7.62,
            "price_fair": 58.28,
            "eps_avg_yearly": 1.67,
            "eps_latest_yearly": 1.28,
            "eps_growth_yearly": 64.48
        },
        "20134": {
            "year_quarter": 20134,
            "year": 2013,
            "quarter": 4,
            "eps": 0.19,
            "eps_growth_year": -50.8,
            "eps_4q": 1.67,
            "eps_4q_growth_year": 3.61,
            "roe": 0.94,
            "roe_4q": 9.129999999999999,
            "gross_profit": 328002,
            "gross_margin": 41.91,
            "gross_margin_4q_avg": 42.46,
            "net_income": 33082,
            "revenue": 782561,
            "common_shares": 1786961,
            "book_valuer_per_share": 18.42,
            "book_valuer_per_share_4q_avg": 18.08,
            "equity": 3582457,
            "current_ratio": 232.31,
            "debt_ratio": 33.08,
            "inventory_turnover_ratio": 0.82,
            "account_receivable_turnover_ratio": 0.95,
            "reinvestment_rate": 87.28,
            "research_to_sale_ratio": 9.17,
            "price_fair": 54.25,
            "eps_avg_yearly": 1.55,
            "eps_latest_yearly": 0.76,
            "eps_growth_yearly": 35.4
        },
        "20141": {
            "year_quarter": 20141,
            "year": 2014,
            "quarter": 1,
            "eps": 0.54,
            "eps_growth_year": -22.86,
            "eps_4q": 1.55,
            "eps_4q_growth_year": -13.4,
            "roe": 2.55,
            "roe_4q": 8.06,
            "gross_profit": 350617,
            "gross_margin": 43.93,
            "gross_margin_4q_avg": 42.37,
            "net_income": 92860,
            "revenue": 798179,
            "common_shares": 1786961,
            "book_valuer_per_share": 19.06,
            "book_valuer_per_share_4q_avg": 18.41,
            "equity": 3696415,
            "current_ratio": 234.84,
            "debt_ratio": 31.63,
            "inventory_turnover_ratio": 0.83,
            "account_receivable_turnover_ratio": 0.94,
            "reinvestment_rate": 83.48,
            "research_to_sale_ratio": 7.09,
            "price_fair": 55.74,
            "eps_avg_yearly": 1.59,
            "eps_latest_yearly": 2.16,
            "eps_growth_yearly": 92.22
        },
        "20142": {
            "year_quarter": 20142,
            "year": 2014,
            "quarter": 2,
            "eps": 0.6,
            "eps_growth_year": 11.11,
            "eps_4q": 1.64,
            "eps_4q_growth_year": -18.43,
            "roe": 3.16,
            "roe_4q": 8.4,
            "gross_profit": 361336,
            "gross_margin": 44.41,
            "gross_margin_4q_avg": 42.75,
            "net_income": 111874,
            "revenue": 813631,
            "common_shares": 1786961,
            "book_valuer_per_share": 17.33,
            "book_valuer_per_share_4q_avg": 18.35,
            "equity": 3389572,
            "current_ratio": 180.43,
            "debt_ratio": 38.19,
            "inventory_turnover_ratio": 0.8,
            "account_receivable_turnover_ratio": 0.96,
            "reinvestment_rate": 84.37,
            "research_to_sale_ratio": 7.23,
            "price_fair": 56.88,
            "eps_avg_yearly": 1.63,
            "eps_latest_yearly": 2.4,
            "eps_growth_yearly": 88.25
        },
        "20143": {
            "year_quarter": 20143,
            "year": 2014,
            "quarter": 3,
            "eps": 0.55,
            "eps_growth_year": 71.88,
            "eps_4q": 1.87,
            "eps_4q_growth_year": 1.49,
            "roe": 2.96,
            "roe_4q": 9.61,
            "gross_profit": 348467,
            "gross_margin": 43.08,
            "gross_margin_4q_avg": 43.33,
            "net_income": 101317,
            "revenue": 808815,
            "common_shares": 1786961,
            "book_valuer_per_share": 17.73,
            "book_valuer_per_share_4q_avg": 18.14,
            "equity": 3467411,
            "current_ratio": 199.45,
            "debt_ratio": 35.46,
            "inventory_turnover_ratio": 0.7,
            "account_receivable_turnover_ratio": 0.96,
            "reinvestment_rate": 69.89,
            "research_to_sale_ratio": 8.16,
            "price_fair": 58.19,
            "eps_avg_yearly": 1.66,
            "eps_latest_yearly": 2.2,
            "eps_growth_yearly": 89.89
        },
        "20144": {
            "year_quarter": 20144,
            "year": 2014,
            "quarter": 4,
            "eps": 0.41,
            "eps_growth_year": 117.16,
            "eps_4q": 2.09,
            "eps_4q_growth_year": 25.42,
            "roe": 2.2,
            "roe_4q": 10.870000000000001,
            "gross_profit": 387278,
            "gross_margin": 44.26,
            "gross_margin_4q_avg": 43.92,
            "net_income": 77679,
            "revenue": 875031,
            "common_shares": 1786961,
            "book_valuer_per_share": 18.49,
            "book_valuer_per_share_4q_avg": 18.15,
            "equity": 3605752,
            "current_ratio": 232.72,
            "debt_ratio": 32.91,
            "inventory_turnover_ratio": 0.67,
            "account_receivable_turnover_ratio": 1.01,
            "reinvestment_rate": 67.64,
            "research_to_sale_ratio": 7.01,
            "price_fair": 60.81,
            "eps_avg_yearly": 1.74,
            "eps_latest_yearly": 1.64,
            "eps_growth_yearly": 101.65
        },
        "20151": {
            "year_quarter": 20151,
            "year": 2015,
            "quarter": 1,
            "eps": 0.58,
            "eps_growth_year": 7.41,
            "eps_4q": 2.13,
            "eps_4q_growth_year": 37.57,
            "roe": 2.93,
            "roe_4q": 11.25,
            "gross_profit": 386933,
            "gross_margin": 47.97,
            "gross_margin_4q_avg": 44.93,
            "net_income": 107150,
            "revenue": 806574,
            "common_shares": 1786961,
            "book_valuer_per_share": 19.09,
            "book_valuer_per_share_4q_avg": 18.16,
            "equity": 3716077,
            "current_ratio": 262.21,
            "debt_ratio": 30.84,
            "inventory_turnover_ratio": 0.56,
            "account_receivable_turnover_ratio": 0.94,
            "reinvestment_rate": 53.76,
            "research_to_sale_ratio": 6.53,
            "price_fair": 62.83,
            "eps_avg_yearly": 1.8,
            "eps_latest_yearly": 2.32,
            "eps_growth_yearly": 57.47
        },
        "20152": {
            "year_quarter": 20152,
            "year": 2015,
            "quarter": 2,
            "eps": 0.42,
            "eps_growth_year": -30,
            "eps_4q": 1.95,
            "eps_4q_growth_year": 19.29,
            "roe": 2.21,
            "roe_4q": 10.3,
            "gross_profit": 352714,
            "gross_margin": 44.96,
            "gross_margin_4q_avg": 45.07,
            "net_income": 81168,
            "revenue": 784594,
            "common_shares": 1786961,
            "book_valuer_per_share": 18.43,
            "book_valuer_per_share_4q_avg": 18.44,
            "equity": 3626432,
            "current_ratio": 229.46,
            "debt_ratio": 32.94,
            "inventory_turnover_ratio": 0.59,
            "account_receivable_turnover_ratio": 0.96,
            "reinvestment_rate": 53.79,
            "research_to_sale_ratio": 6.76,
            "price_fair": 63.18,
            "eps_avg_yearly": 1.81,
            "eps_latest_yearly": 1.68,
            "eps_growth_yearly": 48.43
        },
        "20153": {
            "year_quarter": 20153,
            "year": 2015,
            "quarter": 3,
            "eps": 0.53,
            "eps_growth_year": -3.64,
            "eps_4q": 1.93,
            "eps_4q_growth_year": 3.22,
            "roe": 2.71,
            "roe_4q": 10.05,
            "gross_profit": 364565,
            "gross_margin": 44.8,
            "gross_margin_4q_avg": 45.5,
            "net_income": 99855,
            "revenue": 813827,
            "common_shares": 1786961,
            "book_valuer_per_share": 19.04,
            "book_valuer_per_share_4q_avg": 18.76,
            "equity": 3742289,
            "current_ratio": 231.93,
            "debt_ratio": 30.88,
            "inventory_turnover_ratio": 0.62,
            "account_receivable_turnover_ratio": 0.98,
            "reinvestment_rate": 54.52,
            "research_to_sale_ratio": 6.58,
            "price_fair": 65.01,
            "eps_avg_yearly": 1.86,
            "eps_latest_yearly": 2.12,
            "eps_growth_yearly": 58.92
        },
        "20154": {
            "year_quarter": 20154,
            "year": 2015,
            "quarter": 4,
            "eps": 0.43,
            "eps_growth_year": 3.67,
            "eps_4q": 1.95,
            "eps_4q_growth_year": -7.04,
            "roe": 2.09,
            "roe_4q": 9.94,
            "gross_profit": 390869,
            "gross_margin": 42.65,
            "gross_margin_4q_avg": 45.1,
            "net_income": 79726,
            "revenue": 916371,
            "common_shares": 1786961,
            "book_valuer_per_share": 19.84,
            "book_valuer_per_share_4q_avg": 19.1,
            "equity": 3886921,
            "current_ratio": 221.05,
            "debt_ratio": 32.93,
            "inventory_turnover_ratio": 0.77,
            "account_receivable_turnover_ratio": 1.05,
            "reinvestment_rate": 71.07,
            "research_to_sale_ratio": 8.7,
            "price_fair": 65.01,
            "eps_avg_yearly": 1.86,
            "eps_latest_yearly": 1.72,
            "eps_growth_yearly": 45.61
        },
        "20161": {
            "year_quarter": 20161,
            "year": 2016,
            "quarter": 1,
            "eps": 0.45,
            "eps_growth_year": -22.41,
            "eps_4q": 1.82,
            "eps_4q_growth_year": -14.63,
            "roe": 2.16,
            "roe_4q": 9.17,
            "gross_profit": 369109,
            "gross_margin": 42.97,
            "gross_margin_4q_avg": 43.85,
            "net_income": 84920,
            "revenue": 859024,
            "common_shares": 1786961,
            "book_valuer_per_share": 20.4,
            "book_valuer_per_share_4q_avg": 19.43,
            "equity": 3994074,
            "current_ratio": 209.69,
            "debt_ratio": 31.66,
            "inventory_turnover_ratio": 0.75,
            "account_receivable_turnover_ratio": 1,
            "reinvestment_rate": 77.82,
            "research_to_sale_ratio": 5.99,
            "price_fair": 64.4,
            "eps_avg_yearly": 1.84,
            "eps_latest_yearly": 1.8,
            "eps_growth_yearly": 41.54
        },
        "20162": {
            "year_quarter": 20162,
            "year": 2016,
            "quarter": 2,
            "eps": 0.4,
            "eps_growth_year": -4.76,
            "eps_4q": 1.81,
            "eps_4q_growth_year": -7.51,
            "roe": 2.05,
            "roe_4q": 9.01,
            "gross_profit": 408113,
            "gross_margin": 43.41,
            "gross_margin_4q_avg": 43.46,
            "net_income": 80150,
            "revenue": 940238,
            "common_shares": 1786961,
            "book_valuer_per_share": 19.43,
            "book_valuer_per_share_4q_avg": 19.68,
            "equity": 3819584,
            "current_ratio": 168.24,
            "debt_ratio": 34.67,
            "inventory_turnover_ratio": 0.84,
            "account_receivable_turnover_ratio": 1.1,
            "reinvestment_rate": 78.18,
            "research_to_sale_ratio": 6.61,
            "price_fair": 65.54,
            "eps_avg_yearly": 1.87,
            "eps_latest_yearly": 1.6,
            "eps_growth_yearly": 50.78
        },
        "20163": {
            "year_quarter": 20163,
            "year": 2016,
            "quarter": 3,
            "eps": 0.61,
            "eps_growth_year": 15.09,
            "eps_4q": 1.89,
            "eps_4q_growth_year": -2.11,
            "roe": 3,
            "roe_4q": 9.3,
            "gross_profit": 403217,
            "gross_margin": 43.84,
            "gross_margin_4q_avg": 43.22,
            "net_income": 118565,
            "revenue": 919663,
            "common_shares": 1786961,
            "book_valuer_per_share": 20.22,
            "book_valuer_per_share_4q_avg": 19.97,
            "equity": 4081429,
            "current_ratio": 173.88,
            "debt_ratio": 32.55,
            "inventory_turnover_ratio": 0.83,
            "account_receivable_turnover_ratio": 1.04,
            "reinvestment_rate": 74.81,
            "research_to_sale_ratio": 6.16,
            "price_fair": 67.03,
            "eps_avg_yearly": 1.92,
            "eps_latest_yearly": 2.44,
            "eps_growth_yearly": 48.17
        },
        "20164": {
            "year_quarter": 20164,
            "year": 2016,
            "quarter": 4,
            "eps": 0.44,
            "eps_growth_year": 3.02,
            "eps_4q": 1.9,
            "eps_4q_growth_year": -2.21,
            "roe": 2.13,
            "roe_4q": 9.34,
            "gross_profit": 395820,
            "gross_margin": 41.45,
            "gross_margin_4q_avg": 42.92,
            "net_income": 88173,
            "revenue": 954876,
            "common_shares": 1786961,
            "book_valuer_per_share": 20.81,
            "book_valuer_per_share_4q_avg": 20.22,
            "equity": 4196664,
            "current_ratio": 179.6,
            "debt_ratio": 32.59,
            "inventory_turnover_ratio": 0.82,
            "account_receivable_turnover_ratio": 1.03,
            "reinvestment_rate": 69.3,
            "research_to_sale_ratio": 7.42,
            "price_fair": 67.46,
            "eps_avg_yearly": 1.93,
            "eps_latest_yearly": 1.76,
            "eps_growth_yearly": 44.04
        },
        "20171": {
            "year_quarter": 20171,
            "year": 2017,
            "quarter": 1,
            "eps": 0.33,
            "eps_growth_year": -26.67,
            "eps_4q": 1.78,
            "eps_4q_growth_year": -1.95,
            "roe": 1.6,
            "roe_4q": 8.780000000000001,
            "gross_profit": 413422,
            "gross_margin": 45.43,
            "gross_margin_4q_avg": 43.53,
            "net_income": 67443,
            "revenue": 909933,
            "common_shares": 1786961,
            "book_valuer_per_share": 20.92,
            "book_valuer_per_share_4q_avg": 20.35,
            "equity": 4221842,
            "current_ratio": 203.57,
            "debt_ratio": 30.85,
            "inventory_turnover_ratio": 0.66,
            "account_receivable_turnover_ratio": 1.02,
            "reinvestment_rate": 68.31,
            "research_to_sale_ratio": 5.84,
            "price_fair": 51.23,
            "eps_avg_yearly": 1.84,
            "eps_latest_yearly": 1.32,
            "eps_growth_yearly": 17.92
        },
        "20172": {
            "year_quarter": 20172,
            "year": 2017,
            "quarter": 2,
            "eps": 0.56,
            "eps_growth_year": 40,
            "eps_4q": 1.94,
            "eps_4q_growth_year": 7.61,
            "roe": 2.93,
            "roe_4q": 9.66,
            "gross_profit": 425821,
            "gross_margin": 43.62,
            "gross_margin_4q_avg": 43.59,
            "net_income": 121376,
            "revenue": 976177,
            "common_shares": 1786961,
            "book_valuer_per_share": 20.02,
            "book_valuer_per_share_4q_avg": 20.49,
            "equity": 4067181,
            "current_ratio": 172.48,
            "debt_ratio": 35.46,
            "inventory_turnover_ratio": 0.71,
            "account_receivable_turnover_ratio": 1.13,
            "reinvestment_rate": 57.9,
            "research_to_sale_ratio": 6.88,
            "price_fair": 64.4,
            "eps_avg_yearly": 1.84,
            "eps_latest_yearly": 2.24,
            "eps_growth_yearly": 41.06
        },
        "20173": {
            "year_quarter": 20173,
            "year": 2017,
            "quarter": 3,
            "eps": 0.87,
            "eps_growth_year": 42.62,
            "eps_4q": 2.2,
            "eps_4q_growth_year": 16.25,
            "roe": 4.47,
            "roe_4q": 11.129999999999999,
            "gross_profit": 504023,
            "gross_margin": 47.7,
            "gross_margin_4q_avg": 44.55,
            "net_income": 185006,
            "revenue": 1056753,
            "common_shares": 1786961,
            "book_valuer_per_share": 20.64,
            "book_valuer_per_share_4q_avg": 20.6,
            "equity": 4208820,
            "current_ratio": 193.4,
            "debt_ratio": 33.35,
            "inventory_turnover_ratio": 0.7,
            "account_receivable_turnover_ratio": 1.17,
            "reinvestment_rate": 47.88,
            "research_to_sale_ratio": 5.77,
            "price_fair": 69.21,
            "eps_avg_yearly": 1.98,
            "eps_latest_yearly": 3.48,
            "eps_growth_yearly": 65.08
        },
        "20174": {
            "year_quarter": 20174,
            "year": 2017,
            "quarter": 4,
            "eps": 0.28,
            "eps_growth_year": -37.47,
            "eps_4q": 2.03,
            "eps_4q_growth_year": 6.78,
            "roe": 1.42,
            "roe_4q": 10.42,
            "gross_profit": 405732,
            "gross_margin": 44.79,
            "gross_margin_4q_avg": 45.39,
            "net_income": 59514,
            "revenue": 905821,
            "common_shares": 1786961,
            "book_valuer_per_share": 20.55,
            "book_valuer_per_share_4q_avg": 20.53,
            "equity": 4202185,
            "current_ratio": 192.12,
            "debt_ratio": 34.08,
            "inventory_turnover_ratio": 0.66,
            "account_receivable_turnover_ratio": 1.03,
            "reinvestment_rate": 29.76,
            "research_to_sale_ratio": 6.44,
            "price_fair": 70,
            "eps_avg_yearly": 2,
            "eps_latest_yearly": 1.12,
            "eps_growth_yearly": 58.29
        },
        "20181": {
            "year_quarter": 20181,
            "year": 2018,
            "quarter": 1,
            "eps": 0.35,
            "eps_growth_year": 6.06,
            "eps_4q": 2.05,
            "eps_4q_growth_year": 15.11,
            "roe": 1.5,
            "roe_4q": 10.32,
            "gross_profit": 335141,
            "gross_margin": 43.91,
            "gross_margin_4q_avg": 45.01,
            "net_income": 63517,
            "revenue": 763261,
            "common_shares": 1786961,
            "book_valuer_per_share": 20.84,
            "book_valuer_per_share_4q_avg": 20.51,
            "equity": 4252149,
            "current_ratio": 200.74,
            "debt_ratio": 32.85,
            "inventory_turnover_ratio": 0.59,
            "account_receivable_turnover_ratio": 0.96,
            "reinvestment_rate": -4.33,
            "research_to_sale_ratio": 8.12,
            "price_fair": 55.61,
            "eps_avg_yearly": 1.95,
            "eps_latest_yearly": 1.4,
            "eps_growth_yearly": 18.48
        },
        "20182": {
            "year_quarter": 20182,
            "year": 2018,
            "quarter": 2,
            "eps": 0.55,
            "eps_growth_year": -1.79,
            "eps_4q": 2.05,
            "eps_4q_growth_year": 5.54,
            "roe": 2.61,
            "roe_4q": 10,
            "gross_profit": 379924,
            "gross_margin": 42.32,
            "gross_margin_4q_avg": 44.68,
            "net_income": 108694,
            "revenue": 897693,
            "common_shares": 1786961,
            "book_valuer_per_share": 19.85,
            "book_valuer_per_share_4q_avg": 20.47,
            "equity": 4069915,
            "current_ratio": 173.7,
            "debt_ratio": 36.68,
            "inventory_turnover_ratio": 0.69,
            "account_receivable_turnover_ratio": 1.13,
            "reinvestment_rate": -10.15,
            "research_to_sale_ratio": 6.07,
            "price_fair": 67.9,
            "eps_avg_yearly": 1.94,
            "eps_latest_yearly": 2.2,
            "eps_growth_yearly": 29.99
        },
        "20183": {
            "year_quarter": 20183,
            "year": 2018,
            "quarter": 3,
            "eps": 0.66,
            "eps_growth_year": -24.14,
            "eps_4q": 1.84,
            "eps_4q_growth_year": -16.21,
            "roe": 3.41,
            "roe_4q": 8.94,
            "gross_profit": 406323,
            "gross_margin": 44.49,
            "gross_margin_4q_avg": 43.88,
            "net_income": 140453,
            "revenue": 913353,
            "common_shares": 1786961,
            "book_valuer_per_share": 20.34,
            "book_valuer_per_share_4q_avg": 20.4,
            "equity": 4178974,
            "current_ratio": 191.5,
            "debt_ratio": 34.08,
            "inventory_turnover_ratio": 0.63,
            "account_receivable_turnover_ratio": 1.01,
            "reinvestment_rate": -8.77,
            "research_to_sale_ratio": 5.78,
            "price_fair": 68.86,
            "eps_avg_yearly": 1.97,
            "eps_latest_yearly": 2.64,
            "eps_growth_yearly": 37.07
        },
        "20184": {
            "year_quarter": 20184,
            "year": 2018,
            "quarter": 4,
            "eps": 0.53,
            "eps_growth_year": 91.74,
            "eps_4q": 2.09,
            "eps_4q_growth_year": 3.05,
            "roe": 2.74,
            "roe_4q": 10.26,
            "gross_profit": 423222,
            "gross_margin": 42.37,
            "gross_margin_4q_avg": 43.27,
            "net_income": 115272,
            "revenue": 998786,
            "common_shares": 1786961,
            "book_valuer_per_share": 20.6,
            "book_valuer_per_share_4q_avg": 20.41,
            "equity": 4246312,
            "current_ratio": 195.49,
            "debt_ratio": 34.05,
            "inventory_turnover_ratio": 0.71,
            "account_receivable_turnover_ratio": 1.08,
            "reinvestment_rate": -16.95,
            "research_to_sale_ratio": 5.57,
            "price_fair": 69.91,
            "eps_avg_yearly": 2,
            "eps_latest_yearly": 2.12,
            "eps_growth_yearly": 38.51
        },
        "20191": {
            "year_quarter": 20191,
            "year": 2019,
            "quarter": 1,
            "eps": 0.4,
            "eps_growth_year": 14.29,
            "eps_4q": 2.14,
            "eps_4q_growth_year": 4.37,
            "roe": 2.13,
            "roe_4q": 10.89,
            "gross_profit": 337203,
            "gross_margin": 39.85,
            "gross_margin_4q_avg": 42.26,
            "net_income": 91440,
            "revenue": 846175,
            "common_shares": 1786961,
            "book_valuer_per_share": 20.93,
            "book_valuer_per_share_4q_avg": 20.43,
            "equity": 4324670,
            "current_ratio": 193.27,
            "debt_ratio": 34.77,
            "inventory_turnover_ratio": 0.62,
            "account_receivable_turnover_ratio": 0.97,
            "reinvestment_rate": -18.31,
            "research_to_sale_ratio": 6.28,
            "price_fair": 62.51,
            "eps_avg_yearly": 1.95,
            "eps_latest_yearly": 1.6,
            "eps_growth_yearly": 22.02
        },
        "20192": {
            "year_quarter": 20192,
            "year": 2019,
            "quarter": 2,
            "eps": 0.55,
            "eps_growth_year": 0,
            "eps_4q": 2.14,
            "eps_4q_growth_year": 4.57,
            "roe": 3.02,
            "roe_4q": 11.3,
            "gross_profit": 449788,
            "gross_margin": 44.5,
            "gross_margin_4q_avg": 42.8,
            "net_income": 127654,
            "revenue": 1010837,
            "common_shares": 1786961,
            "book_valuer_per_share": 19.9,
            "book_valuer_per_share_4q_avg": 20.44,
            "equity": 4126876,
            "current_ratio": 175.65,
            "debt_ratio": 36.94,
            "inventory_turnover_ratio": 0.65,
            "account_receivable_turnover_ratio": 1.14,
            "reinvestment_rate": -17.01,
            "research_to_sale_ratio": 5.51,
            "price_fair": 69.48,
            "eps_avg_yearly": 1.99,
            "eps_latest_yearly": 2.2,
            "eps_growth_yearly": 38.29
        },
        "20193": {
            "year_quarter": 20193,
            "year": 2019,
            "quarter": 3,
            "eps": 0.61,
            "eps_growth_year": -7.58,
            "eps_4q": 2.09,
            "eps_4q_growth_year": 13.52,
            "roe": 3.1,
            "roe_4q": 10.99,
            "gross_profit": 465846,
            "gross_margin": 44.41,
            "gross_margin_4q_avg": 42.78,
            "net_income": 130557,
            "revenue": 1048886,
            "common_shares": 1786961,
            "book_valuer_per_share": 20.4,
            "book_valuer_per_share_4q_avg": 20.46,
            "equity": 4294569,
            "current_ratio": 178.47,
            "debt_ratio": 37.41,
            "inventory_turnover_ratio": 0.65,
            "account_receivable_turnover_ratio": 1.11,
            "reinvestment_rate": -17.39,
            "research_to_sale_ratio": 6.19,
            "price_fair": 70.18,
            "eps_avg_yearly": 2.01,
            "eps_latest_yearly": 2.44,
            "eps_growth_yearly": 34.47
        },
        "20194": {
            "year_quarter": 20194,
            "year": 2019,
            "quarter": 4,
            "eps": 0.54,
            "eps_growth_year": 3.02,
            "eps_4q": 2.11,
            "eps_4q_growth_year": 0.57,
            "roe": 2.7,
            "roe_4q": 10.95,
            "gross_profit": 456294,
            "gross_margin": 44.25,
            "gross_margin_4q_avg": 43.25,
            "net_income": 120782,
            "revenue": 1031231,
            "common_shares": 1786961,
            "book_valuer_per_share": 21.06,
            "book_valuer_per_share_4q_avg": 20.57,
            "equity": 4646421,
            "current_ratio": 199.33,
            "debt_ratio": 32.93,
            "inventory_turnover_ratio": 0.63,
            "account_receivable_turnover_ratio": 1.13,
            "reinvestment_rate": -35.28,
            "research_to_sale_ratio": 5.05,
            "price_fair": 71.14,
            "eps_avg_yearly": 2.03,
            "eps_latest_yearly": 2.16,
            "eps_growth_yearly": 36.32
        },
        "20201": {
            "year_quarter": 20201,
            "year": 2020,
            "quarter": 1,
            "eps": 0.67,
            "eps_growth_year": 67.5,
            "eps_4q": 2.38,
            "eps_4q_growth_year": 10.85,
            "roe": 3.04,
            "roe_4q": 11.86,
            "gross_profit": 454126,
            "gross_margin": 43.9,
            "gross_margin_4q_avg": 44.27,
            "net_income": 137821,
            "revenue": 1034417,
            "common_shares": 1786961,
            "book_valuer_per_share": 19.92,
            "book_valuer_per_share_4q_avg": 20.32,
            "equity": 4415456,
            "current_ratio": 173.85,
            "debt_ratio": 36.5,
            "inventory_turnover_ratio": 0.65,
            "account_receivable_turnover_ratio": 1.13,
            "reinvestment_rate": -40.64,
            "research_to_sale_ratio": 5.03,
            "price_fair": 73.06,
            "eps_avg_yearly": 2.09,
            "eps_latest_yearly": 2.68,
            "eps_growth_yearly": 41.17
        },
        "20202": {
            "year_quarter": 20202,
            "year": 2020,
            "quarter": 2,
            "eps": 0.73,
            "eps_growth_year": 32.73,
            "eps_4q": 2.55,
            "eps_4q_growth_year": 18.86,
            "roe": 3.66,
            "roe_4q": 12.5,
            "gross_profit": 497697,
            "gross_margin": 44.92,
            "gross_margin_4q_avg": 44.37,
            "net_income": 165762,
            "revenue": 1108059,
            "common_shares": 1786961,
            "book_valuer_per_share": 20.96,
            "book_valuer_per_share_4q_avg": 20.59,
            "equity": 4638602,
            "current_ratio": 193.62,
            "debt_ratio": 32.34,
            "inventory_turnover_ratio": 0.71,
            "account_receivable_turnover_ratio": 1.14,
            "reinvestment_rate": -39.61,
            "research_to_sale_ratio": 4.96,
            "price_fair": 75.95,
            "eps_avg_yearly": 2.17,
            "eps_latest_yearly": 2.92,
            "eps_growth_yearly": 46.19
        },
        "20203": {
            "year_quarter": 20203,
            "year": 2020,
            "quarter": 3,
            "eps": 0.64,
            "eps_growth_year": 4.92,
            "eps_4q": 2.58,
            "eps_4q_growth_year": 23.5,
            "roe": 3.03,
            "roe_4q": 12.43,
            "gross_profit": 462123,
            "gross_margin": 44.21,
            "gross_margin_4q_avg": 44.32,
            "net_income": 142073,
            "revenue": 1045351,
            "common_shares": 1786961,
            "book_valuer_per_share": 21.3,
            "book_valuer_per_share_4q_avg": 20.81,
            "equity": 4726248,
            "current_ratio": 204.86,
            "debt_ratio": 30.85,
            "inventory_turnover_ratio": 0.66,
            "account_receivable_turnover_ratio": 1.08,
            "reinvestment_rate": -29.05,
            "research_to_sale_ratio": 5.88,
            "price_fair": 76.21,
            "eps_avg_yearly": 2.18,
            "eps_latest_yearly": 2.56,
            "eps_growth_yearly": 29.98
        },
        "20204": {
            "year_quarter": 20204,
            "year": 2020,
            "quarter": 4,
            "eps": 0.9,
            "eps_growth_year": 64.44,
            "eps_4q": 2.93,
            "eps_4q_growth_year": 39.23,
            "roe": 3.74,
            "roe_4q": 13.469999999999999,
            "gross_profit": 505892,
            "gross_margin": 45.27,
            "gross_margin_4q_avg": 44.58,
            "net_income": 179904,
            "revenue": 1117573,
            "common_shares": 1786961,
            "book_valuer_per_share": 22.19,
            "book_valuer_per_share_4q_avg": 21.09,
            "equity": 4905835,
            "current_ratio": 218.2,
            "debt_ratio": 30.41,
            "inventory_turnover_ratio": 0.68,
            "account_receivable_turnover_ratio": 1.19,
            "reinvestment_rate": -30.46,
            "research_to_sale_ratio": 5.27,
            "price_fair": 80.24,
            "eps_avg_yearly": 2.29,
            "eps_latest_yearly": 3.6,
            "eps_growth_yearly": 47.1
        },
        "20211": {
            "year_quarter": 20211,
            "year": 2021,
            "quarter": 1,
            "eps": 1.17,
            "eps_growth_year": 74.63,
            "eps_4q": 3.43,
            "eps_4q_growth_year": 44.17,
            "roe": 4.68,
            "roe_4q": 15.11,
            "gross_profit": 494941,
            "gross_margin": 44.95,
            "gross_margin_4q_avg": 44.84,
            "net_income": 235698,
            "revenue": 1101113,
            "common_shares": 1786961,
            "book_valuer_per_share": 23.77,
            "book_valuer_per_share_4q_avg": 22.06,
            "equity": 5164890,
            "current_ratio": 219.92,
            "debt_ratio": 29.47,
            "inventory_turnover_ratio": 0.65,
            "account_receivable_turnover_ratio": 1.17,
            "reinvestment_rate": -11.09,
            "research_to_sale_ratio": 5.22,
            "price_fair": 87.59,
            "eps_avg_yearly": 2.5,
            "eps_latest_yearly": 4.68,
            "eps_growth_yearly": 60.85
        },
        "20212": {
            "year_quarter": 20212,
            "year": 2021,
            "quarter": 2,
            "eps": 0.93,
            "eps_growth_year": 27.4,
            "eps_4q": 3.63,
            "eps_4q_growth_year": 42.45,
            "roe": 3.86,
            "roe_4q": 15.309999999999999,
            "gross_profit": 512838,
            "gross_margin": 44.63,
            "gross_margin_4q_avg": 44.77,
            "net_income": 195793,
            "revenue": 1149060,
            "common_shares": 1786961,
            "book_valuer_per_share": 22.61,
            "book_valuer_per_share_4q_avg": 22.47,
            "equity": 4987380,
            "current_ratio": 193.39,
            "debt_ratio": 32.48,
            "inventory_turnover_ratio": 0.66,
            "account_receivable_turnover_ratio": 1.17,
            "reinvestment_rate": -16.04,
            "research_to_sale_ratio": 5.35,
            "price_fair": 90.83,
            "eps_avg_yearly": 2.6,
            "eps_latest_yearly": 3.72,
            "eps_growth_yearly": 38.3
        },
        "20213": {
            "year_quarter": 20213,
            "year": 2021,
            "quarter": 3,
            "eps": 0.89,
            "eps_growth_year": 39.06,
            "eps_4q": 3.88,
            "eps_4q_growth_year": 50.38,
            "roe": 3.82,
            "roe_4q": 16.1,
            "gross_profit": 518678,
            "gross_margin": 46.28,
            "gross_margin_4q_avg": 45.28,
            "net_income": 193623,
            "revenue": 1120840,
            "common_shares": 1786961,
            "book_valuer_per_share": 23.29,
            "book_valuer_per_share_4q_avg": 22.97,
            "equity": 5142983,
            "current_ratio": 210.39,
            "debt_ratio": 30.6,
            "inventory_turnover_ratio": 0.63,
            "account_receivable_turnover_ratio": 1.13,
            "reinvestment_rate": -12.95,
            "research_to_sale_ratio": 5.26,
            "price_fair": 86.81,
            "eps_avg_yearly": 2.6,
            "eps_latest_yearly": 3.56,
            "eps_growth_yearly": 23.39
        },
        "20214": {
            "year_quarter": 20214,
            "year": 2021,
            "quarter": 4,
            "eps": 0.97,
            "eps_growth_year": 8.02,
            "eps_4q": 3.95,
            "eps_4q_growth_year": 34.83,
            "roe": 3.55,
            "roe_4q": 15.909999999999998,
            "gross_profit": 541416,
            "gross_margin": 43.91,
            "gross_margin_4q_avg": 44.94,
            "net_income": 211688,
            "revenue": 1233069,
            "common_shares": 1786961,
            "book_valuer_per_share": 24.3,
            "book_valuer_per_share_4q_avg": 23.49,
            "equity": 6799614,
            "current_ratio": 212.96,
            "debt_ratio": 32.7,
            "inventory_turnover_ratio": 0.63,
            "account_receivable_turnover_ratio": 1.16,
            "reinvestment_rate": 19.8,
            "research_to_sale_ratio": 5.19,
            "price_fair": 97.04,
            "eps_avg_yearly": 2.77,
            "eps_latest_yearly": 3.88,
            "eps_growth_yearly": 42.59
        },
        "20221": {
            "year_quarter": 20221,
            "year": 2022,
            "quarter": 1,
            "eps": 0.97,
            "eps_growth_year": -17.09,
            "eps_4q": 3.76,
            "eps_4q_growth_year": 9.69,
            "roe": 3.5,
            "roe_4q": 14.729999999999999,
            "gross_profit": 518619,
            "gross_margin": 41.92,
            "gross_margin_4q_avg": 44.19,
            "net_income": 233277,
            "revenue": 1237170,
            "common_shares": 1786961,
            "book_valuer_per_share": 22.76,
            "book_valuer_per_share_4q_avg": 23.24,
            "equity": 6537558,
            "current_ratio": 193.01,
            "debt_ratio": 34.56,
            "inventory_turnover_ratio": 0.58,
            "account_receivable_turnover_ratio": 1.12,
            "reinvestment_rate": 46.65,
            "research_to_sale_ratio": 4.73,
            "price_fair": 102.46,
            "eps_avg_yearly": 2.93,
            "eps_latest_yearly": 3.88,
            "eps_growth_yearly": 36.34
        },
        "20222": {
            "year_quarter": 20222,
            "year": 2022,
            "quarter": 2,
            "eps": 1.28,
            "eps_growth_year": 37.63,
            "eps_4q": 4.11,
            "eps_4q_growth_year": 13.15,
            "roe": 4.95,
            "roe_4q": 15.82,
            "gross_profit": 636125,
            "gross_margin": 42.95,
            "gross_margin_4q_avg": 43.77,
            "net_income": 329795,
            "revenue": 1481061,
            "common_shares": 1786961,
            "book_valuer_per_share": 24.01,
            "book_valuer_per_share_4q_avg": 23.59,
            "equity": 6792570,
            "current_ratio": 165.85,
            "debt_ratio": 37.07,
            "inventory_turnover_ratio": 0.65,
            "account_receivable_turnover_ratio": 1.3,
            "reinvestment_rate": 50.24,
            "research_to_sale_ratio": 4.55,
            "price_fair": 108.85,
            "eps_avg_yearly": 3.11,
            "eps_latest_yearly": 5.12,
            "eps_growth_yearly": 30.04
        },
        "20223": {
            "year_quarter": 20223,
            "year": 2022,
            "quarter": 3,
            "eps": 1.34,
            "eps_growth_year": 50.56,
            "eps_4q": 4.55,
            "eps_4q_growth_year": 17.23,
            "roe": 5.22,
            "roe_4q": 17.22,
            "gross_profit": 651143,
            "gross_margin": 42.01,
            "gross_margin_4q_avg": 42.7,
            "net_income": 364082,
            "revenue": 1549872,
            "common_shares": 1786961,
            "book_valuer_per_share": 25.38,
            "book_valuer_per_share_4q_avg": 24.11,
            "equity": 7160928,
            "current_ratio": 179.65,
            "debt_ratio": 35.88,
            "inventory_turnover_ratio": 0.68,
            "account_receivable_turnover_ratio": 1.27,
            "reinvestment_rate": 76.94,
            "research_to_sale_ratio": 4.26,
            "price_fair": 114.8,
            "eps_avg_yearly": 3.28,
            "eps_latest_yearly": 5.36,
            "eps_growth_yearly": 26.21
        },
        "20224": {
            "year_quarter": 20224,
            "year": 2022,
            "quarter": 4,
            "eps": 0.98,
            "eps_growth_year": 1.13,
            "eps_4q": 4.56,
            "eps_4q_growth_year": 15.38,
            "roe": 3.1,
            "roe_4q": 16.77,
            "gross_profit": 681726,
            "gross_margin": 43.06,
            "gross_margin_4q_avg": 42.49,
            "net_income": 226466,
            "revenue": 1583265,
            "common_shares": 1786961,
            "book_valuer_per_share": 26.6,
            "book_valuer_per_share_4q_avg": 24.69,
            "equity": 7435601,
            "current_ratio": 194.09,
            "debt_ratio": 32.21,
            "inventory_turnover_ratio": 0.67,
            "account_receivable_turnover_ratio": 1.28,
            "reinvestment_rate": 80.35,
            "research_to_sale_ratio": 3.78,
            "price_fair": 116.78,
            "eps_avg_yearly": 3.39,
            "eps_latest_yearly": 3.92,
            "eps_growth_yearly": 24.42
        },
        "20231": {
            "year_quarter": 20231,
            "year": 2023,
            "quarter": 1,
            "eps": 1.18,
            "eps_growth_year": 21.65,
            "eps_4q": 4.77,
            "eps_4q_growth_year": 26.98,
            "roe": 4.07,
            "roe_4q": 17.34,
            "gross_profit": 681510,
            "gross_margin": 45.65,
            "gross_margin_4q_avg": 43.42,
            "net_income": 296321,
            "revenue": 1493025,
            "common_shares": 1786961,
            "book_valuer_per_share": 25.39,
            "book_valuer_per_share_4q_avg": 25.35,
            "equity": 7136603,
            "current_ratio": 170.26,
            "debt_ratio": 35.12,
            "inventory_turnover_ratio": 0.57,
            "account_receivable_turnover_ratio": 1.22,
            "reinvestment_rate": 80.34,
            "research_to_sale_ratio": 3.8,
            "price_fair": 125.56,
            "eps_avg_yearly": 3.59,
            "eps_latest_yearly": 4.72,
            "eps_growth_yearly": 35.66
        }
    },
    "months": {
        "2001-06": {
            "month": "2001-06",
            "price": "21.20",
            "revenue": 89490
        },
        "2001-07": {
            "month": "2001-07",
            "price": "23.14",
            "revenue": 82542
        },
        "2001-08": {
            "month": "2001-08",
            "price": "24.03",
            "revenue": 98162
        },
        "2001-09": {
            "month": "2001-09",
            "price": "21.70",
            "revenue": 89034
        },
        "2001-10": {
            "month": "2001-10",
            "price": "22.52",
            "revenue": 103118
        },
        "2001-11": {
            "month": "2001-11",
            "price": "22.70",
            "revenue": 107920
        },
        "2001-12": {
            "month": "2001-12",
            "price": "22.64",
            "revenue": 112136
        },
        "2002-01": {
            "month": "2002-01",
            "price": "22.61",
            "revenue": 117098
        },
        "2002-02": {
            "month": "2002-02",
            "price": "22.61",
            "revenue": 88646
        },
        "2002-03": {
            "month": "2002-03",
            "price": "23.82",
            "revenue": 100272
        },
        "2002-04": {
            "month": "2002-04",
            "price": "24.22",
            "revenue": 97730
        },
        "2002-05": {
            "month": "2002-05",
            "price": "23.27",
            "revenue": 115762
        },
        "2002-06": {
            "month": "2002-06",
            "price": "22.78",
            "revenue": 97810
        },
        "2002-07": {
            "month": "2002-07",
            "price": "21.88",
            "revenue": 111676
        },
        "2002-08": {
            "month": "2002-08",
            "price": "19.48",
            "revenue": 105894
        },
        "2002-09": {
            "month": "2002-09",
            "price": "18.04",
            "revenue": 102927
        },
        "2002-10": {
            "month": "2002-10",
            "price": "17.51",
            "revenue": 113683
        },
        "2002-11": {
            "month": "2002-11",
            "price": "18.21",
            "revenue": 101565
        },
        "2002-12": {
            "month": "2002-12",
            "price": "18.27",
            "revenue": 111529
        },
        "2003-01": {
            "month": "2003-01",
            "price": "19.16",
            "revenue": 135324
        },
        "2003-02": {
            "month": "2003-02",
            "price": "18.92",
            "revenue": 72527
        },
        "2003-03": {
            "month": "2003-03",
            "price": "19.10",
            "revenue": 119962
        },
        "2003-04": {
            "month": "2003-04",
            "price": "20.75",
            "revenue": 112374
        },
        "2003-05": {
            "month": "2003-05",
            "price": "20.60",
            "revenue": 101505
        },
        "2003-06": {
            "month": "2003-06",
            "price": "19.94",
            "revenue": 82942
        },
        "2003-07": {
            "month": "2003-07",
            "price": "18.72",
            "revenue": 94955
        },
        "2003-08": {
            "month": "2003-08",
            "price": "17.95",
            "revenue": 93523
        },
        "2003-09": {
            "month": "2003-09",
            "price": "17.60",
            "revenue": 105448
        },
        "2003-10": {
            "month": "2003-10",
            "price": "17.76",
            "revenue": 121184
        },
        "2003-11": {
            "month": "2003-11",
            "price": "18.30",
            "revenue": 108820
        },
        "2003-12": {
            "month": "2003-12",
            "price": "18.68",
            "revenue": 117563
        },
        "2004-01": {
            "month": "2004-01",
            "price": "18.72",
            "revenue": 118691
        },
        "2004-02": {
            "month": "2004-02",
            "price": "20.22",
            "revenue": 104479
        },
        "2004-03": {
            "month": "2004-03",
            "price": "19.12",
            "revenue": 120397
        },
        "2004-04": {
            "month": "2004-04",
            "price": "18.36",
            "revenue": 119727
        },
        "2004-05": {
            "month": "2004-05",
            "price": "17.30",
            "revenue": 110694
        },
        "2004-06": {
            "month": "2004-06",
            "price": "16.90",
            "revenue": 116768
        },
        "2004-07": {
            "month": "2004-07",
            "price": "16.88",
            "revenue": 124747
        },
        "2004-08": {
            "month": "2004-08",
            "price": "16.28",
            "revenue": 120404
        },
        "2004-09": {
            "month": "2004-09",
            "price": "17.00",
            "revenue": 118425
        },
        "2004-10": {
            "month": "2004-10",
            "price": "17.19",
            "revenue": 133831
        },
        "2004-11": {
            "month": "2004-11",
            "price": "17.05",
            "revenue": 133494
        },
        "2004-12": {
            "month": "2004-12",
            "price": "17.81",
            "revenue": 130416
        },
        "2005-01": {
            "month": "2005-01",
            "price": "18.45",
            "revenue": 160829
        },
        "2005-02": {
            "month": "2005-02",
            "price": "18.78",
            "revenue": 102744
        },
        "2005-03": {
            "month": "2005-03",
            "price": "18.37",
            "revenue": 142985
        },
        "2005-04": {
            "month": "2005-04",
            "price": "18.05",
            "revenue": 138807
        },
        "2005-05": {
            "month": "2005-05",
            "price": "18.06",
            "revenue": 136257
        },
        "2005-06": {
            "month": "2005-06",
            "price": "18.36",
            "revenue": 145589
        },
        "2005-07": {
            "month": "2005-07",
            "price": "18.10",
            "revenue": 130196
        },
        "2005-08": {
            "month": "2005-08",
            "price": "18.10",
            "revenue": 122279
        },
        "2005-09": {
            "month": "2005-09",
            "price": "18.20",
            "revenue": 131962
        },
        "2005-10": {
            "month": "2005-10",
            "price": "20.86",
            "revenue": 122826
        },
        "2005-11": {
            "month": "2005-11",
            "price": "22.64",
            "revenue": 123408
        },
        "2005-12": {
            "month": "2005-12",
            "price": "20.18",
            "revenue": 141593
        },
        "2006-01": {
            "month": "2006-01",
            "price": "20.09",
            "revenue": 157644
        },
        "2006-02": {
            "month": "2006-02",
            "price": "20.66",
            "revenue": 103080
        },
        "2006-03": {
            "month": "2006-03",
            "price": "20.41",
            "revenue": 156344
        },
        "2006-04": {
            "month": "2006-04",
            "price": "20.14",
            "revenue": 133910
        },
        "2006-05": {
            "month": "2006-05",
            "price": "19.03",
            "revenue": 131432
        },
        "2006-06": {
            "month": "2006-06",
            "price": "17.73",
            "revenue": 147470
        },
        "2006-07": {
            "month": "2006-07",
            "price": "17.14",
            "revenue": 137145
        },
        "2006-08": {
            "month": "2006-08",
            "price": "16.66",
            "revenue": 147595
        },
        "2006-09": {
            "month": "2006-09",
            "price": "15.21",
            "revenue": 147489
        },
        "2006-10": {
            "month": "2006-10",
            "price": "16.44",
            "revenue": 153983
        },
        "2006-11": {
            "month": "2006-11",
            "price": "17.33",
            "revenue": 149689
        },
        "2006-12": {
            "month": "2006-12",
            "price": "18.76",
            "revenue": 143164
        },
        "2007-01": {
            "month": "2007-01",
            "price": "18.99",
            "revenue": 189396
        },
        "2007-02": {
            "month": "2007-02",
            "price": "19.18",
            "revenue": 127646
        },
        "2007-03": {
            "month": "2007-03",
            "price": "19.16",
            "revenue": 155577
        },
        "2007-04": {
            "month": "2007-04",
            "price": "21.40",
            "revenue": 134619
        },
        "2007-05": {
            "month": "2007-05",
            "price": "23.21",
            "revenue": 162168
        },
        "2007-06": {
            "month": "2007-06",
            "price": "25.50",
            "revenue": 133289
        },
        "2007-07": {
            "month": "2007-07",
            "price": "39.55",
            "revenue": 140635
        },
        "2007-08": {
            "month": "2007-08",
            "price": "36.45",
            "revenue": 136033
        },
        "2007-09": {
            "month": "2007-09",
            "price": "37.70",
            "revenue": 133415
        },
        "2007-10": {
            "month": "2007-10",
            "price": "34.37",
            "revenue": 144615
        },
        "2007-11": {
            "month": "2007-11",
            "price": "26.34",
            "revenue": 144803
        },
        "2007-12": {
            "month": "2007-12",
            "price": "25.28",
            "revenue": 140267
        },
        "2008-01": {
            "month": "2008-01",
            "price": "24.39",
            "revenue": 202386
        },
        "2008-02": {
            "month": "2008-02",
            "price": "26.25",
            "revenue": 112136
        },
        "2008-03": {
            "month": "2008-03",
            "price": "27.60",
            "revenue": 155045
        },
        "2008-04": {
            "month": "2008-04",
            "price": "30.17",
            "revenue": 152830
        },
        "2008-05": {
            "month": "2008-05",
            "price": "29.51",
            "revenue": 154715
        },
        "2008-06": {
            "month": "2008-06",
            "price": "24.66",
            "revenue": 151270
        },
        "2008-07": {
            "month": "2008-07",
            "price": "21.28",
            "revenue": 159978
        },
        "2008-08": {
            "month": "2008-08",
            "price": "21.54",
            "revenue": 165814
        },
        "2008-09": {
            "month": "2008-09",
            "price": "18.36",
            "revenue": 154860
        },
        "2008-10": {
            "month": "2008-10",
            "price": "17.07",
            "revenue": 176200
        },
        "2008-11": {
            "month": "2008-11",
            "price": "18.70",
            "revenue": 156890
        },
        "2008-12": {
            "month": "2008-12",
            "price": "19.27",
            "revenue": 158047
        },
        "2009-01": {
            "month": "2009-01",
            "price": "19.73",
            "revenue": 162511
        },
        "2009-02": {
            "month": "2009-02",
            "price": "19.56",
            "revenue": 140156
        },
        "2009-03": {
            "month": "2009-03",
            "price": "20.83",
            "revenue": 147118
        },
        "2009-04": {
            "month": "2009-04",
            "price": "26.12",
            "revenue": 176397
        },
        "2009-05": {
            "month": "2009-05",
            "price": "27.70",
            "revenue": 168695
        },
        "2009-06": {
            "month": "2009-06",
            "price": "26.02",
            "revenue": 160778
        },
        "2009-07": {
            "month": "2009-07",
            "price": "28.06",
            "revenue": 162383
        },
        "2009-08": {
            "month": "2009-08",
            "price": "29.23",
            "revenue": 143214
        },
        "2009-09": {
            "month": "2009-09",
            "price": "30.05",
            "revenue": 172391
        },
        "2009-10": {
            "month": "2009-10",
            "price": "29.25",
            "revenue": 169862
        },
        "2009-11": {
            "month": "2009-11",
            "price": "27.79",
            "revenue": 160070
        },
        "2009-12": {
            "month": "2009-12",
            "price": "28.17",
            "revenue": 165880
        },
        "2010-01": {
            "month": "2010-01",
            "price": "27.57",
            "revenue": 178825
        },
        "2010-02": {
            "month": "2010-02",
            "price": "24.96",
            "revenue": 136889
        },
        "2010-03": {
            "month": "2010-03",
            "price": "26.69",
            "revenue": 177971
        },
        "2010-04": {
            "month": "2010-04",
            "price": "27.69",
            "revenue": 169303
        },
        "2010-05": {
            "month": "2010-05",
            "price": "26.65",
            "revenue": 170579
        },
        "2010-06": {
            "month": "2010-06",
            "price": "27.03",
            "revenue": 180650
        },
        "2010-07": {
            "month": "2010-07",
            "price": "28.65",
            "revenue": 184634
        },
        "2010-08": {
            "month": "2010-08",
            "price": "29.05",
            "revenue": 180913
        },
        "2010-09": {
            "month": "2010-09",
            "price": "29.82",
            "revenue": 206490
        },
        "2010-10": {
            "month": "2010-10",
            "price": "35.29",
            "revenue": 158425
        },
        "2010-11": {
            "month": "2010-11",
            "price": "33.64",
            "revenue": 153644
        },
        "2010-12": {
            "month": "2010-12",
            "price": "33.58",
            "revenue": 164774
        },
        "2011-01": {
            "month": "2011-01",
            "price": "31.69",
            "revenue": 207277
        },
        "2011-02": {
            "month": "2011-02",
            "price": "30.83",
            "revenue": 130413
        },
        "2011-03": {
            "month": "2011-03",
            "price": "30.20",
            "revenue": 193861
        },
        "2011-04": {
            "month": "2011-04",
            "price": "31.51",
            "revenue": 158565
        },
        "2011-05": {
            "month": "2011-05",
            "price": "31.54",
            "revenue": 170234
        },
        "2011-06": {
            "month": "2011-06",
            "price": "29.26",
            "revenue": 170496
        },
        "2011-07": {
            "month": "2011-07",
            "price": "29.65",
            "revenue": 161526
        },
        "2011-08": {
            "month": "2011-08",
            "price": "26.96",
            "revenue": 164278
        },
        "2011-09": {
            "month": "2011-09",
            "price": "24.52",
            "revenue": 156595
        },
        "2011-10": {
            "month": "2011-10",
            "price": "23.77",
            "revenue": 185315
        },
        "2011-11": {
            "month": "2011-11",
            "price": "23.45",
            "revenue": 169280
        },
        "2011-12": {
            "month": "2011-12",
            "price": "22.62",
            "revenue": 218313
        },
        "2012-01": {
            "month": "2012-01",
            "price": "23.02",
            "revenue": 183699
        },
        "2012-02": {
            "month": "2012-02",
            "price": "25.30",
            "revenue": 155534
        },
        "2012-03": {
            "month": "2012-03",
            "price": "26.06",
            "revenue": 197380
        },
        "2012-04": {
            "month": "2012-04",
            "price": "23.83",
            "revenue": 193732
        },
        "2012-05": {
            "month": "2012-05",
            "price": "23.89",
            "revenue": 193610
        },
        "2012-06": {
            "month": "2012-06",
            "price": "23.58",
            "revenue": 159862
        },
        "2012-07": {
            "month": "2012-07",
            "price": "25.02",
            "revenue": 164471
        },
        "2012-08": {
            "month": "2012-08",
            "price": "25.35",
            "revenue": 186177
        },
        "2012-09": {
            "month": "2012-09",
            "price": "25.12",
            "revenue": 166405
        },
        "2012-10": {
            "month": "2012-10",
            "price": "26.02",
            "revenue": 204470
        },
        "2012-11": {
            "month": "2012-11",
            "price": "25.43",
            "revenue": 192755
        },
        "2012-12": {
            "month": "2012-12",
            "price": "26.82",
            "revenue": 200642
        },
        "2013-01": {
            "month": "2013-01",
            "price": "26.87",
            "revenue": 305317
        },
        "2013-02": {
            "month": "2013-02",
            "price": "27.20",
            "revenue": 222871
        },
        "2013-03": {
            "month": "2013-03",
            "price": "27.35",
            "revenue": 267575
        },
        "2013-04": {
            "month": "2013-04",
            "price": "28.25",
            "revenue": 263717
        },
        "2013-05": {
            "month": "2013-05",
            "price": "29.38",
            "revenue": 229854
        },
        "2013-06": {
            "month": "2013-06",
            "price": "32.92",
            "revenue": 252340
        },
        "2013-07": {
            "month": "2013-07",
            "price": "36.50",
            "revenue": 252450
        },
        "2013-08": {
            "month": "2013-08",
            "price": "37.99",
            "revenue": 237657
        },
        "2013-09": {
            "month": "2013-09",
            "price": "46.71",
            "revenue": 239156
        },
        "2013-10": {
            "month": "2013-10",
            "price": "49.76",
            "revenue": 271324
        },
        "2013-11": {
            "month": "2013-11",
            "price": "47.51",
            "revenue": 234510
        },
        "2013-12": {
            "month": "2013-12",
            "price": "45.21",
            "revenue": 264134
        },
        "2014-01": {
            "month": "2014-01",
            "price": "42.94",
            "revenue": 314706
        },
        "2014-02": {
            "month": "2014-02",
            "price": "44.73",
            "revenue": 212283
        },
        "2014-03": {
            "month": "2014-03",
            "price": "42.64",
            "revenue": 271159
        },
        "2014-04": {
            "month": "2014-04",
            "price": "40.46",
            "revenue": 274238
        },
        "2014-05": {
            "month": "2014-05",
            "price": "42.57",
            "revenue": 266466
        },
        "2014-06": {
            "month": "2014-06",
            "price": "44.04",
            "revenue": 272117
        },
        "2014-07": {
            "month": "2014-07",
            "price": "45.12",
            "revenue": 301631
        },
        "2014-08": {
            "month": "2014-08",
            "price": "39.91",
            "revenue": 235544
        },
        "2014-09": {
            "month": "2014-09",
            "price": "39.10",
            "revenue": 272134
        },
        "2014-10": {
            "month": "2014-10",
            "price": "38.60",
            "revenue": 280586
        },
        "2014-11": {
            "month": "2014-11",
            "price": "36.13",
            "revenue": 247469
        },
        "2014-12": {
            "month": "2014-12",
            "price": "37.24",
            "revenue": 347326
        },
        "2015-01": {
            "month": "2015-01",
            "price": "37.35",
            "revenue": 296162
        },
        "2015-02": {
            "month": "2015-02",
            "price": "37.57",
            "revenue": 238673
        },
        "2015-03": {
            "month": "2015-03",
            "price": "38.74",
            "revenue": 271746
        },
        "2015-04": {
            "month": "2015-04",
            "price": "38.04",
            "revenue": 252303
        },
        "2015-05": {
            "month": "2015-05",
            "price": "33.46",
            "revenue": 257210
        },
        "2015-06": {
            "month": "2015-06",
            "price": "31.42",
            "revenue": 274810
        },
        "2015-07": {
            "month": "2015-07",
            "price": "32.35",
            "revenue": 285230
        },
        "2015-08": {
            "month": "2015-08",
            "price": "28.16",
            "revenue": 255958
        },
        "2015-09": {
            "month": "2015-09",
            "price": "29.23",
            "revenue": 273037
        },
        "2015-10": {
            "month": "2015-10",
            "price": "32.44",
            "revenue": 304946
        },
        "2015-11": {
            "month": "2015-11",
            "price": "37.90",
            "revenue": 289459
        },
        "2015-12": {
            "month": "2015-12",
            "price": "38.93",
            "revenue": 321458
        },
        "2016-01": {
            "month": "2016-01",
            "price": "34.92",
            "revenue": 322068
        },
        "2016-02": {
            "month": "2016-02",
            "price": "35.26",
            "revenue": 232821
        },
        "2016-03": {
            "month": "2016-03",
            "price": "35.80",
            "revenue": 304120
        },
        "2016-04": {
            "month": "2016-04",
            "price": "34.09",
            "revenue": 320717
        },
        "2016-05": {
            "month": "2016-05",
            "price": "32.61",
            "revenue": 303836
        },
        "2016-06": {
            "month": "2016-06",
            "price": "33.25",
            "revenue": 315756
        },
        "2016-07": {
            "month": "2016-07",
            "price": "34.55",
            "revenue": 286606
        },
        "2016-08": {
            "month": "2016-08",
            "price": "32.44",
            "revenue": 303178
        },
        "2016-09": {
            "month": "2016-09",
            "price": "32.36",
            "revenue": 329764
        },
        "2016-10": {
            "month": "2016-10",
            "price": "32.78",
            "revenue": 277794
        },
        "2016-11": {
            "month": "2016-11",
            "price": "32.20",
            "revenue": 337440
        },
        "2016-12": {
            "month": "2016-12",
            "price": "32.42",
            "revenue": 349619
        },
        "2017-01": {
            "month": "2017-01",
            "price": "32.55",
            "revenue": 321536
        },
        "2017-02": {
            "month": "2017-02",
            "price": "33.35",
            "revenue": 271347
        },
        "2017-03": {
            "month": "2017-03",
            "price": "34.02",
            "revenue": 317849
        },
        "2017-04": {
            "month": "2017-04",
            "price": "33.04",
            "revenue": 291100
        },
        "2017-05": {
            "month": "2017-05",
            "price": "32.15",
            "revenue": 348550
        },
        "2017-06": {
            "month": "2017-06",
            "price": "33.12",
            "revenue": 337669
        },
        "2017-07": {
            "month": "2017-07",
            "price": "33.45",
            "revenue": 364276
        },
        "2017-08": {
            "month": "2017-08",
            "price": "32.32",
            "revenue": 336931
        },
        "2017-09": {
            "month": "2017-09",
            "price": "33.08",
            "revenue": 348285
        },
        "2017-10": {
            "month": "2017-10",
            "price": "32.59",
            "revenue": 332659
        },
        "2017-11": {
            "month": "2017-11",
            "price": "34.73",
            "revenue": 311889
        },
        "2017-12": {
            "month": "2017-12",
            "price": "36.93",
            "revenue": 266046
        },
        "2018-01": {
            "month": "2018-01",
            "price": "35.15",
            "revenue": 263442
        },
        "2018-02": {
            "month": "2018-02",
            "price": "33.28",
            "revenue": 216438
        },
        "2018-03": {
            "month": "2018-03",
            "price": "33.65",
            "revenue": 283329
        },
        "2018-04": {
            "month": "2018-04",
            "price": "34.79",
            "revenue": 254076
        },
        "2018-05": {
            "month": "2018-05",
            "price": "34.92",
            "revenue": 337761
        },
        "2018-06": {
            "month": "2018-06",
            "price": "34.44",
            "revenue": 311978
        },
        "2018-07": {
            "month": "2018-07",
            "price": "33.99",
            "revenue": 299154
        },
        "2018-08": {
            "month": "2018-08",
            "price": "32.22",
            "revenue": 295211
        },
        "2018-09": {
            "month": "2018-09",
            "price": "32.16",
            "revenue": 312356
        },
        "2018-10": {
            "month": "2018-10",
            "price": "30.88",
            "revenue": 352145
        },
        "2018-11": {
            "month": "2018-11",
            "price": "29.98",
            "revenue": 329133
        },
        "2018-12": {
            "month": "2018-12",
            "price": "31.10",
            "revenue": 318058
        },
        "2019-01": {
            "month": "2019-01",
            "price": "31.39",
            "revenue": 374705
        },
        "2019-02": {
            "month": "2019-02",
            "price": "32.36",
            "revenue": 214454
        },
        "2019-03": {
            "month": "2019-03",
            "price": "32.97",
            "revenue": 257017
        },
        "2019-04": {
            "month": "2019-04",
            "price": "33.13",
            "revenue": 321953
        },
        "2019-05": {
            "month": "2019-05",
            "price": "32.88",
            "revenue": 339639
        },
        "2019-06": {
            "month": "2019-06",
            "price": "33.03",
            "revenue": 349245
        },
        "2019-07": {
            "month": "2019-07",
            "price": "33.78",
            "revenue": 347840
        },
        "2019-08": {
            "month": "2019-08",
            "price": "31.56",
            "revenue": 331181
        },
        "2019-09": {
            "month": "2019-09",
            "price": "32.42",
            "revenue": 369659
        },
        "2019-10": {
            "month": "2019-10",
            "price": "32.60",
            "revenue": 353035
        },
        "2019-11": {
            "month": "2019-11",
            "price": "33.32",
            "revenue": 345724
        },
        "2019-12": {
            "month": "2019-12",
            "price": "33.69",
            "revenue": 332276
        },
        "2020-01": {
            "month": "2020-01",
            "price": "33.78",
            "revenue": 314869
        },
        "2020-02": {
            "month": "2020-02",
            "price": "33.86",
            "revenue": 326403
        },
        "2020-03": {
            "month": "2020-03",
            "price": "32.59",
            "revenue": 393137
        },
        "2020-04": {
            "month": "2020-04",
            "price": "36.24",
            "revenue": 370344
        },
        "2020-05": {
            "month": "2020-05",
            "price": "40.51",
            "revenue": 379591
        },
        "2020-06": {
            "month": "2020-06",
            "price": "43.12",
            "revenue": 358120
        },
        "2020-07": {
            "month": "2020-07",
            "price": "45.00",
            "revenue": 340386
        },
        "2020-08": {
            "month": "2020-08",
            "price": "41.28",
            "revenue": 345579
        },
        "2020-09": {
            "month": "2020-09",
            "price": "38.72",
            "revenue": 359392
        },
        "2020-10": {
            "month": "2020-10",
            "price": "37.87",
            "revenue": 370225
        },
        "2020-11": {
            "month": "2020-11",
            "price": "37.83",
            "revenue": 340793
        },
        "2020-12": {
            "month": "2020-12",
            "price": "37.73",
            "revenue": 412784
        },
        "2021-01": {
            "month": "2021-01",
            "price": "36.50",
            "revenue": 393236
        },
        "2021-02": {
            "month": "2021-02",
            "price": "36.21",
            "revenue": 312910
        },
        "2021-03": {
            "month": "2021-03",
            "price": "37.89",
            "revenue": 394959
        },
        "2021-04": {
            "month": "2021-04",
            "price": "39.54",
            "revenue": 390132
        },
        "2021-05": {
            "month": "2021-05",
            "price": "39.28",
            "revenue": 443535
        },
        "2021-06": {
            "month": "2021-06",
            "price": "39.30",
            "revenue": 315438
        },
        "2021-07": {
            "month": "2021-07",
            "price": "39.96",
            "revenue": 358516
        },
        "2021-08": {
            "month": "2021-08",
            "price": "37.85",
            "revenue": 379426
        },
        "2021-09": {
            "month": "2021-09",
            "price": "38.10",
            "revenue": 382901
        },
        "2021-10": {
            "month": "2021-10",
            "price": "37.92",
            "revenue": 359643
        },
        "2021-11": {
            "month": "2021-11",
            "price": "39.54",
            "revenue": 393206
        },
        "2021-12": {
            "month": "2021-12",
            "price": "41.58",
            "revenue": 480171
        },
        "2022-01": {
            "month": "2022-01",
            "price": "42.75",
            "revenue": 480929
        },
        "2022-02": {
            "month": "2022-02",
            "price": "43.01",
            "revenue": 322740
        },
        "2022-03": {
            "month": "2022-03",
            "price": "43.27",
            "revenue": 433700
        },
        "2022-04": {
            "month": "2022-04",
            "price": "43.74",
            "revenue": 430810
        },
        "2022-05": {
            "month": "2022-05",
            "price": "43.17",
            "revenue": 505470
        },
        "2022-06": {
            "month": "2022-06",
            "price": "43.93",
            "revenue": 545007
        },
        "2022-07": {
            "month": "2022-07",
            "price": "45.87",
            "revenue": 462839
        },
        "2022-08": {
            "month": "2022-08",
            "price": "47.08",
            "revenue": 509036
        },
        "2022-09": {
            "month": "2022-09",
            "price": "47.15",
            "revenue": 577234
        },
        "2022-10": {
            "month": "2022-10",
            "price": "44.64",
            "revenue": 523622
        },
        "2022-11": {
            "month": "2022-11",
            "price": "46.20",
            "revenue": 537613
        },
        "2022-12": {
            "month": "2022-12",
            "price": "56.41",
            "revenue": 522557
        },
        "2023-01": {
            "month": "2023-01",
            "price": "56.53",
            "revenue": 493507
        },
        "2023-02": {
            "month": "2023-02",
            "price": "57.74",
            "revenue": 454878
        },
        "2023-03": {
            "month": "2023-03",
            "price": "57.00",
            "revenue": 544635
        },
        "2023-04": {
            "month": "2023-04",
            "price": "63.57",
            "revenue": 495723
        },
        "2023-05": {
            "month": "2023-05",
            "price": "70.94",
            "revenue": 516803
        }
    }
}
