{
    "summary": {
        "stock_name": "三晃",
        "stock_id": "1721",
        "category": "化工",
        "main_business": "其他化學製品製造.<br>合成樹脂及塑膠製造.<br>農藥製造.",
        "website_url": "http://www.sunko.com.tw",
        "ceo": "張俊彬",
        "pe_ratio": -11,
        "report_year_from": 2001,
        "report_year_to": 2023,
        "age": 23,
        "eps_negative_percentage": 43,
        "eps_growth_avg": {
            "last_all": -16.26,
            "last_2y": -100,
            "last_4y": -100,
            "last_8y": -39.31,
            "last_12y": -10.58,
            "last_16y": -10.58,
            "last_20y": -16.26,
            "at_2006_last_3y": -33.33,
            "at_2007_last_3y": 0,
            "at_2008_last_3y": 0,
            "at_2009_last_3y": -100,
            "at_2010_last_3y": null,
            "at_2011_last_3y": null,
            "at_2012_last_3y": null,
            "at_2013_last_3y": 100,
            "at_2014_last_3y": 90,
            "at_2015_last_3y": 93.33,
            "at_2016_last_3y": 89.29,
            "at_2017_last_3y": 45.74,
            "at_2018_last_3y": 6.21,
            "at_2019_last_3y": -43.79,
            "at_2020_last_3y": -84.11,
            "at_2021_last_3y": -92.71,
            "at_2022_last_3y": -100,
            "at_2023_last_3y": -100,
            "at_2024_last_3y": -100,
            "at_2006_last_all": -33.33,
            "at_2007_last_all": -33.33,
            "at_2008_last_all": -33.33,
            "at_2009_last_all": -33.33,
            "at_2010_last_all": -33.33,
            "at_2011_last_all": -33.33,
            "at_2012_last_all": -33.33,
            "at_2013_last_all": 0,
            "at_2014_last_all": 16,
            "at_2015_last_all": 30,
            "at_2016_last_all": 36.73,
            "at_2017_last_all": 22.87,
            "at_2018_last_all": 11.65,
            "at_2019_last_all": 0.48,
            "at_2020_last_all": 0.48,
            "at_2021_last_all": -8.65,
            "at_2022_last_all": -8.65,
            "at_2023_last_all": -16.26,
            "at_2024_last_all": -16.26
        },
        "latest_eps": -1.28,
        "latest_price": 14.35,
        "latest_roe": -10.32,
        "latest_gross_margin": -7.89,
        "latest_equity": 2167132,
        "latest_revenue": 522521,
        "latest_gross_profit": -41238,
        "latest_net_income": -77469,
        "latest_debt_ratio": 41.59,
        "latest_current_ratio": 210.82,
        "latest_account_receivable_turnover_ratio": 1.21,
        "latest_inventory_turnover_ratio": 0.59,
        "latest_reinvestment_rate": -86.13,
        "latest_research_to_sale_ratio": 2.23
    },
    "eps_dividends": {
        "1995": {
            "cash": 0,
            "stock": 1,
            "eps": 0
        },
        "1998": {
            "cash": 0,
            "stock": 3.5,
            "eps": 0
        },
        "2001": {
            "cash": 0,
            "stock": 0,
            "eps": -0.23
        },
        "2002": {
            "cash": 0,
            "stock": 0,
            "eps": 0.08
        },
        "2003": {
            "cash": 0,
            "stock": 0,
            "eps": -1.93
        },
        "2004": {
            "cash": 0,
            "stock": 0,
            "eps": 0.01
        },
        "2005": {
            "cash": 0,
            "stock": 0,
            "eps": 0.02
        },
        "2006": {
            "cash": 0,
            "stock": 0,
            "eps": -0.67
        },
        "2007": {
            "cash": 0,
            "stock": 0,
            "eps": 0
        },
        "2008": {
            "cash": 0,
            "stock": 0,
            "eps": -0.6
        },
        "2009": {
            "cash": 0,
            "stock": 0,
            "eps": -0.72
        },
        "2010": {
            "cash": 0,
            "stock": 0,
            "eps": -0.15
        },
        "2011": {
            "cash": 0,
            "stock": 0,
            "eps": -0.48
        },
        "2012": {
            "cash": 0,
            "stock": 0,
            "eps": 0.02
        },
        "2013": {
            "cash": 0,
            "stock": 0,
            "eps": 0.05
        },
        "2014": {
            "cash": 0,
            "stock": 0,
            "eps": 0.09
        },
        "2015": {
            "cash": 0,
            "stock": 0,
            "eps": 0.7
        },
        "2016": {
            "cash": 0,
            "stock": 0,
            "eps": 1.24
        },
        "2017": {
            "cash": 0.7,
            "stock": 0,
            "eps": 0.32
        },
        "2018": {
            "cash": 0.2,
            "stock": 0,
            "eps": 0.07
        },
        "2019": {
            "cash": 0,
            "stock": 0,
            "eps": -0.03
        },
        "2020": {
            "cash": 0,
            "stock": 0,
            "eps": 2.38
        },
        "2021": {
            "cash": 0.5,
            "stock": 0,
            "eps": -0.38
        },
        "2022": {
            "cash": 0,
            "stock": 0,
            "eps": 0.33
        },
        "2023": {
            "cash": 0.1,
            "stock": 0,
            "eps": -1.15
        }
    },
    "dividends": {
        "1995-06-10": {
            "cash": 0,
            "stock": 1
        },
        "1998-05-29": {
            "cash": 0,
            "stock": 3.5
        },
        "2017-08-14": {
            "cash": 0.7,
            "stock": 0
        },
        "2018-08-14": {
            "cash": 0.2,
            "stock": 0
        },
        "2021-08-27": {
            "cash": 0.5,
            "stock": 0
        },
        "2023-08-25": {
            "cash": 0.1,
            "stock": 0
        }
    },
    "prices": {
        "200101": "3.47",
        "200102": "4.39",
        "200103": "4.07",
        "200104": "3.63",
        "200105": "3.02",
        "200106": "2.92",
        "200107": "2.50",
        "200108": "2.88",
        "200109": "2.76",
        "200110": "2.42",
        "200111": "2.38",
        "200112": "2.81",
        "200201": "3.02",
        "200202": "3.63",
        "200203": "4.38",
        "200204": "5.91",
        "200205": "5.96",
        "200206": "6.34",
        "200207": "8.28",
        "200208": "7.55",
        "200209": "5.47",
        "200210": "4.88",
        "200211": "5.64",
        "200212": "5.39",
        "200301": "5.70",
        "200302": "6.29",
        "200303": "5.39",
        "200304": "5.50",
        "200305": "4.64",
        "200306": "4.97",
        "200307": "5.01",
        "200308": "4.78",
        "200309": "4.44",
        "200310": "4.46",
        "200311": "4.30",
        "200312": "4.15",
        "200401": "4.75",
        "200402": "8.18",
        "200403": "8.40",
        "200404": "8.08",
        "200405": "8.07",
        "200406": "8.32",
        "200407": "7.09",
        "200408": "6.68",
        "200409": "7.20",
        "200410": "7.01",
        "200411": "5.94",
        "200412": "5.90",
        "200501": "6.96",
        "200502": "6.77",
        "200503": "6.72",
        "200504": "6.58",
        "200505": "5.74",
        "200506": "6.17",
        "200507": "5.89",
        "200508": "5.63",
        "200509": "5.52",
        "200510": "5.12",
        "200511": "4.82",
        "200512": "4.67",
        "200601": "4.78",
        "200602": "4.86",
        "200603": "6.59",
        "200604": "6.48",
        "200605": "6.39",
        "200606": "6.10",
        "200607": "5.72",
        "200608": "5.66",
        "200609": "5.46",
        "200610": "5.52",
        "200611": "5.34",
        "200612": "6.34",
        "200701": "6.88",
        "200702": "6.65",
        "200703": "7.05",
        "200704": "8.08",
        "200705": "8.58",
        "200706": "9.06",
        "200707": "19.52",
        "200708": "15.54",
        "200709": "16.72",
        "200710": "16.81",
        "200711": "12.96",
        "200712": "11.23",
        "200801": "10.02",
        "200802": "11.39",
        "200803": "13.81",
        "200804": "14.74",
        "200805": "15.07",
        "200806": "12.22",
        "200807": "9.75",
        "200808": "9.41",
        "200809": "6.67",
        "200810": "6.18",
        "200811": "6.60",
        "200812": "6.01",
        "200901": "5.82",
        "200902": "5.31",
        "200903": "6.28",
        "200904": "8.29",
        "200905": "7.07",
        "200906": "6.24",
        "200907": "6.42",
        "200908": "6.59",
        "200909": "6.49",
        "200910": "6.73",
        "200911": "6.69",
        "200912": "11.73",
        "201001": "16.15",
        "201002": "14.83",
        "201003": "16.23",
        "201004": "17.71",
        "201005": "15.15",
        "201006": "14.10",
        "201007": "14.46",
        "201008": "14.55",
        "201009": "13.66",
        "201010": "13.63",
        "201011": "11.35",
        "201012": "11.34",
        "201101": "11.18",
        "201102": "10.66",
        "201103": "10.44",
        "201104": "10.71",
        "201105": "11.39",
        "201106": "10.99",
        "201107": "9.89",
        "201108": "8.86",
        "201109": "8.20",
        "201110": "8.07",
        "201111": "7.93",
        "201112": "7.39",
        "201201": "6.92",
        "201202": "8.29",
        "201203": "8.24",
        "201204": "7.26",
        "201205": "7.94",
        "201206": "7.16",
        "201207": "7.06",
        "201208": "7.10",
        "201209": "7.47",
        "201210": "7.40",
        "201211": "7.18",
        "201212": "7.93",
        "201301": "8.10",
        "201302": "8.08",
        "201303": "8.36",
        "201304": "7.97",
        "201305": "8.16",
        "201306": "8.06",
        "201307": "7.96",
        "201308": "8.05",
        "201309": "8.05",
        "201310": "9.14",
        "201311": "8.53",
        "201312": "8.36",
        "201401": "8.61",
        "201402": "9.27",
        "201403": "10.79",
        "201404": "10.88",
        "201405": "9.95",
        "201406": "10.88",
        "201407": "12.22",
        "201408": "11.55",
        "201409": "11.72",
        "201410": "11.06",
        "201411": "10.23",
        "201412": "9.97",
        "201501": "10.73",
        "201502": "11.38",
        "201503": "11.39",
        "201504": "11.46",
        "201505": "11.60",
        "201506": "10.59",
        "201507": "10.58",
        "201508": "10.17",
        "201509": "9.97",
        "201510": "10.82",
        "201511": "11.33",
        "201512": "12.58",
        "201601": "11.55",
        "201602": "11.94",
        "201603": "13.37",
        "201604": "12.73",
        "201605": "13.51",
        "201606": "15.70",
        "201607": "16.11",
        "201608": "15.46",
        "201609": "15.38",
        "201610": "15.87",
        "201611": "15.31",
        "201612": "15.02",
        "201701": "15.00",
        "201702": "15.69",
        "201703": "15.79",
        "201704": "15.48",
        "201705": "14.76",
        "201706": "14.32",
        "201707": "13.95",
        "201708": "13.37",
        "201709": "13.04",
        "201710": "12.91",
        "201711": "12.91",
        "201712": "13.35",
        "201801": "13.62",
        "201802": "12.67",
        "201803": "12.55",
        "201804": "12.33",
        "201805": "11.23",
        "201806": "10.89",
        "201807": "10.19",
        "201808": "9.97",
        "201809": "10.08",
        "201810": "9.53",
        "201811": "9.29",
        "201812": "10.19",
        "201901": "9.95",
        "201902": "9.81",
        "201903": "9.73",
        "201904": "9.38",
        "201905": "9.24",
        "201906": "9.18",
        "201907": "9.26",
        "201908": "9.00",
        "201909": "8.89",
        "201910": "8.74",
        "201911": "8.75",
        "201912": "8.78",
        "202001": "9.77",
        "202002": "10.57",
        "202003": "9.42",
        "202004": "9.43",
        "202005": "10.01",
        "202006": "9.80",
        "202007": "10.08",
        "202008": "10.54",
        "202009": "10.54",
        "202010": "10.07",
        "202011": "10.22",
        "202012": "11.17",
        "202101": "10.23",
        "202102": "10.54",
        "202103": "10.46",
        "202104": "11.31",
        "202105": "10.37",
        "202106": "9.92",
        "202107": "10.02",
        "202108": "9.34",
        "202109": "9.68",
        "202110": "14.52",
        "202111": "22.60",
        "202112": "27.88",
        "202201": "24.81",
        "202202": "22.74",
        "202203": "21.85",
        "202204": "21.87",
        "202205": "19.35",
        "202206": "18.78",
        "202207": "15.87",
        "202208": "16.59",
        "202209": "15.84",
        "202210": "13.54",
        "202211": "14.01",
        "202212": "15.52",
        "202301": "14.90",
        "202302": "15.22",
        "202303": "14.47",
        "202304": "15.14",
        "202305": "16.09",
        "202306": "15.86",
        "202307": "14.73",
        "202308": "13.59",
        "202309": "13.32",
        "202310": "14.80",
        "202311": "16.98",
        "202312": "15.60"
    },
    "quarters": {
        "20011": {
            "year_quarter": 20011,
            "year": 2001,
            "quarter": 1,
            "eps": -0.01,
            "eps_growth_year": -103.85,
            "eps_4q": -0.28,
            "eps_4q_growth_year": null,
            "roe": -0.15,
            "roe_4q": -0.15,
            "gross_profit": 14570,
            "gross_margin": 7.91,
            "gross_margin_4q_avg": 7.91,
            "net_income": -1148,
            "net_income_4q": null,
            "revenue": 184283,
            "revenue_4q": null,
            "common_shares": 959345,
            "book_valuer_per_share": 7.99,
            "book_valuer_per_share_4q_avg": 7.99,
            "equity": 766164,
            "current_ratio": 104.42,
            "debt_ratio": 38.72,
            "inventory_turnover_ratio": 1.13,
            "account_receivable_turnover_ratio": null,
            "reinvestment_rate": null,
            "research_to_sale_ratio": null,
            "price_fair": 0,
            "eps_avg_yearly": 0,
            "eps_latest_yearly": 0,
            "eps_growth_yearly": 0
        },
        "20012": {
            "year_quarter": 20012,
            "year": 2001,
            "quarter": 2,
            "eps": -0.25,
            "eps_growth_year": null,
            "eps_4q": -0.41,
            "eps_4q_growth_year": null,
            "roe": -3.1,
            "roe_4q": -3.25,
            "gross_profit": 22648,
            "gross_margin": 11.22,
            "gross_margin_4q_avg": 9.57,
            "net_income": -23914,
            "net_income_4q": null,
            "revenue": 201940,
            "revenue_4q": null,
            "common_shares": 959345,
            "book_valuer_per_share": 8.11,
            "book_valuer_per_share_4q_avg": 8.05,
            "equity": 777854,
            "current_ratio": 100.14,
            "debt_ratio": 41.84,
            "inventory_turnover_ratio": 1.18,
            "account_receivable_turnover_ratio": null,
            "reinvestment_rate": null,
            "research_to_sale_ratio": null,
            "price_fair": 0,
            "eps_avg_yearly": 0,
            "eps_latest_yearly": 0,
            "eps_growth_yearly": 0
        },
        "20013": {
            "year_quarter": 20013,
            "year": 2001,
            "quarter": 3,
            "eps": -0.05,
            "eps_growth_year": null,
            "eps_4q": -0.38,
            "eps_4q_growth_year": null,
            "roe": -0.62,
            "roe_4q": -3.87,
            "gross_profit": 21018,
            "gross_margin": 10.92,
            "gross_margin_4q_avg": 10.02,
            "net_income": -4773,
            "net_income_4q": null,
            "revenue": 192461,
            "revenue_4q": null,
            "common_shares": 959345,
            "book_valuer_per_share": 8.06,
            "book_valuer_per_share_4q_avg": 8.05,
            "equity": 773080,
            "current_ratio": 100.87,
            "debt_ratio": 38.1,
            "inventory_turnover_ratio": 1.12,
            "account_receivable_turnover_ratio": null,
            "reinvestment_rate": null,
            "research_to_sale_ratio": null,
            "price_fair": 0,
            "eps_avg_yearly": 0,
            "eps_latest_yearly": 0,
            "eps_growth_yearly": 0
        },
        "20014": {
            "year_quarter": 20014,
            "year": 2001,
            "quarter": 4,
            "eps": 0.08,
            "eps_growth_year": null,
            "eps_4q": -0.23,
            "eps_4q_growth_year": null,
            "roe": 0.99,
            "roe_4q": -2.88,
            "gross_profit": 27705,
            "gross_margin": 13.13,
            "gross_margin_4q_avg": 10.8,
            "net_income": 7681,
            "net_income_4q": null,
            "revenue": 211011,
            "revenue_4q": null,
            "common_shares": 959345,
            "book_valuer_per_share": 8.14,
            "book_valuer_per_share_4q_avg": 8.08,
            "equity": 780762,
            "current_ratio": 104.69,
            "debt_ratio": 38.35,
            "inventory_turnover_ratio": 1.37,
            "account_receivable_turnover_ratio": null,
            "reinvestment_rate": null,
            "research_to_sale_ratio": null,
            "price_fair": 0,
            "eps_avg_yearly": 0,
            "eps_latest_yearly": 0,
            "eps_growth_yearly": 0
        },
        "20021": {
            "year_quarter": 20021,
            "year": 2002,
            "quarter": 1,
            "eps": 0.24,
            "eps_growth_year": null,
            "eps_4q": 0.02,
            "eps_4q_growth_year": null,
            "roe": 2.91,
            "roe_4q": 0.18000000000000016,
            "gross_profit": 38559,
            "gross_margin": 19.31,
            "gross_margin_4q_avg": 13.65,
            "net_income": 22947,
            "net_income_4q": null,
            "revenue": 199659,
            "revenue_4q": null,
            "common_shares": 959345,
            "book_valuer_per_share": 8.29,
            "book_valuer_per_share_4q_avg": 8.15,
            "equity": 795578,
            "current_ratio": 112.69,
            "debt_ratio": 36.95,
            "inventory_turnover_ratio": 1.22,
            "account_receivable_turnover_ratio": null,
            "reinvestment_rate": null,
            "research_to_sale_ratio": null,
            "price_fair": 33.6,
            "eps_avg_yearly": 0.96,
            "eps_latest_yearly": 0.96,
            "eps_growth_yearly": 800
        },
        "20022": {
            "year_quarter": 20022,
            "year": 2002,
            "quarter": 2,
            "eps": 0.15,
            "eps_growth_year": null,
            "eps_4q": 0.43,
            "eps_4q_growth_year": null,
            "roe": 1.76,
            "roe_4q": 5.04,
            "gross_profit": 37880,
            "gross_margin": 17.27,
            "gross_margin_4q_avg": 15.16,
            "net_income": 14091,
            "net_income_4q": null,
            "revenue": 219284,
            "revenue_4q": null,
            "common_shares": 959345,
            "book_valuer_per_share": 8.44,
            "book_valuer_per_share_4q_avg": 8.23,
            "equity": 809669,
            "current_ratio": 123.63,
            "debt_ratio": 36.59,
            "inventory_turnover_ratio": 1.28,
            "account_receivable_turnover_ratio": null,
            "reinvestment_rate": null,
            "research_to_sale_ratio": null,
            "price_fair": 27.3,
            "eps_avg_yearly": 0.78,
            "eps_latest_yearly": 0.6,
            "eps_growth_yearly": 325
        },
        "20023": {
            "year_quarter": 20023,
            "year": 2002,
            "quarter": 3,
            "eps": -0.12,
            "eps_growth_year": null,
            "eps_4q": 0.35,
            "eps_4q_growth_year": null,
            "roe": -1.39,
            "roe_4q": 4.2700000000000005,
            "gross_profit": 19955,
            "gross_margin": 10.44,
            "gross_margin_4q_avg": 15.04,
            "net_income": -11181,
            "net_income_4q": null,
            "revenue": 191071,
            "revenue_4q": null,
            "common_shares": 959345,
            "book_valuer_per_share": 8.32,
            "book_valuer_per_share_4q_avg": 8.3,
            "equity": 798488,
            "current_ratio": 123.77,
            "debt_ratio": 36.64,
            "inventory_turnover_ratio": 1.15,
            "account_receivable_turnover_ratio": null,
            "reinvestment_rate": null,
            "research_to_sale_ratio": null,
            "price_fair": 27.3,
            "eps_avg_yearly": 0.78,
            "eps_latest_yearly": 0.6,
            "eps_growth_yearly": 325
        },
        "20024": {
            "year_quarter": 20024,
            "year": 2002,
            "quarter": 4,
            "eps": -0.19,
            "eps_growth_year": -337.5,
            "eps_4q": 0.08,
            "eps_4q_growth_year": null,
            "roe": -2.34,
            "roe_4q": 0.9400000000000006,
            "gross_profit": 18515,
            "gross_margin": 8.91,
            "gross_margin_4q_avg": 13.98,
            "net_income": -18472,
            "net_income_4q": null,
            "revenue": 207783,
            "revenue_4q": null,
            "common_shares": 959345,
            "book_valuer_per_share": 8.13,
            "book_valuer_per_share_4q_avg": 8.3,
            "equity": 780016,
            "current_ratio": 121.46,
            "debt_ratio": 36.84,
            "inventory_turnover_ratio": 1.27,
            "account_receivable_turnover_ratio": null,
            "reinvestment_rate": null,
            "research_to_sale_ratio": null,
            "price_fair": 27.3,
            "eps_avg_yearly": 0.78,
            "eps_latest_yearly": 0.6,
            "eps_growth_yearly": 325
        },
        "20031": {
            "year_quarter": 20031,
            "year": 2003,
            "quarter": 1,
            "eps": -0.1,
            "eps_growth_year": -141.67,
            "eps_4q": -0.27,
            "eps_4q_growth_year": -1428.26,
            "roe": -1.18,
            "roe_4q": -3.1499999999999995,
            "gross_profit": 16655,
            "gross_margin": 8.49,
            "gross_margin_4q_avg": 11.28,
            "net_income": -9173,
            "net_income_4q": null,
            "revenue": 196238,
            "revenue_4q": null,
            "common_shares": 959345,
            "book_valuer_per_share": 8.04,
            "book_valuer_per_share_4q_avg": 8.23,
            "equity": 770843,
            "current_ratio": 127.22,
            "debt_ratio": 36.04,
            "inventory_turnover_ratio": 1.19,
            "account_receivable_turnover_ratio": null,
            "reinvestment_rate": null,
            "research_to_sale_ratio": null,
            "price_fair": 27.3,
            "eps_avg_yearly": 0.78,
            "eps_latest_yearly": 0.6,
            "eps_growth_yearly": 325
        },
        "20032": {
            "year_quarter": 20032,
            "year": 2003,
            "quarter": 2,
            "eps": -0.14,
            "eps_growth_year": -193.33,
            "eps_4q": -0.55,
            "eps_4q_growth_year": -228.78,
            "roe": -1.79,
            "roe_4q": -6.699999999999999,
            "gross_profit": 12058,
            "gross_margin": 6.75,
            "gross_margin_4q_avg": 8.65,
            "net_income": -13709,
            "net_income_4q": null,
            "revenue": 178614,
            "revenue_4q": null,
            "common_shares": 959345,
            "book_valuer_per_share": 7.89,
            "book_valuer_per_share_4q_avg": 8.1,
            "equity": 757134,
            "current_ratio": 124.16,
            "debt_ratio": 38.05,
            "inventory_turnover_ratio": 1.07,
            "account_receivable_turnover_ratio": null,
            "reinvestment_rate": null,
            "research_to_sale_ratio": null,
            "price_fair": 27.3,
            "eps_avg_yearly": 0.78,
            "eps_latest_yearly": 0.6,
            "eps_growth_yearly": 325
        },
        "20033": {
            "year_quarter": 20033,
            "year": 2003,
            "quarter": 3,
            "eps": -1.7,
            "eps_growth_year": null,
            "eps_4q": -2.13,
            "eps_4q_growth_year": -708.53,
            "roe": -24.08,
            "roe_4q": -29.389999999999997,
            "gross_profit": 10506,
            "gross_margin": 4.97,
            "gross_margin_4q_avg": 7.28,
            "net_income": -162734,
            "net_income_4q": null,
            "revenue": 211506,
            "revenue_4q": null,
            "common_shares": 959345,
            "book_valuer_per_share": 6.2,
            "book_valuer_per_share_4q_avg": 7.57,
            "equity": 594400,
            "current_ratio": 125.5,
            "debt_ratio": 43.08,
            "inventory_turnover_ratio": 1.41,
            "account_receivable_turnover_ratio": null,
            "reinvestment_rate": null,
            "research_to_sale_ratio": null,
            "price_fair": 27.3,
            "eps_avg_yearly": 0.78,
            "eps_latest_yearly": 0.6,
            "eps_growth_yearly": 325
        },
        "20034": {
            "year_quarter": 20034,
            "year": 2003,
            "quarter": 4,
            "eps": 0.01,
            "eps_growth_year": null,
            "eps_4q": -1.92,
            "eps_4q_growth_year": -2500,
            "roe": 0.24,
            "roe_4q": -26.81,
            "gross_profit": 22780,
            "gross_margin": 9.07,
            "gross_margin_4q_avg": 7.32,
            "net_income": 1430,
            "net_income_4q": null,
            "revenue": 251110,
            "revenue_4q": null,
            "common_shares": 959345,
            "book_valuer_per_share": 6.21,
            "book_valuer_per_share_4q_avg": 7.09,
            "equity": 595830,
            "current_ratio": 113.9,
            "debt_ratio": 46.23,
            "inventory_turnover_ratio": 1.72,
            "account_receivable_turnover_ratio": null,
            "reinvestment_rate": null,
            "research_to_sale_ratio": null,
            "price_fair": 27.3,
            "eps_avg_yearly": 0.78,
            "eps_latest_yearly": 0.6,
            "eps_growth_yearly": 325
        },
        "20041": {
            "year_quarter": 20041,
            "year": 2004,
            "quarter": 1,
            "eps": 0.21,
            "eps_growth_year": null,
            "eps_4q": -1.59,
            "eps_4q_growth_year": null,
            "roe": 3.34,
            "roe_4q": -22.29,
            "gross_profit": 23175,
            "gross_margin": 9.44,
            "gross_margin_4q_avg": 7.56,
            "net_income": 20403,
            "net_income_4q": null,
            "revenue": 245460,
            "revenue_4q": null,
            "common_shares": 959345,
            "book_valuer_per_share": 6.51,
            "book_valuer_per_share_4q_avg": 6.7,
            "equity": 624364,
            "current_ratio": 117.12,
            "debt_ratio": 43.55,
            "inventory_turnover_ratio": 1.57,
            "account_receivable_turnover_ratio": null,
            "reinvestment_rate": null,
            "research_to_sale_ratio": null,
            "price_fair": 28,
            "eps_avg_yearly": 0.8,
            "eps_latest_yearly": 0.84,
            "eps_growth_yearly": 2883.33
        },
        "20042": {
            "year_quarter": 20042,
            "year": 2004,
            "quarter": 2,
            "eps": -0.17,
            "eps_growth_year": null,
            "eps_4q": -1.64,
            "eps_4q_growth_year": null,
            "roe": -2.64,
            "roe_4q": -23.139999999999997,
            "gross_profit": 13195,
            "gross_margin": 5.42,
            "gross_margin_4q_avg": 7.23,
            "net_income": -16455,
            "net_income_4q": null,
            "revenue": 243578,
            "revenue_4q": null,
            "common_shares": 959345,
            "book_valuer_per_share": 6.5,
            "book_valuer_per_share_4q_avg": 6.36,
            "equity": 623536,
            "current_ratio": 113.16,
            "debt_ratio": 45.02,
            "inventory_turnover_ratio": 1.57,
            "account_receivable_turnover_ratio": null,
            "reinvestment_rate": null,
            "research_to_sale_ratio": null,
            "price_fair": 28,
            "eps_avg_yearly": 0.8,
            "eps_latest_yearly": 0.84,
            "eps_growth_yearly": 2883.33
        },
        "20043": {
            "year_quarter": 20043,
            "year": 2004,
            "quarter": 3,
            "eps": -0.07,
            "eps_growth_year": null,
            "eps_4q": -0.02,
            "eps_4q_growth_year": null,
            "roe": -1.11,
            "roe_4q": -0.17000000000000015,
            "gross_profit": 14582,
            "gross_margin": 6.4,
            "gross_margin_4q_avg": 7.58,
            "net_income": -6887,
            "net_income_4q": null,
            "revenue": 227801,
            "revenue_4q": null,
            "common_shares": 959345,
            "book_valuer_per_share": 6.43,
            "book_valuer_per_share_4q_avg": 6.41,
            "equity": 616648,
            "current_ratio": 117.68,
            "debt_ratio": 45.85,
            "inventory_turnover_ratio": 1.38,
            "account_receivable_turnover_ratio": null,
            "reinvestment_rate": null,
            "research_to_sale_ratio": null,
            "price_fair": 28,
            "eps_avg_yearly": 0.8,
            "eps_latest_yearly": 0.84,
            "eps_growth_yearly": 2883.33
        },
        "20044": {
            "year_quarter": 20044,
            "year": 2004,
            "quarter": 4,
            "eps": 0.04,
            "eps_growth_year": 300,
            "eps_4q": 0.01,
            "eps_4q_growth_year": null,
            "roe": 0.63,
            "roe_4q": 0.21999999999999975,
            "gross_profit": 12402,
            "gross_margin": 5.45,
            "gross_margin_4q_avg": 6.68,
            "net_income": 3883,
            "net_income_4q": null,
            "revenue": 227587,
            "revenue_4q": null,
            "common_shares": 959345,
            "book_valuer_per_share": 6.44,
            "book_valuer_per_share_4q_avg": 6.47,
            "equity": 618256,
            "current_ratio": 103.64,
            "debt_ratio": 50.43,
            "inventory_turnover_ratio": 1.25,
            "account_receivable_turnover_ratio": null,
            "reinvestment_rate": null,
            "research_to_sale_ratio": null,
            "price_fair": 28,
            "eps_avg_yearly": 0.8,
            "eps_latest_yearly": 0.84,
            "eps_growth_yearly": 2883.33
        },
        "20051": {
            "year_quarter": 20051,
            "year": 2005,
            "quarter": 1,
            "eps": -0.25,
            "eps_growth_year": -219.05,
            "eps_4q": -0.45,
            "eps_4q_growth_year": null,
            "roe": -3.92,
            "roe_4q": -7.040000000000001,
            "gross_profit": 12987,
            "gross_margin": 6.1,
            "gross_margin_4q_avg": 5.84,
            "net_income": -24166,
            "net_income_4q": null,
            "revenue": 212838,
            "revenue_4q": null,
            "common_shares": 959345,
            "book_valuer_per_share": 6.39,
            "book_valuer_per_share_4q_avg": 6.44,
            "equity": 613302,
            "current_ratio": 102.06,
            "debt_ratio": 50.78,
            "inventory_turnover_ratio": 0.99,
            "account_receivable_turnover_ratio": null,
            "reinvestment_rate": null,
            "research_to_sale_ratio": null,
            "price_fair": 28,
            "eps_avg_yearly": 0.8,
            "eps_latest_yearly": 0.84,
            "eps_growth_yearly": 2883.33
        },
        "20052": {
            "year_quarter": 20052,
            "year": 2005,
            "quarter": 2,
            "eps": 0.33,
            "eps_growth_year": null,
            "eps_4q": 0.05,
            "eps_4q_growth_year": null,
            "roe": 5.03,
            "roe_4q": 0.6300000000000001,
            "gross_profit": 19346,
            "gross_margin": 8.19,
            "gross_margin_4q_avg": 6.54,
            "net_income": 31671,
            "net_income_4q": null,
            "revenue": 236102,
            "revenue_4q": null,
            "common_shares": 959345,
            "book_valuer_per_share": 6.73,
            "book_valuer_per_share_4q_avg": 6.5,
            "equity": 645200,
            "current_ratio": 106.02,
            "debt_ratio": 50.15,
            "inventory_turnover_ratio": 0.96,
            "account_receivable_turnover_ratio": null,
            "reinvestment_rate": null,
            "research_to_sale_ratio": null,
            "price_fair": 28,
            "eps_avg_yearly": 0.8,
            "eps_latest_yearly": 0.84,
            "eps_growth_yearly": 2883.33
        },
        "20053": {
            "year_quarter": 20053,
            "year": 2005,
            "quarter": 3,
            "eps": 0.06,
            "eps_growth_year": null,
            "eps_4q": 0.19,
            "eps_4q_growth_year": null,
            "roe": 0.82,
            "roe_4q": 2.5600000000000005,
            "gross_profit": 8668,
            "gross_margin": 4.32,
            "gross_margin_4q_avg": 6.02,
            "net_income": 5309,
            "net_income_4q": null,
            "revenue": 200863,
            "revenue_4q": null,
            "common_shares": 959345,
            "book_valuer_per_share": 6.79,
            "book_valuer_per_share_4q_avg": 6.59,
            "equity": 651332,
            "current_ratio": 111.82,
            "debt_ratio": 46.47,
            "inventory_turnover_ratio": 0.9,
            "account_receivable_turnover_ratio": null,
            "reinvestment_rate": null,
            "research_to_sale_ratio": null,
            "price_fair": 23.1,
            "eps_avg_yearly": 0.66,
            "eps_latest_yearly": 0.24,
            "eps_growth_yearly": 2080.68
        },
        "20054": {
            "year_quarter": 20054,
            "year": 2005,
            "quarter": 4,
            "eps": -0.12,
            "eps_growth_year": -400,
            "eps_4q": 0.01,
            "eps_4q_growth_year": 2.84,
            "roe": -1.8,
            "roe_4q": 0.1299999999999999,
            "gross_profit": 17002,
            "gross_margin": 8.04,
            "gross_margin_4q_avg": 6.66,
            "net_income": -11697,
            "net_income_4q": null,
            "revenue": 211565,
            "revenue_4q": null,
            "common_shares": 959345,
            "book_valuer_per_share": 6.74,
            "book_valuer_per_share_4q_avg": 6.66,
            "equity": 646897,
            "current_ratio": 103.61,
            "debt_ratio": 49.96,
            "inventory_turnover_ratio": 0.85,
            "account_receivable_turnover_ratio": null,
            "reinvestment_rate": null,
            "research_to_sale_ratio": null,
            "price_fair": 23.1,
            "eps_avg_yearly": 0.66,
            "eps_latest_yearly": 0.24,
            "eps_growth_yearly": 2080.68
        },
        "20061": {
            "year_quarter": 20061,
            "year": 2006,
            "quarter": 1,
            "eps": -0.2,
            "eps_growth_year": null,
            "eps_4q": 0.06,
            "eps_4q_growth_year": null,
            "roe": -3.01,
            "roe_4q": 1.0400000000000005,
            "gross_profit": 10840,
            "gross_margin": 5.38,
            "gross_margin_4q_avg": 6.48,
            "net_income": -19164,
            "net_income_4q": null,
            "revenue": 201370,
            "revenue_4q": null,
            "common_shares": 959345,
            "book_valuer_per_share": 6.54,
            "book_valuer_per_share_4q_avg": 6.7,
            "equity": 627268,
            "current_ratio": 100.96,
            "debt_ratio": 47.58,
            "inventory_turnover_ratio": 0.87,
            "account_receivable_turnover_ratio": null,
            "reinvestment_rate": null,
            "research_to_sale_ratio": null,
            "price_fair": 19.6,
            "eps_avg_yearly": 0.56,
            "eps_latest_yearly": 0.24,
            "eps_growth_yearly": 2507.58
        },
        "20062": {
            "year_quarter": 20062,
            "year": 2006,
            "quarter": 2,
            "eps": -0.05,
            "eps_growth_year": -115.15,
            "eps_4q": -0.31,
            "eps_4q_growth_year": -770.69,
            "roe": -0.74,
            "roe_4q": -4.7299999999999995,
            "gross_profit": 21601,
            "gross_margin": 7.81,
            "gross_margin_4q_avg": 6.39,
            "net_income": -4624,
            "net_income_4q": null,
            "revenue": 276725,
            "revenue_4q": null,
            "common_shares": 959345,
            "book_valuer_per_share": 6.49,
            "book_valuer_per_share_4q_avg": 6.64,
            "equity": 622661,
            "current_ratio": 99.3,
            "debt_ratio": 49.92,
            "inventory_turnover_ratio": 1.55,
            "account_receivable_turnover_ratio": null,
            "reinvestment_rate": null,
            "research_to_sale_ratio": null,
            "price_fair": 18.9,
            "eps_avg_yearly": 0.54,
            "eps_latest_yearly": 0.24,
            "eps_growth_yearly": 3836.36
        },
        "20063": {
            "year_quarter": 20063,
            "year": 2006,
            "quarter": 3,
            "eps": -0.19,
            "eps_growth_year": -416.67,
            "eps_4q": -0.56,
            "eps_4q_growth_year": -394.44,
            "roe": -2.9,
            "roe_4q": -8.45,
            "gross_profit": 11731,
            "gross_margin": 4.24,
            "gross_margin_4q_avg": 6.37,
            "net_income": -17817,
            "net_income_4q": null,
            "revenue": 276897,
            "revenue_4q": null,
            "common_shares": 959345,
            "book_valuer_per_share": 6.33,
            "book_valuer_per_share_4q_avg": 6.53,
            "equity": 607568,
            "current_ratio": 97.56,
            "debt_ratio": 51.53,
            "inventory_turnover_ratio": 1.65,
            "account_receivable_turnover_ratio": null,
            "reinvestment_rate": null,
            "research_to_sale_ratio": null,
            "price_fair": 18.9,
            "eps_avg_yearly": 0.54,
            "eps_latest_yearly": 0.24,
            "eps_growth_yearly": 3836.36
        },
        "20064": {
            "year_quarter": 20064,
            "year": 2006,
            "quarter": 4,
            "eps": -0.23,
            "eps_growth_year": null,
            "eps_4q": -0.66,
            "eps_4q_growth_year": -6699.38,
            "roe": -3.7,
            "roe_4q": -10.35,
            "gross_profit": 8542,
            "gross_margin": 3.1,
            "gross_margin_4q_avg": 5.13,
            "net_income": -22089,
            "net_income_4q": null,
            "revenue": 275381,
            "revenue_4q": null,
            "common_shares": 959345,
            "book_valuer_per_share": 6.1,
            "book_valuer_per_share_4q_avg": 6.37,
            "equity": 585161,
            "current_ratio": 94.19,
            "debt_ratio": 56.9,
            "inventory_turnover_ratio": 1.41,
            "account_receivable_turnover_ratio": null,
            "reinvestment_rate": null,
            "research_to_sale_ratio": null,
            "price_fair": 18.9,
            "eps_avg_yearly": 0.54,
            "eps_latest_yearly": 0.24,
            "eps_growth_yearly": 3836.36
        },
        "20071": {
            "year_quarter": 20071,
            "year": 2007,
            "quarter": 1,
            "eps": -0.02,
            "eps_growth_year": null,
            "eps_4q": -0.44,
            "eps_4q_growth_year": -784.85,
            "roe": -0.36,
            "roe_4q": -7.700000000000001,
            "gross_profit": 13840,
            "gross_margin": 5.12,
            "gross_margin_4q_avg": 5.07,
            "net_income": -2134,
            "net_income_4q": null,
            "revenue": 270134,
            "revenue_4q": null,
            "common_shares": 959345,
            "book_valuer_per_share": 6.1,
            "book_valuer_per_share_4q_avg": 6.26,
            "equity": 584948,
            "current_ratio": 97.02,
            "debt_ratio": 53.88,
            "inventory_turnover_ratio": 1.38,
            "account_receivable_turnover_ratio": null,
            "reinvestment_rate": null,
            "research_to_sale_ratio": null,
            "price_fair": 18.9,
            "eps_avg_yearly": 0.54,
            "eps_latest_yearly": 0.24,
            "eps_growth_yearly": 3836.36
        },
        "20072": {
            "year_quarter": 20072,
            "year": 2007,
            "quarter": 2,
            "eps": -0.06,
            "eps_growth_year": null,
            "eps_4q": -0.5,
            "eps_4q_growth_year": null,
            "roe": -0.99,
            "roe_4q": -7.950000000000001,
            "gross_profit": 18670,
            "gross_margin": 5.62,
            "gross_margin_4q_avg": 4.52,
            "net_income": -5763,
            "net_income_4q": null,
            "revenue": 332160,
            "revenue_4q": null,
            "common_shares": 959345,
            "book_valuer_per_share": 6.04,
            "book_valuer_per_share_4q_avg": 6.14,
            "equity": 579827,
            "current_ratio": 94.25,
            "debt_ratio": 56.37,
            "inventory_turnover_ratio": 1.94,
            "account_receivable_turnover_ratio": null,
            "reinvestment_rate": null,
            "research_to_sale_ratio": null,
            "price_fair": 18.9,
            "eps_avg_yearly": 0.54,
            "eps_latest_yearly": 0.24,
            "eps_growth_yearly": 3836.36
        },
        "20073": {
            "year_quarter": 20073,
            "year": 2007,
            "quarter": 3,
            "eps": 0.03,
            "eps_growth_year": null,
            "eps_4q": -0.3,
            "eps_4q_growth_year": null,
            "roe": 0.39,
            "roe_4q": -4.66,
            "gross_profit": 22111,
            "gross_margin": 6.38,
            "gross_margin_4q_avg": 5.06,
            "net_income": 2712,
            "net_income_4q": null,
            "revenue": 346582,
            "revenue_4q": null,
            "common_shares": 1259345,
            "book_valuer_per_share": 6.38,
            "book_valuer_per_share_4q_avg": 6.16,
            "equity": 803063,
            "current_ratio": 147.41,
            "debt_ratio": 42.99,
            "inventory_turnover_ratio": 1.91,
            "account_receivable_turnover_ratio": null,
            "reinvestment_rate": null,
            "research_to_sale_ratio": null,
            "price_fair": 18.9,
            "eps_avg_yearly": 0.54,
            "eps_latest_yearly": 0.24,
            "eps_growth_yearly": 3836.36
        },
        "20074": {
            "year_quarter": 20074,
            "year": 2007,
            "quarter": 4,
            "eps": 0.05,
            "eps_growth_year": null,
            "eps_4q": 0,
            "eps_4q_growth_year": null,
            "roe": 0.64,
            "roe_4q": -0.31999999999999995,
            "gross_profit": 27165,
            "gross_margin": 7.36,
            "gross_margin_4q_avg": 6.12,
            "net_income": 5335,
            "net_income_4q": null,
            "revenue": 368885,
            "revenue_4q": null,
            "common_shares": 1259345,
            "book_valuer_per_share": 6.44,
            "book_valuer_per_share_4q_avg": 6.24,
            "equity": 871093,
            "current_ratio": 137.3,
            "debt_ratio": 48.48,
            "inventory_turnover_ratio": 1.68,
            "account_receivable_turnover_ratio": null,
            "reinvestment_rate": null,
            "research_to_sale_ratio": null,
            "price_fair": 14.93,
            "eps_avg_yearly": 0.43,
            "eps_latest_yearly": 0.2,
            "eps_growth_yearly": 2646.46
        },
        "20081": {
            "year_quarter": 20081,
            "year": 2008,
            "quarter": 1,
            "eps": -0.02,
            "eps_growth_year": null,
            "eps_4q": 0,
            "eps_4q_growth_year": null,
            "roe": 0.64,
            "roe_4q": 0.6799999999999999,
            "gross_profit": 26114,
            "gross_margin": 6.34,
            "gross_margin_4q_avg": 6.43,
            "net_income": 5613,
            "net_income_4q": null,
            "revenue": 411962,
            "revenue_4q": null,
            "common_shares": 1259345,
            "book_valuer_per_share": 6.4,
            "book_valuer_per_share_4q_avg": 6.32,
            "equity": 873345,
            "current_ratio": 128.35,
            "debt_ratio": 51.94,
            "inventory_turnover_ratio": 1.57,
            "account_receivable_turnover_ratio": null,
            "reinvestment_rate": null,
            "research_to_sale_ratio": null,
            "price_fair": 0.66,
            "eps_avg_yearly": 0.22,
            "eps_latest_yearly": 0.2,
            "eps_growth_yearly": -30.3
        },
        "20082": {
            "year_quarter": 20082,
            "year": 2008,
            "quarter": 2,
            "eps": 0.03,
            "eps_growth_year": null,
            "eps_4q": 0.08,
            "eps_4q_growth_year": null,
            "roe": 0.44,
            "roe_4q": 2.1100000000000003,
            "gross_profit": 34495,
            "gross_margin": 6.49,
            "gross_margin_4q_avg": 6.64,
            "net_income": 3744,
            "net_income_4q": null,
            "revenue": 531907,
            "revenue_4q": null,
            "common_shares": 1259345,
            "book_valuer_per_share": 6.62,
            "book_valuer_per_share_4q_avg": 6.46,
            "equity": 833890,
            "current_ratio": 112.85,
            "debt_ratio": 57.27,
            "inventory_turnover_ratio": 1.81,
            "account_receivable_turnover_ratio": null,
            "reinvestment_rate": null,
            "research_to_sale_ratio": null,
            "price_fair": 0.66,
            "eps_avg_yearly": 0.22,
            "eps_latest_yearly": 0.2,
            "eps_growth_yearly": -30.3
        },
        "20083": {
            "year_quarter": 20083,
            "year": 2008,
            "quarter": 3,
            "eps": -0.11,
            "eps_growth_year": -466.67,
            "eps_4q": -0.05,
            "eps_4q_growth_year": null,
            "roe": -1.63,
            "roe_4q": 0.09000000000000008,
            "gross_profit": 30889,
            "gross_margin": 6.87,
            "gross_margin_4q_avg": 6.77,
            "net_income": -13495,
            "net_income_4q": null,
            "revenue": 449925,
            "revenue_4q": null,
            "common_shares": 1259345,
            "book_valuer_per_share": 6.55,
            "book_valuer_per_share_4q_avg": 6.5,
            "equity": 825364,
            "current_ratio": 111.16,
            "debt_ratio": 59.18,
            "inventory_turnover_ratio": 1.36,
            "account_receivable_turnover_ratio": null,
            "reinvestment_rate": null,
            "research_to_sale_ratio": null,
            "price_fair": 0.66,
            "eps_avg_yearly": 0.22,
            "eps_latest_yearly": 0.2,
            "eps_growth_yearly": -30.3
        },
        "20084": {
            "year_quarter": 20084,
            "year": 2008,
            "quarter": 4,
            "eps": -0.5,
            "eps_growth_year": -1100,
            "eps_4q": -0.67,
            "eps_4q_growth_year": -47930.65,
            "roe": -7.81,
            "roe_4q": -8.36,
            "gross_profit": -4060,
            "gross_margin": -1.38,
            "gross_margin_4q_avg": 4.58,
            "net_income": -62045,
            "net_income_4q": null,
            "revenue": 295092,
            "revenue_4q": null,
            "common_shares": 1259345,
            "book_valuer_per_share": 6.06,
            "book_valuer_per_share_4q_avg": 6.41,
            "equity": 763474,
            "current_ratio": 104.96,
            "debt_ratio": 55.58,
            "inventory_turnover_ratio": 0.91,
            "account_receivable_turnover_ratio": 2.13,
            "reinvestment_rate": null,
            "research_to_sale_ratio": null,
            "price_fair": 0.66,
            "eps_avg_yearly": 0.22,
            "eps_latest_yearly": 0.2,
            "eps_growth_yearly": -30.3
        },
        "20091": {
            "year_quarter": 20091,
            "year": 2009,
            "quarter": 1,
            "eps": -0.02,
            "eps_growth_year": null,
            "eps_4q": -0.6,
            "eps_4q_growth_year": -35164.24,
            "roe": -0.37,
            "roe_4q": -9.37,
            "gross_profit": 21737,
            "gross_margin": 8.38,
            "gross_margin_4q_avg": 5.09,
            "net_income": -2827,
            "net_income_4q": null,
            "revenue": 259324,
            "revenue_4q": null,
            "common_shares": 1259345,
            "book_valuer_per_share": 6.06,
            "book_valuer_per_share_4q_avg": 6.32,
            "equity": 762945,
            "current_ratio": 108.99,
            "debt_ratio": 53.97,
            "inventory_turnover_ratio": 0.78,
            "account_receivable_turnover_ratio": 0.95,
            "reinvestment_rate": null,
            "research_to_sale_ratio": null,
            "price_fair": 0.66,
            "eps_avg_yearly": 0.22,
            "eps_latest_yearly": 0.2,
            "eps_growth_yearly": -30.3
        },
        "20092": {
            "year_quarter": 20092,
            "year": 2009,
            "quarter": 2,
            "eps": -0.16,
            "eps_growth_year": -633.33,
            "eps_4q": -0.78,
            "eps_4q_growth_year": -1138.01,
            "roe": -2.68,
            "roe_4q": -12.489999999999998,
            "gross_profit": 35569,
            "gross_margin": 9.73,
            "gross_margin_4q_avg": 5.9,
            "net_income": -20167,
            "net_income_4q": null,
            "revenue": 365387,
            "revenue_4q": null,
            "common_shares": 1259345,
            "book_valuer_per_share": 5.89,
            "book_valuer_per_share_4q_avg": 6.14,
            "equity": 741327,
            "current_ratio": 93.41,
            "debt_ratio": 53.07,
            "inventory_turnover_ratio": 1.37,
            "account_receivable_turnover_ratio": 1.33,
            "reinvestment_rate": null,
            "research_to_sale_ratio": null,
            "price_fair": 0.66,
            "eps_avg_yearly": 0.22,
            "eps_latest_yearly": 0.2,
            "eps_growth_yearly": -30.3
        },
        "20093": {
            "year_quarter": 20093,
            "year": 2009,
            "quarter": 3,
            "eps": 0.04,
            "eps_growth_year": null,
            "eps_4q": -1.06,
            "eps_4q_growth_year": null,
            "roe": 0.42,
            "roe_4q": -10.44,
            "gross_profit": 44124,
            "gross_margin": 12.29,
            "gross_margin_4q_avg": 7.26,
            "net_income": 3100,
            "net_income_4q": null,
            "revenue": 358880,
            "revenue_4q": null,
            "common_shares": 736771,
            "book_valuer_per_share": 10.08,
            "book_valuer_per_share_4q_avg": 7.02,
            "equity": 742304,
            "current_ratio": 96.37,
            "debt_ratio": 53.48,
            "inventory_turnover_ratio": 1.62,
            "account_receivable_turnover_ratio": 1.14,
            "reinvestment_rate": null,
            "research_to_sale_ratio": null,
            "price_fair": 7,
            "eps_avg_yearly": 0.2,
            "eps_latest_yearly": 0.2,
            "eps_growth_yearly": 266.67
        },
        "20094": {
            "year_quarter": 20094,
            "year": 2009,
            "quarter": 4,
            "eps": -0.58,
            "eps_growth_year": null,
            "eps_4q": -0.85,
            "eps_4q_growth_year": null,
            "roe": -5.93,
            "roe_4q": -8.559999999999999,
            "gross_profit": 4141,
            "gross_margin": 1.07,
            "gross_margin_4q_avg": 7.87,
            "net_income": -42762,
            "net_income_4q": null,
            "revenue": 385734,
            "revenue_4q": null,
            "common_shares": 736771,
            "book_valuer_per_share": 9.49,
            "book_valuer_per_share_4q_avg": 7.88,
            "equity": 699363,
            "current_ratio": 95.03,
            "debt_ratio": 56.25,
            "inventory_turnover_ratio": 1.91,
            "account_receivable_turnover_ratio": 1.73,
            "reinvestment_rate": null,
            "research_to_sale_ratio": null,
            "price_fair": 7,
            "eps_avg_yearly": 0.2,
            "eps_latest_yearly": 0.2,
            "eps_growth_yearly": 266.67
        },
        "20101": {
            "year_quarter": 20101,
            "year": 2010,
            "quarter": 1,
            "eps": 0.02,
            "eps_growth_year": null,
            "eps_4q": -0.8,
            "eps_4q_growth_year": null,
            "roe": 0.17,
            "roe_4q": -8.02,
            "gross_profit": 33999,
            "gross_margin": 7.17,
            "gross_margin_4q_avg": 7.57,
            "net_income": 1216,
            "net_income_4q": null,
            "revenue": 474431,
            "revenue_4q": null,
            "common_shares": 736771,
            "book_valuer_per_share": 9.51,
            "book_valuer_per_share_4q_avg": 8.74,
            "equity": 700338,
            "current_ratio": 96.08,
            "debt_ratio": 57.93,
            "inventory_turnover_ratio": 2.07,
            "account_receivable_turnover_ratio": 1.17,
            "reinvestment_rate": null,
            "research_to_sale_ratio": 1.11,
            "price_fair": 7,
            "eps_avg_yearly": 0.2,
            "eps_latest_yearly": 0.2,
            "eps_growth_yearly": 266.67
        },
        "20102": {
            "year_quarter": 20102,
            "year": 2010,
            "quarter": 2,
            "eps": 0,
            "eps_growth_year": null,
            "eps_4q": -0.52,
            "eps_4q_growth_year": null,
            "roe": 0.03,
            "roe_4q": -5.31,
            "gross_profit": 28125,
            "gross_margin": 6.49,
            "gross_margin_4q_avg": 6.76,
            "net_income": 225,
            "net_income_4q": null,
            "revenue": 433047,
            "revenue_4q": null,
            "common_shares": 736771,
            "book_valuer_per_share": 9.54,
            "book_valuer_per_share_4q_avg": 9.66,
            "equity": 703174,
            "current_ratio": 95.77,
            "debt_ratio": 56.71,
            "inventory_turnover_ratio": 1.82,
            "account_receivable_turnover_ratio": 1.29,
            "reinvestment_rate": null,
            "research_to_sale_ratio": 1.07,
            "price_fair": 7,
            "eps_avg_yearly": 0.2,
            "eps_latest_yearly": 0.2,
            "eps_growth_yearly": 266.67
        },
        "20103": {
            "year_quarter": 20103,
            "year": 2010,
            "quarter": 3,
            "eps": -0.03,
            "eps_growth_year": -174.62,
            "eps_4q": -0.59,
            "eps_4q_growth_year": null,
            "roe": -0.29,
            "roe_4q": -6.02,
            "gross_profit": 33166,
            "gross_margin": 7.35,
            "gross_margin_4q_avg": 5.52,
            "net_income": -2199,
            "net_income_4q": null,
            "revenue": 451282,
            "revenue_4q": null,
            "common_shares": 736771,
            "book_valuer_per_share": 10.79,
            "book_valuer_per_share_4q_avg": 9.83,
            "equity": 794943,
            "current_ratio": 96.19,
            "debt_ratio": 55.82,
            "inventory_turnover_ratio": 1.78,
            "account_receivable_turnover_ratio": 1.34,
            "reinvestment_rate": null,
            "research_to_sale_ratio": 0.76,
            "price_fair": 7,
            "eps_avg_yearly": 0.2,
            "eps_latest_yearly": 0.2,
            "eps_growth_yearly": 266.67
        },
        "20104": {
            "year_quarter": 20104,
            "year": 2010,
            "quarter": 4,
            "eps": -0.14,
            "eps_growth_year": null,
            "eps_4q": -0.15,
            "eps_4q_growth_year": null,
            "roe": -1.33,
            "roe_4q": -1.4200000000000002,
            "gross_profit": 31020,
            "gross_margin": 6.12,
            "gross_margin_4q_avg": 6.78,
            "net_income": -10436,
            "net_income_4q": null,
            "revenue": 506916,
            "revenue_4q": null,
            "common_shares": 736771,
            "book_valuer_per_share": 10.44,
            "book_valuer_per_share_4q_avg": 10.07,
            "equity": 769521,
            "current_ratio": 102.83,
            "debt_ratio": 55.79,
            "inventory_turnover_ratio": 2.02,
            "account_receivable_turnover_ratio": 1.22,
            "reinvestment_rate": null,
            "research_to_sale_ratio": 0.61,
            "price_fair": 7,
            "eps_avg_yearly": 0.2,
            "eps_latest_yearly": 0.2,
            "eps_growth_yearly": 266.67
        },
        "20111": {
            "year_quarter": 20111,
            "year": 2011,
            "quarter": 1,
            "eps": 0,
            "eps_growth_year": -100,
            "eps_4q": -0.17,
            "eps_4q_growth_year": null,
            "roe": 0.03,
            "roe_4q": -1.56,
            "gross_profit": 26315,
            "gross_margin": 5.61,
            "gross_margin_4q_avg": 6.39,
            "net_income": 202,
            "net_income_4q": null,
            "revenue": 468903,
            "revenue_4q": null,
            "common_shares": 736771,
            "book_valuer_per_share": 10.4,
            "book_valuer_per_share_4q_avg": 10.29,
            "equity": 766507,
            "current_ratio": 104.14,
            "debt_ratio": 56.52,
            "inventory_turnover_ratio": 1.87,
            "account_receivable_turnover_ratio": 0.99,
            "reinvestment_rate": null,
            "research_to_sale_ratio": 0.96,
            "price_fair": 7,
            "eps_avg_yearly": 0.2,
            "eps_latest_yearly": 0.2,
            "eps_growth_yearly": 266.67
        },
        "20112": {
            "year_quarter": 20112,
            "year": 2011,
            "quarter": 2,
            "eps": -0.24,
            "eps_growth_year": -8024.1,
            "eps_4q": -0.41,
            "eps_4q_growth_year": null,
            "roe": -2.36,
            "roe_4q": -3.95,
            "gross_profit": 17454,
            "gross_margin": 4.17,
            "gross_margin_4q_avg": 5.81,
            "net_income": -17830,
            "net_income_4q": null,
            "revenue": 418212,
            "revenue_4q": null,
            "common_shares": 736771,
            "book_valuer_per_share": 10.12,
            "book_valuer_per_share_4q_avg": 10.44,
            "equity": 745384,
            "current_ratio": 102.32,
            "debt_ratio": 57.77,
            "inventory_turnover_ratio": 1.47,
            "account_receivable_turnover_ratio": 0.88,
            "reinvestment_rate": null,
            "research_to_sale_ratio": 1.27,
            "price_fair": 7,
            "eps_avg_yearly": 0.2,
            "eps_latest_yearly": 0.2,
            "eps_growth_yearly": 266.67
        },
        "20113": {
            "year_quarter": 20113,
            "year": 2011,
            "quarter": 3,
            "eps": -0.03,
            "eps_growth_year": null,
            "eps_4q": -0.42,
            "eps_4q_growth_year": null,
            "roe": -0.34,
            "roe_4q": -4,
            "gross_profit": 19026,
            "gross_margin": 4.26,
            "gross_margin_4q_avg": 5.04,
            "net_income": -2513,
            "net_income_4q": null,
            "revenue": 446240,
            "revenue_4q": null,
            "common_shares": 736771,
            "book_valuer_per_share": 10.14,
            "book_valuer_per_share_4q_avg": 10.28,
            "equity": 747318,
            "current_ratio": 104.3,
            "debt_ratio": 56.88,
            "inventory_turnover_ratio": 1.53,
            "account_receivable_turnover_ratio": 0.93,
            "reinvestment_rate": null,
            "research_to_sale_ratio": 1.2,
            "price_fair": 7,
            "eps_avg_yearly": 0.2,
            "eps_latest_yearly": 0.2,
            "eps_growth_yearly": 266.67
        },
        "20114": {
            "year_quarter": 20114,
            "year": 2011,
            "quarter": 4,
            "eps": -0.21,
            "eps_growth_year": null,
            "eps_4q": -0.49,
            "eps_4q_growth_year": null,
            "roe": -2.14,
            "roe_4q": -4.81,
            "gross_profit": 17097,
            "gross_margin": 4.02,
            "gross_margin_4q_avg": 4.52,
            "net_income": -15810,
            "net_income_4q": null,
            "revenue": 424806,
            "revenue_4q": null,
            "common_shares": 736771,
            "book_valuer_per_share": 9.9,
            "book_valuer_per_share_4q_avg": 10.14,
            "equity": 729429,
            "current_ratio": 102.41,
            "debt_ratio": 55.48,
            "inventory_turnover_ratio": 1.71,
            "account_receivable_turnover_ratio": 0.91,
            "reinvestment_rate": null,
            "research_to_sale_ratio": 1.19,
            "price_fair": 0,
            "eps_avg_yearly": 0,
            "eps_latest_yearly": 0,
            "eps_growth_yearly": 0
        },
        "20121": {
            "year_quarter": 20121,
            "year": 2012,
            "quarter": 1,
            "eps": 0.19,
            "eps_growth_year": null,
            "eps_4q": -0.3,
            "eps_4q_growth_year": null,
            "roe": 1.9,
            "roe_4q": -2.9400000000000004,
            "gross_profit": 26926,
            "gross_margin": 7.74,
            "gross_margin_4q_avg": 5.05,
            "net_income": 13938,
            "net_income_4q": null,
            "revenue": 347977,
            "revenue_4q": null,
            "common_shares": 736771,
            "book_valuer_per_share": 10.01,
            "book_valuer_per_share_4q_avg": 10.04,
            "equity": 737425,
            "current_ratio": 107.84,
            "debt_ratio": 55.04,
            "inventory_turnover_ratio": 1.29,
            "account_receivable_turnover_ratio": 0.77,
            "reinvestment_rate": null,
            "research_to_sale_ratio": 1.53,
            "price_fair": 0,
            "eps_avg_yearly": 0,
            "eps_latest_yearly": 0,
            "eps_growth_yearly": 0
        },
        "20122": {
            "year_quarter": 20122,
            "year": 2012,
            "quarter": 2,
            "eps": -0.06,
            "eps_growth_year": null,
            "eps_4q": -0.12,
            "eps_4q_growth_year": null,
            "roe": -0.65,
            "roe_4q": -1.2300000000000002,
            "gross_profit": 30010,
            "gross_margin": 7.75,
            "gross_margin_4q_avg": 5.94,
            "net_income": -4746,
            "net_income_4q": null,
            "revenue": 387313,
            "revenue_4q": null,
            "common_shares": 736771,
            "book_valuer_per_share": 9.95,
            "book_valuer_per_share_4q_avg": 10,
            "equity": 733283,
            "current_ratio": 107.7,
            "debt_ratio": 56.73,
            "inventory_turnover_ratio": 1.22,
            "account_receivable_turnover_ratio": 0.89,
            "reinvestment_rate": null,
            "research_to_sale_ratio": 1.36,
            "price_fair": 0,
            "eps_avg_yearly": 0,
            "eps_latest_yearly": 0,
            "eps_growth_yearly": 0
        },
        "20123": {
            "year_quarter": 20123,
            "year": 2012,
            "quarter": 3,
            "eps": -0.03,
            "eps_growth_year": null,
            "eps_4q": -0.12,
            "eps_4q_growth_year": null,
            "roe": -0.26,
            "roe_4q": -1.1500000000000004,
            "gross_profit": 34017,
            "gross_margin": 8.22,
            "gross_margin_4q_avg": 6.93,
            "net_income": -1913,
            "net_income_4q": null,
            "revenue": 413866,
            "revenue_4q": null,
            "common_shares": 736771,
            "book_valuer_per_share": 9.92,
            "book_valuer_per_share_4q_avg": 9.95,
            "equity": 731014,
            "current_ratio": 109.68,
            "debt_ratio": 54.28,
            "inventory_turnover_ratio": 1.29,
            "account_receivable_turnover_ratio": 0.9,
            "reinvestment_rate": null,
            "research_to_sale_ratio": 1.21,
            "price_fair": 0,
            "eps_avg_yearly": 0,
            "eps_latest_yearly": 0,
            "eps_growth_yearly": 0
        },
        "20124": {
            "year_quarter": 20124,
            "year": 2012,
            "quarter": 4,
            "eps": -0.08,
            "eps_growth_year": null,
            "eps_4q": 0,
            "eps_4q_growth_year": null,
            "roe": -0.94,
            "roe_4q": 0.04999999999999982,
            "gross_profit": 30956,
            "gross_margin": 7.46,
            "gross_margin_4q_avg": 7.79,
            "net_income": -7099,
            "net_income_4q": null,
            "revenue": 414759,
            "revenue_4q": null,
            "common_shares": 836771,
            "book_valuer_per_share": 9.3,
            "book_valuer_per_share_4q_avg": 9.8,
            "equity": 778222,
            "current_ratio": 119.78,
            "debt_ratio": 51.63,
            "inventory_turnover_ratio": 1.34,
            "account_receivable_turnover_ratio": 0.8,
            "reinvestment_rate": null,
            "research_to_sale_ratio": 1.52,
            "price_fair": 0,
            "eps_avg_yearly": 0,
            "eps_latest_yearly": 0,
            "eps_growth_yearly": 0
        },
        "20131": {
            "year_quarter": 20131,
            "year": 2013,
            "quarter": 1,
            "eps": 0.05,
            "eps_growth_year": -73.68,
            "eps_4q": -0.11,
            "eps_4q_growth_year": null,
            "roe": 0.58,
            "roe_4q": -1.27,
            "gross_profit": 35628,
            "gross_margin": 8.83,
            "gross_margin_4q_avg": 8.07,
            "net_income": 4473,
            "net_income_4q": null,
            "revenue": 403649,
            "revenue_4q": null,
            "common_shares": 836771,
            "book_valuer_per_share": 8.98,
            "book_valuer_per_share_4q_avg": 9.54,
            "equity": 751573,
            "current_ratio": 119.91,
            "debt_ratio": 54.65,
            "inventory_turnover_ratio": 1.22,
            "account_receivable_turnover_ratio": 0.86,
            "reinvestment_rate": null,
            "research_to_sale_ratio": 1.97,
            "price_fair": 0,
            "eps_avg_yearly": 0,
            "eps_latest_yearly": 0,
            "eps_growth_yearly": 0
        },
        "20132": {
            "year_quarter": 20132,
            "year": 2013,
            "quarter": 2,
            "eps": 0.03,
            "eps_growth_year": null,
            "eps_4q": -0.02,
            "eps_4q_growth_year": null,
            "roe": 0.38,
            "roe_4q": -0.24,
            "gross_profit": 41204,
            "gross_margin": 9,
            "gross_margin_4q_avg": 8.38,
            "net_income": 2888,
            "net_income_4q": null,
            "revenue": 457729,
            "revenue_4q": null,
            "common_shares": 836771,
            "book_valuer_per_share": 9.03,
            "book_valuer_per_share_4q_avg": 9.31,
            "equity": 755626,
            "current_ratio": 126.78,
            "debt_ratio": 51.04,
            "inventory_turnover_ratio": 1.37,
            "account_receivable_turnover_ratio": 1.09,
            "reinvestment_rate": null,
            "research_to_sale_ratio": 1.87,
            "price_fair": 0.36,
            "eps_avg_yearly": 0.12,
            "eps_latest_yearly": 0.12,
            "eps_growth_yearly": -160
        },
        "20133": {
            "year_quarter": 20133,
            "year": 2013,
            "quarter": 3,
            "eps": 0.08,
            "eps_growth_year": null,
            "eps_4q": 0.08,
            "eps_4q_growth_year": null,
            "roe": 0.85,
            "roe_4q": 0.8700000000000001,
            "gross_profit": 41720,
            "gross_margin": 9.67,
            "gross_margin_4q_avg": 8.74,
            "net_income": 6457,
            "net_income_4q": null,
            "revenue": 431572,
            "revenue_4q": null,
            "common_shares": 836771,
            "book_valuer_per_share": 9.11,
            "book_valuer_per_share_4q_avg": 9.11,
            "equity": 761885,
            "current_ratio": 129.28,
            "debt_ratio": 50.52,
            "inventory_turnover_ratio": 1.37,
            "account_receivable_turnover_ratio": 0.99,
            "reinvestment_rate": null,
            "research_to_sale_ratio": 0.8,
            "price_fair": 7.7,
            "eps_avg_yearly": 0.22,
            "eps_latest_yearly": 0.32,
            "eps_growth_yearly": 253.33
        },
        "20134": {
            "year_quarter": 20134,
            "year": 2013,
            "quarter": 4,
            "eps": -0.11,
            "eps_growth_year": null,
            "eps_4q": 0.06,
            "eps_4q_growth_year": 2501.81,
            "roe": -1.21,
            "roe_4q": 0.6,
            "gross_profit": 13012,
            "gross_margin": 3.12,
            "gross_margin_4q_avg": 7.66,
            "net_income": -9135,
            "net_income_4q": null,
            "revenue": 416522,
            "revenue_4q": null,
            "common_shares": 836771,
            "book_valuer_per_share": 8.96,
            "book_valuer_per_share_4q_avg": 9.02,
            "equity": 749507,
            "current_ratio": 138.92,
            "debt_ratio": 49.48,
            "inventory_turnover_ratio": 1.59,
            "account_receivable_turnover_ratio": 0.98,
            "reinvestment_rate": null,
            "research_to_sale_ratio": 0.8,
            "price_fair": 7.7,
            "eps_avg_yearly": 0.22,
            "eps_latest_yearly": 0.32,
            "eps_growth_yearly": 253.33
        },
        "20141": {
            "year_quarter": 20141,
            "year": 2014,
            "quarter": 1,
            "eps": 0.1,
            "eps_growth_year": 100,
            "eps_4q": 0.1,
            "eps_4q_growth_year": null,
            "roe": 1.13,
            "roe_4q": 1.15,
            "gross_profit": 41176,
            "gross_margin": 9.24,
            "gross_margin_4q_avg": 7.76,
            "net_income": 8529,
            "net_income_4q": null,
            "revenue": 445539,
            "revenue_4q": null,
            "common_shares": 836771,
            "book_valuer_per_share": 9.08,
            "book_valuer_per_share_4q_avg": 9.05,
            "equity": 759487,
            "current_ratio": 142.7,
            "debt_ratio": 48.71,
            "inventory_turnover_ratio": 1.87,
            "account_receivable_turnover_ratio": 1.11,
            "reinvestment_rate": null,
            "research_to_sale_ratio": 0.99,
            "price_fair": 7.7,
            "eps_avg_yearly": 0.22,
            "eps_latest_yearly": 0.32,
            "eps_growth_yearly": 253.33
        },
        "20142": {
            "year_quarter": 20142,
            "year": 2014,
            "quarter": 2,
            "eps": 0.01,
            "eps_growth_year": -66.67,
            "eps_4q": 0.08,
            "eps_4q_growth_year": null,
            "roe": 0.15,
            "roe_4q": 0.9199999999999998,
            "gross_profit": 27309,
            "gross_margin": 7.39,
            "gross_margin_4q_avg": 7.36,
            "net_income": 1160,
            "net_income_4q": null,
            "revenue": 369550,
            "revenue_4q": null,
            "common_shares": 836771,
            "book_valuer_per_share": 9.1,
            "book_valuer_per_share_4q_avg": 9.06,
            "equity": 761432,
            "current_ratio": 141.79,
            "debt_ratio": 49.25,
            "inventory_turnover_ratio": 1.62,
            "account_receivable_turnover_ratio": 0.95,
            "reinvestment_rate": null,
            "research_to_sale_ratio": 1.81,
            "price_fair": 5.6,
            "eps_avg_yearly": 0.16,
            "eps_latest_yearly": 0.04,
            "eps_growth_yearly": 48.89
        },
        "20143": {
            "year_quarter": 20143,
            "year": 2014,
            "quarter": 3,
            "eps": -0.04,
            "eps_growth_year": -150,
            "eps_4q": -0.03,
            "eps_4q_growth_year": -142.55,
            "roe": -0.45,
            "roe_4q": -0.3800000000000001,
            "gross_profit": 27092,
            "gross_margin": 7.31,
            "gross_margin_4q_avg": 6.77,
            "net_income": -3413,
            "net_income_4q": null,
            "revenue": 370428,
            "revenue_4q": null,
            "common_shares": 836771,
            "book_valuer_per_share": 9.07,
            "book_valuer_per_share_4q_avg": 9.05,
            "equity": 758897,
            "current_ratio": 144.33,
            "debt_ratio": 48.66,
            "inventory_turnover_ratio": 1.54,
            "account_receivable_turnover_ratio": 0.96,
            "reinvestment_rate": null,
            "research_to_sale_ratio": 0.52,
            "price_fair": 5.6,
            "eps_avg_yearly": 0.16,
            "eps_latest_yearly": 0.04,
            "eps_growth_yearly": 48.89
        },
        "20144": {
            "year_quarter": 20144,
            "year": 2014,
            "quarter": 4,
            "eps": 0.02,
            "eps_growth_year": null,
            "eps_4q": 0.09,
            "eps_4q_growth_year": 62.95,
            "roe": 0.18,
            "roe_4q": 1.0099999999999998,
            "gross_profit": 35255,
            "gross_margin": 8.98,
            "gross_margin_4q_avg": 8.23,
            "net_income": 1355,
            "net_income_4q": null,
            "revenue": 392738,
            "revenue_4q": null,
            "common_shares": 836771,
            "book_valuer_per_share": 9.08,
            "book_valuer_per_share_4q_avg": 9.08,
            "equity": 760017,
            "current_ratio": 156.1,
            "debt_ratio": 44.62,
            "inventory_turnover_ratio": 1.63,
            "account_receivable_turnover_ratio": 1.02,
            "reinvestment_rate": null,
            "research_to_sale_ratio": 0.82,
            "price_fair": 5.6,
            "eps_avg_yearly": 0.16,
            "eps_latest_yearly": 0.04,
            "eps_growth_yearly": 48.89
        },
        "20151": {
            "year_quarter": 20151,
            "year": 2015,
            "quarter": 1,
            "eps": 0.1,
            "eps_growth_year": 0,
            "eps_4q": 0.09,
            "eps_4q_growth_year": -9.94,
            "roe": 1.15,
            "roe_4q": 1.0299999999999998,
            "gross_profit": 41341,
            "gross_margin": 12.18,
            "gross_margin_4q_avg": 8.97,
            "net_income": 8768,
            "net_income_4q": null,
            "revenue": 339500,
            "revenue_4q": null,
            "common_shares": 836771,
            "book_valuer_per_share": 9.13,
            "book_valuer_per_share_4q_avg": 9.1,
            "equity": 764317,
            "current_ratio": 166.8,
            "debt_ratio": 41.29,
            "inventory_turnover_ratio": 1.39,
            "account_receivable_turnover_ratio": 0.97,
            "reinvestment_rate": null,
            "research_to_sale_ratio": 1.04,
            "price_fair": 7.7,
            "eps_avg_yearly": 0.22,
            "eps_latest_yearly": 0.4,
            "eps_growth_yearly": 436.67
        },
        "20152": {
            "year_quarter": 20152,
            "year": 2015,
            "quarter": 2,
            "eps": 0.14,
            "eps_growth_year": 1300,
            "eps_4q": 0.22,
            "eps_4q_growth_year": 163.6,
            "roe": 1.53,
            "roe_4q": 2.4099999999999997,
            "gross_profit": 54865,
            "gross_margin": 13.59,
            "gross_margin_4q_avg": 10.52,
            "net_income": 11771,
            "net_income_4q": null,
            "revenue": 403828,
            "revenue_4q": null,
            "common_shares": 836771,
            "book_valuer_per_share": 9.27,
            "book_valuer_per_share_4q_avg": 9.14,
            "equity": 776088,
            "current_ratio": 182.19,
            "debt_ratio": 38.04,
            "inventory_turnover_ratio": 1.81,
            "account_receivable_turnover_ratio": 1.14,
            "reinvestment_rate": -1496.01,
            "research_to_sale_ratio": 1.05,
            "price_fair": 10.08,
            "eps_avg_yearly": 0.29,
            "eps_latest_yearly": 0.56,
            "eps_growth_yearly": 381.33
        },
        "20153": {
            "year_quarter": 20153,
            "year": 2015,
            "quarter": 3,
            "eps": 0.3,
            "eps_growth_year": null,
            "eps_4q": 0.57,
            "eps_4q_growth_year": null,
            "roe": 3.22,
            "roe_4q": 6.08,
            "gross_profit": 48277,
            "gross_margin": 14.7,
            "gross_margin_4q_avg": 12.36,
            "net_income": 25407,
            "net_income_4q": null,
            "revenue": 328321,
            "revenue_4q": null,
            "common_shares": 836771,
            "book_valuer_per_share": 9.59,
            "book_valuer_per_share_4q_avg": 9.27,
            "equity": 802528,
            "current_ratio": 190.48,
            "debt_ratio": 37.25,
            "inventory_turnover_ratio": 1.57,
            "account_receivable_turnover_ratio": 0.87,
            "reinvestment_rate": -515.53,
            "research_to_sale_ratio": 1.16,
            "price_fair": 15.4,
            "eps_avg_yearly": 0.44,
            "eps_latest_yearly": 1.2,
            "eps_growth_yearly": 393.97
        },
        "20154": {
            "year_quarter": 20154,
            "year": 2015,
            "quarter": 4,
            "eps": 0.16,
            "eps_growth_year": 890.71,
            "eps_4q": 0.71,
            "eps_4q_growth_year": 678.01,
            "roe": 1.66,
            "roe_4q": 7.5600000000000005,
            "gross_profit": 67204,
            "gross_margin": 18.63,
            "gross_margin_4q_avg": 14.78,
            "net_income": 13424,
            "net_income_4q": null,
            "revenue": 360746,
            "revenue_4q": null,
            "common_shares": 836771,
            "book_valuer_per_share": 9.71,
            "book_valuer_per_share_4q_avg": 9.43,
            "equity": 812725,
            "current_ratio": 218.3,
            "debt_ratio": 33.59,
            "inventory_turnover_ratio": 1.63,
            "account_receivable_turnover_ratio": 1.02,
            "reinvestment_rate": -304.74,
            "research_to_sale_ratio": 1.12,
            "price_fair": 16.4,
            "eps_avg_yearly": 0.47,
            "eps_latest_yearly": 0.64,
            "eps_growth_yearly": 311.02
        },
        "20161": {
            "year_quarter": 20161,
            "year": 2016,
            "quarter": 1,
            "eps": 0.46,
            "eps_growth_year": 360,
            "eps_4q": 0.39,
            "eps_4q_growth_year": 310.7,
            "roe": 7.13,
            "roe_4q": 13.54,
            "gross_profit": 211475,
            "gross_margin": 20.22,
            "gross_margin_4q_avg": 16.79,
            "net_income": 110110,
            "net_income_4q": null,
            "revenue": 1046008,
            "revenue_4q": null,
            "common_shares": 2223473,
            "book_valuer_per_share": 10.21,
            "book_valuer_per_share_4q_avg": 9.7,
            "equity": 2275643,
            "current_ratio": 240.15,
            "debt_ratio": 46.47,
            "inventory_turnover_ratio": 2.04,
            "account_receivable_turnover_ratio": 1.82,
            "reinvestment_rate": 874.9,
            "research_to_sale_ratio": 1.61,
            "price_fair": 22.4,
            "eps_avg_yearly": 0.64,
            "eps_latest_yearly": 1.84,
            "eps_growth_yearly": 365.89
        },
        "20162": {
            "year_quarter": 20162,
            "year": 2016,
            "quarter": 2,
            "eps": 0.32,
            "eps_growth_year": 128.57,
            "eps_4q": 0.65,
            "eps_4q_growth_year": 196.05,
            "roe": 3.09,
            "roe_4q": 15.1,
            "gross_profit": 175097,
            "gross_margin": 19.6,
            "gross_margin_4q_avg": 18.29,
            "net_income": 71342,
            "net_income_4q": null,
            "revenue": 893179,
            "revenue_4q": null,
            "common_shares": 2223473,
            "book_valuer_per_share": 10.53,
            "book_valuer_per_share_4q_avg": 10.01,
            "equity": 2346796,
            "current_ratio": 251,
            "debt_ratio": 43.69,
            "inventory_turnover_ratio": 1.11,
            "account_receivable_turnover_ratio": 1.16,
            "reinvestment_rate": 528.02,
            "research_to_sale_ratio": 1.59,
            "price_fair": 24.89,
            "eps_avg_yearly": 0.71,
            "eps_latest_yearly": 1.28,
            "eps_growth_yearly": 311.71
        },
        "20163": {
            "year_quarter": 20163,
            "year": 2016,
            "quarter": 3,
            "eps": 0.09,
            "eps_growth_year": -70,
            "eps_4q": 0.63,
            "eps_4q_growth_year": 11.95,
            "roe": 0.86,
            "roe_4q": 12.74,
            "gross_profit": 112447,
            "gross_margin": 13.77,
            "gross_margin_4q_avg": 18.06,
            "net_income": 20221,
            "net_income_4q": null,
            "revenue": 816633,
            "revenue_4q": null,
            "common_shares": 2223473,
            "book_valuer_per_share": 10.62,
            "book_valuer_per_share_4q_avg": 10.27,
            "equity": 2366417,
            "current_ratio": 261.23,
            "debt_ratio": 42.75,
            "inventory_turnover_ratio": 1.17,
            "account_receivable_turnover_ratio": 1.16,
            "reinvestment_rate": 461.15,
            "research_to_sale_ratio": 1.45,
            "price_fair": 23.66,
            "eps_avg_yearly": 0.68,
            "eps_latest_yearly": 0.36,
            "eps_growth_yearly": 251.79
        },
        "20164": {
            "year_quarter": 20164,
            "year": 2016,
            "quarter": 4,
            "eps": 0.37,
            "eps_growth_year": 129.41,
            "eps_4q": 0.94,
            "eps_4q_growth_year": 32.55,
            "roe": 3.49,
            "roe_4q": 14.57,
            "gross_profit": 177758,
            "gross_margin": 21.59,
            "gross_margin_4q_avg": 18.8,
            "net_income": 84113,
            "net_income_4q": null,
            "revenue": 823406,
            "revenue_4q": null,
            "common_shares": 2223473,
            "book_valuer_per_share": 10.97,
            "book_valuer_per_share_4q_avg": 10.58,
            "equity": 2447045,
            "current_ratio": 232.37,
            "debt_ratio": 42.9,
            "inventory_turnover_ratio": 1.1,
            "account_receivable_turnover_ratio": 1.21,
            "reinvestment_rate": 333.49,
            "research_to_sale_ratio": 1.41,
            "price_fair": 26.22,
            "eps_avg_yearly": 0.75,
            "eps_latest_yearly": 1.48,
            "eps_growth_yearly": 342.03
        },
        "20171": {
            "year_quarter": 20171,
            "year": 2017,
            "quarter": 1,
            "eps": 0.05,
            "eps_growth_year": -89.13,
            "eps_4q": 0.83,
            "eps_4q_growth_year": 115.78,
            "roe": 0.45,
            "roe_4q": 7.890000000000001,
            "gross_profit": 116469,
            "gross_margin": 13.09,
            "gross_margin_4q_avg": 17.01,
            "net_income": 11012,
            "net_income_4q": null,
            "revenue": 889711,
            "revenue_4q": null,
            "common_shares": 2223473,
            "book_valuer_per_share": 11.02,
            "book_valuer_per_share_4q_avg": 10.79,
            "equity": 2455157,
            "current_ratio": 241.22,
            "debt_ratio": 41.25,
            "inventory_turnover_ratio": 1.28,
            "account_receivable_turnover_ratio": 1.27,
            "reinvestment_rate": 318.76,
            "research_to_sale_ratio": 1.07,
            "price_fair": 24.62,
            "eps_avg_yearly": 0.7,
            "eps_latest_yearly": 0.2,
            "eps_growth_yearly": 284.7
        },
        "20172": {
            "year_quarter": 20172,
            "year": 2017,
            "quarter": 2,
            "eps": -0.05,
            "eps_growth_year": -115.62,
            "eps_4q": 0.46,
            "eps_4q_growth_year": -29.24,
            "roe": -0.48,
            "roe_4q": 4.32,
            "gross_profit": 45095,
            "gross_margin": 6.08,
            "gross_margin_4q_avg": 13.63,
            "net_income": -11388,
            "net_income_4q": null,
            "revenue": 741304,
            "revenue_4q": null,
            "common_shares": 2223473,
            "book_valuer_per_share": 10.27,
            "book_valuer_per_share_4q_avg": 10.72,
            "equity": 2287564,
            "current_ratio": 215.85,
            "debt_ratio": 45.83,
            "inventory_turnover_ratio": 1.11,
            "account_receivable_turnover_ratio": 1.11,
            "reinvestment_rate": 329.78,
            "research_to_sale_ratio": 1.51,
            "price_fair": 26.47,
            "eps_avg_yearly": 0.76,
            "eps_latest_yearly": 0.2,
            "eps_growth_yearly": 325.13
        },
        "20173": {
            "year_quarter": 20173,
            "year": 2017,
            "quarter": 3,
            "eps": 0.2,
            "eps_growth_year": 122.22,
            "eps_4q": 0.57,
            "eps_4q_growth_year": -10.59,
            "roe": 1.87,
            "roe_4q": 5.33,
            "gross_profit": 114224,
            "gross_margin": 12.97,
            "gross_margin_4q_avg": 13.43,
            "net_income": 43370,
            "net_income_4q": null,
            "revenue": 880993,
            "revenue_4q": null,
            "common_shares": 2223473,
            "book_valuer_per_share": 10.53,
            "book_valuer_per_share_4q_avg": 10.7,
            "equity": 2345976,
            "current_ratio": 223.83,
            "debt_ratio": 43.4,
            "inventory_turnover_ratio": 1.13,
            "account_receivable_turnover_ratio": 1.31,
            "reinvestment_rate": 329.93,
            "research_to_sale_ratio": 1.54,
            "price_fair": 28,
            "eps_avg_yearly": 0.8,
            "eps_latest_yearly": 0.2,
            "eps_growth_yearly": 290.97
        },
        "20174": {
            "year_quarter": 20174,
            "year": 2017,
            "quarter": 4,
            "eps": 0.12,
            "eps_growth_year": -68.14,
            "eps_4q": 0.32,
            "eps_4q_growth_year": -66.51,
            "roe": 1.11,
            "roe_4q": 2.9500000000000006,
            "gross_profit": 105830,
            "gross_margin": 11.8,
            "gross_margin_4q_avg": 10.99,
            "net_income": 26075,
            "net_income_4q": null,
            "revenue": 896897,
            "revenue_4q": null,
            "common_shares": 2223473,
            "book_valuer_per_share": 10.57,
            "book_valuer_per_share_4q_avg": 10.6,
            "equity": 2355031,
            "current_ratio": 240.8,
            "debt_ratio": 44.43,
            "inventory_turnover_ratio": 1.14,
            "account_receivable_turnover_ratio": 1.25,
            "reinvestment_rate": 332.87,
            "research_to_sale_ratio": 1.62,
            "price_fair": 26.98,
            "eps_avg_yearly": 0.77,
            "eps_latest_yearly": 0.48,
            "eps_growth_yearly": 249.98
        },
        "20181": {
            "year_quarter": 20181,
            "year": 2018,
            "quarter": 1,
            "eps": -0.06,
            "eps_growth_year": -220,
            "eps_4q": 0.21,
            "eps_4q_growth_year": -75.24,
            "roe": -0.52,
            "roe_4q": 1.98,
            "gross_profit": 48895,
            "gross_margin": 5.94,
            "gross_margin_4q_avg": 9.2,
            "net_income": -12269,
            "net_income_4q": null,
            "revenue": 822714,
            "revenue_4q": null,
            "common_shares": 2223473,
            "book_valuer_per_share": 10.49,
            "book_valuer_per_share_4q_avg": 10.47,
            "equity": 2337350,
            "current_ratio": 228.72,
            "debt_ratio": 44.02,
            "inventory_turnover_ratio": 1.09,
            "account_receivable_turnover_ratio": 1.23,
            "reinvestment_rate": 338.9,
            "research_to_sale_ratio": 1.85,
            "price_fair": 26.98,
            "eps_avg_yearly": 0.77,
            "eps_latest_yearly": 0.48,
            "eps_growth_yearly": 249.98
        },
        "20182": {
            "year_quarter": 20182,
            "year": 2018,
            "quarter": 2,
            "eps": 0.06,
            "eps_growth_year": null,
            "eps_4q": 0.32,
            "eps_4q_growth_year": -31.91,
            "roe": 0.55,
            "roe_4q": 3.0100000000000002,
            "gross_profit": 56100,
            "gross_margin": 6.24,
            "gross_margin_4q_avg": 9.24,
            "net_income": 12664,
            "net_income_4q": null,
            "revenue": 899104,
            "revenue_4q": null,
            "common_shares": 2223473,
            "book_valuer_per_share": 10.34,
            "book_valuer_per_share_4q_avg": 10.48,
            "equity": 2303819,
            "current_ratio": 208.57,
            "debt_ratio": 45.24,
            "inventory_turnover_ratio": 1.19,
            "account_receivable_turnover_ratio": 1.23,
            "reinvestment_rate": 328.53,
            "research_to_sale_ratio": 1.57,
            "price_fair": 29.54,
            "eps_avg_yearly": 0.84,
            "eps_latest_yearly": 0.48,
            "eps_growth_yearly": 310.97
        },
        "20183": {
            "year_quarter": 20183,
            "year": 2018,
            "quarter": 3,
            "eps": 0.03,
            "eps_growth_year": -85,
            "eps_4q": 0.15,
            "eps_4q_growth_year": -73.16,
            "roe": 0.28,
            "roe_4q": 1.4200000000000002,
            "gross_profit": 94231,
            "gross_margin": 10.73,
            "gross_margin_4q_avg": 8.68,
            "net_income": 6456,
            "net_income_4q": null,
            "revenue": 878170,
            "revenue_4q": null,
            "common_shares": 2223473,
            "book_valuer_per_share": 10.37,
            "book_valuer_per_share_4q_avg": 10.44,
            "equity": 2310390,
            "current_ratio": 202.76,
            "debt_ratio": 44.53,
            "inventory_turnover_ratio": 1.08,
            "account_receivable_turnover_ratio": 1.06,
            "reinvestment_rate": 313.27,
            "research_to_sale_ratio": 1.64,
            "price_fair": 27.24,
            "eps_avg_yearly": 0.78,
            "eps_latest_yearly": 0.12,
            "eps_growth_yearly": 264.52
        },
        "20184": {
            "year_quarter": 20184,
            "year": 2018,
            "quarter": 4,
            "eps": 0.04,
            "eps_growth_year": -67.01,
            "eps_4q": 0.07,
            "eps_4q_growth_year": -76.5,
            "roe": 0.34,
            "roe_4q": 0.6500000000000001,
            "gross_profit": 51567,
            "gross_margin": 6.05,
            "gross_margin_4q_avg": 7.24,
            "net_income": 7868,
            "net_income_4q": null,
            "revenue": 851786,
            "revenue_4q": null,
            "common_shares": 2223473,
            "book_valuer_per_share": 10.42,
            "book_valuer_per_share_4q_avg": 10.41,
            "equity": 2274631,
            "current_ratio": 193.78,
            "debt_ratio": 44.57,
            "inventory_turnover_ratio": 1.06,
            "account_receivable_turnover_ratio": 1.13,
            "reinvestment_rate": 313.25,
            "research_to_sale_ratio": 1.6,
            "price_fair": 25.43,
            "eps_avg_yearly": 0.73,
            "eps_latest_yearly": 0.16,
            "eps_growth_yearly": 253.59
        },
        "20191": {
            "year_quarter": 20191,
            "year": 2019,
            "quarter": 1,
            "eps": 0.11,
            "eps_growth_year": null,
            "eps_4q": 0.24,
            "eps_4q_growth_year": 17.64,
            "roe": 1.06,
            "roe_4q": 2.2300000000000004,
            "gross_profit": 97154,
            "gross_margin": 11.29,
            "gross_margin_4q_avg": 8.58,
            "net_income": 24163,
            "net_income_4q": null,
            "revenue": 860727,
            "revenue_4q": null,
            "common_shares": 2223473,
            "book_valuer_per_share": 10.56,
            "book_valuer_per_share_4q_avg": 10.42,
            "equity": 2296801,
            "current_ratio": 198.62,
            "debt_ratio": 44.23,
            "inventory_turnover_ratio": 1.02,
            "account_receivable_turnover_ratio": 1.21,
            "reinvestment_rate": 302.52,
            "research_to_sale_ratio": 1.62,
            "price_fair": 25.55,
            "eps_avg_yearly": 0.73,
            "eps_latest_yearly": 0.44,
            "eps_growth_yearly": 178.59
        },
        "20192": {
            "year_quarter": 20192,
            "year": 2019,
            "quarter": 2,
            "eps": -0.04,
            "eps_growth_year": -166.67,
            "eps_4q": 0.14,
            "eps_4q_growth_year": -54.09,
            "roe": -0.37,
            "roe_4q": 1.31,
            "gross_profit": 51150,
            "gross_margin": 6.68,
            "gross_margin_4q_avg": 8.69,
            "net_income": -8438,
            "net_income_4q": null,
            "revenue": 766112,
            "revenue_4q": null,
            "common_shares": 2223473,
            "book_valuer_per_share": 10.52,
            "book_valuer_per_share_4q_avg": 10.47,
            "equity": 2288164,
            "current_ratio": 184.72,
            "debt_ratio": 44.2,
            "inventory_turnover_ratio": 0.96,
            "account_receivable_turnover_ratio": 1.1,
            "reinvestment_rate": 336.71,
            "research_to_sale_ratio": 1.81,
            "price_fair": 26.09,
            "eps_avg_yearly": 0.75,
            "eps_latest_yearly": 0.44,
            "eps_growth_yearly": 180.28
        },
        "20193": {
            "year_quarter": 20193,
            "year": 2019,
            "quarter": 3,
            "eps": -0.06,
            "eps_growth_year": -300,
            "eps_4q": 0.05,
            "eps_4q_growth_year": -67.27,
            "roe": -0.58,
            "roe_4q": 0.4500000000000001,
            "gross_profit": 60136,
            "gross_margin": 7.37,
            "gross_margin_4q_avg": 7.85,
            "net_income": -13216,
            "net_income_4q": null,
            "revenue": 816046,
            "revenue_4q": null,
            "common_shares": 2223473,
            "book_valuer_per_share": 10.48,
            "book_valuer_per_share_4q_avg": 10.5,
            "equity": 2279584,
            "current_ratio": 180.81,
            "debt_ratio": 44.45,
            "inventory_turnover_ratio": 1.01,
            "account_receivable_turnover_ratio": 1.18,
            "reinvestment_rate": 368.65,
            "research_to_sale_ratio": 1.73,
            "price_fair": 24.5,
            "eps_avg_yearly": 0.7,
            "eps_latest_yearly": 0.44,
            "eps_growth_yearly": 152.59
        },
        "20194": {
            "year_quarter": 20194,
            "year": 2019,
            "quarter": 4,
            "eps": -0.04,
            "eps_growth_year": -209.26,
            "eps_4q": -0.03,
            "eps_4q_growth_year": -142.38,
            "roe": -0.41,
            "roe_4q": -0.2999999999999998,
            "gross_profit": 73697,
            "gross_margin": 9.2,
            "gross_margin_4q_avg": 8.64,
            "net_income": -9386,
            "net_income_4q": null,
            "revenue": 801083,
            "revenue_4q": null,
            "common_shares": 2223473,
            "book_valuer_per_share": 10.47,
            "book_valuer_per_share_4q_avg": 10.51,
            "equity": 2277337,
            "current_ratio": 196.23,
            "debt_ratio": 46.36,
            "inventory_turnover_ratio": 0.95,
            "account_receivable_turnover_ratio": 1.19,
            "reinvestment_rate": 407.9,
            "research_to_sale_ratio": 1.8,
            "price_fair": 24.73,
            "eps_avg_yearly": 0.71,
            "eps_latest_yearly": 0.44,
            "eps_growth_yearly": 190.29
        },
        "20201": {
            "year_quarter": 20201,
            "year": 2020,
            "quarter": 1,
            "eps": -0.06,
            "eps_growth_year": -154.55,
            "eps_4q": -0.2,
            "eps_4q_growth_year": -181.12,
            "roe": -0.53,
            "roe_4q": -1.8900000000000001,
            "gross_profit": 66643,
            "gross_margin": 8.03,
            "gross_margin_4q_avg": 7.82,
            "net_income": -12014,
            "net_income_4q": null,
            "revenue": 830261,
            "revenue_4q": null,
            "common_shares": 2223473,
            "book_valuer_per_share": 10.37,
            "book_valuer_per_share_4q_avg": 10.46,
            "equity": 2254095,
            "current_ratio": 195.3,
            "debt_ratio": 45.83,
            "inventory_turnover_ratio": 1.01,
            "account_receivable_turnover_ratio": 1.28,
            "reinvestment_rate": 28.69,
            "research_to_sale_ratio": 1.71,
            "price_fair": 19.78,
            "eps_avg_yearly": 0.57,
            "eps_latest_yearly": 0.44,
            "eps_growth_yearly": 120.32
        },
        "20202": {
            "year_quarter": 20202,
            "year": 2020,
            "quarter": 2,
            "eps": 2.81,
            "eps_growth_year": null,
            "eps_4q": 2.65,
            "eps_4q_growth_year": 1732.2,
            "roe": 23.77,
            "roe_4q": 22.25,
            "gross_profit": 57119,
            "gross_margin": 8.54,
            "gross_margin_4q_avg": 8.29,
            "net_income": 609449,
            "net_income_4q": null,
            "revenue": 668844,
            "revenue_4q": null,
            "common_shares": 2223473,
            "book_valuer_per_share": 13.22,
            "book_valuer_per_share_4q_avg": 11.14,
            "equity": 2873609,
            "current_ratio": 239.08,
            "debt_ratio": 40.87,
            "inventory_turnover_ratio": 0.84,
            "account_receivable_turnover_ratio": 1.05,
            "reinvestment_rate": -3.07,
            "research_to_sale_ratio": 2.17,
            "price_fair": 16.2,
            "eps_avg_yearly": 0.46,
            "eps_latest_yearly": 0.44,
            "eps_growth_yearly": 154.9
        },
        "20203": {
            "year_quarter": 20203,
            "year": 2020,
            "quarter": 3,
            "eps": -0.09,
            "eps_growth_year": null,
            "eps_4q": 2.62,
            "eps_4q_growth_year": 5162.6,
            "roe": -0.72,
            "roe_4q": 22.11,
            "gross_profit": 39668,
            "gross_margin": 6.38,
            "gross_margin_4q_avg": 8.04,
            "net_income": -20629,
            "net_income_4q": null,
            "revenue": 621286,
            "revenue_4q": null,
            "common_shares": 2223473,
            "book_valuer_per_share": 13.15,
            "book_valuer_per_share_4q_avg": 11.8,
            "equity": 2854618,
            "current_ratio": 229.26,
            "debt_ratio": 42.4,
            "inventory_turnover_ratio": 0.78,
            "account_receivable_turnover_ratio": 1.1,
            "reinvestment_rate": -1.47,
            "research_to_sale_ratio": 2.13,
            "price_fair": 16.8,
            "eps_avg_yearly": 0.48,
            "eps_latest_yearly": 0.44,
            "eps_growth_yearly": 228.64
        },
        "20204": {
            "year_quarter": 20204,
            "year": 2020,
            "quarter": 4,
            "eps": -0.28,
            "eps_growth_year": null,
            "eps_4q": 2.84,
            "eps_4q_growth_year": null,
            "roe": -1.97,
            "roe_4q": 20.549999999999997,
            "gross_profit": -24075,
            "gross_margin": -3.81,
            "gross_margin_4q_avg": 4.79,
            "net_income": -52500,
            "net_income_4q": null,
            "revenue": 632210,
            "revenue_4q": null,
            "common_shares": 1889952,
            "book_valuer_per_share": 13.43,
            "book_valuer_per_share_4q_avg": 12.54,
            "equity": 2477377,
            "current_ratio": 180.02,
            "debt_ratio": 48.38,
            "inventory_turnover_ratio": 0.9,
            "account_receivable_turnover_ratio": 1.18,
            "reinvestment_rate": 5.2,
            "research_to_sale_ratio": 1.99,
            "price_fair": 9.8,
            "eps_avg_yearly": 0.28,
            "eps_latest_yearly": 0.44,
            "eps_growth_yearly": 25.48
        },
        "20211": {
            "year_quarter": 20211,
            "year": 2021,
            "quarter": 1,
            "eps": -0.22,
            "eps_growth_year": null,
            "eps_4q": 2.69,
            "eps_4q_growth_year": null,
            "roe": -1.63,
            "roe_4q": 19.45,
            "gross_profit": 23474,
            "gross_margin": 3.23,
            "gross_margin_4q_avg": 3.59,
            "net_income": -39995,
            "net_income_4q": null,
            "revenue": 726658,
            "revenue_4q": null,
            "common_shares": 1889952,
            "book_valuer_per_share": 13.22,
            "book_valuer_per_share_4q_avg": 13.26,
            "equity": 2439034,
            "current_ratio": 192.75,
            "debt_ratio": 45.04,
            "inventory_turnover_ratio": 1.07,
            "account_receivable_turnover_ratio": 1.22,
            "reinvestment_rate": 15.12,
            "research_to_sale_ratio": 1.74,
            "price_fair": 10.5,
            "eps_avg_yearly": 0.3,
            "eps_latest_yearly": 0.44,
            "eps_growth_yearly": 118.33
        },
        "20212": {
            "year_quarter": 20212,
            "year": 2021,
            "quarter": 2,
            "eps": 0.08,
            "eps_growth_year": -97.15,
            "eps_4q": -0.53,
            "eps_4q_growth_year": -120.09,
            "roe": 0.61,
            "roe_4q": -3.71,
            "gross_profit": 20580,
            "gross_margin": 3,
            "gross_margin_4q_avg": 2.2,
            "net_income": 14897,
            "net_income_4q": null,
            "revenue": 686474,
            "revenue_4q": null,
            "common_shares": 1889952,
            "book_valuer_per_share": 13.3,
            "book_valuer_per_share_4q_avg": 13.28,
            "equity": 2454147,
            "current_ratio": 208.08,
            "debt_ratio": 41.76,
            "inventory_turnover_ratio": 1.1,
            "account_receivable_turnover_ratio": 1.04,
            "reinvestment_rate": 20.47,
            "research_to_sale_ratio": 1.86,
            "price_fair": 10.5,
            "eps_avg_yearly": 0.3,
            "eps_latest_yearly": 0.44,
            "eps_growth_yearly": 118.33
        },
        "20213": {
            "year_quarter": 20213,
            "year": 2021,
            "quarter": 3,
            "eps": -0.45,
            "eps_growth_year": null,
            "eps_4q": -0.88,
            "eps_4q_growth_year": -133.46,
            "roe": -3.54,
            "roe_4q": -6.53,
            "gross_profit": -18940,
            "gross_margin": -3.16,
            "gross_margin_4q_avg": -0.19,
            "net_income": -83890,
            "net_income_4q": null,
            "revenue": 600167,
            "revenue_4q": null,
            "common_shares": 1889952,
            "book_valuer_per_share": 12.35,
            "book_valuer_per_share_4q_avg": 13.08,
            "equity": 2278698,
            "current_ratio": 191.17,
            "debt_ratio": 42.66,
            "inventory_turnover_ratio": 0.94,
            "account_receivable_turnover_ratio": 0.98,
            "reinvestment_rate": -5.37,
            "research_to_sale_ratio": 2.1,
            "price_fair": 10.5,
            "eps_avg_yearly": 0.3,
            "eps_latest_yearly": 0.44,
            "eps_growth_yearly": 118.33
        },
        "20214": {
            "year_quarter": 20214,
            "year": 2021,
            "quarter": 4,
            "eps": 0.21,
            "eps_growth_year": null,
            "eps_4q": -0.38,
            "eps_4q_growth_year": -113.31,
            "roe": 1.69,
            "roe_4q": -2.87,
            "gross_profit": 102990,
            "gross_margin": 12.3,
            "gross_margin_4q_avg": 3.84,
            "net_income": 38972,
            "net_income_4q": null,
            "revenue": 837339,
            "revenue_4q": null,
            "common_shares": 1889952,
            "book_valuer_per_share": 12.61,
            "book_valuer_per_share_4q_avg": 12.87,
            "equity": 2331589,
            "current_ratio": 190.32,
            "debt_ratio": 43.01,
            "inventory_turnover_ratio": 0.96,
            "account_receivable_turnover_ratio": 1.26,
            "reinvestment_rate": -28.57,
            "research_to_sale_ratio": 1.59,
            "price_fair": 8.4,
            "eps_avg_yearly": 0.24,
            "eps_latest_yearly": 0.44,
            "eps_growth_yearly": 211.11
        },
        "20221": {
            "year_quarter": 20221,
            "year": 2022,
            "quarter": 1,
            "eps": 0.14,
            "eps_growth_year": null,
            "eps_4q": -0.02,
            "eps_4q_growth_year": -100.87,
            "roe": 1.09,
            "roe_4q": -0.1499999999999998,
            "gross_profit": 74671,
            "gross_margin": 9.37,
            "gross_margin_4q_avg": 5.38,
            "net_income": 25647,
            "net_income_4q": null,
            "revenue": 796849,
            "revenue_4q": null,
            "common_shares": 1848841,
            "book_valuer_per_share": 12.75,
            "book_valuer_per_share_4q_avg": 12.75,
            "equity": 2358133,
            "current_ratio": 192.93,
            "debt_ratio": 42.44,
            "inventory_turnover_ratio": 0.85,
            "account_receivable_turnover_ratio": 1.04,
            "reinvestment_rate": -19.04,
            "research_to_sale_ratio": 1.52,
            "price_fair": 11.2,
            "eps_avg_yearly": 0.32,
            "eps_latest_yearly": 0.56,
            "eps_growth_yearly": 125
        },
        "20222": {
            "year_quarter": 20222,
            "year": 2022,
            "quarter": 2,
            "eps": 0.28,
            "eps_growth_year": 250,
            "eps_4q": 0.18,
            "eps_4q_growth_year": null,
            "roe": 2.2,
            "roe_4q": 1.4400000000000004,
            "gross_profit": 103989,
            "gross_margin": 12.16,
            "gross_margin_4q_avg": 7.67,
            "net_income": 52391,
            "net_income_4q": null,
            "revenue": 854979,
            "revenue_4q": null,
            "common_shares": 1848841,
            "book_valuer_per_share": 13.01,
            "book_valuer_per_share_4q_avg": 12.68,
            "equity": 2404844,
            "current_ratio": 195.55,
            "debt_ratio": 41.55,
            "inventory_turnover_ratio": 0.84,
            "account_receivable_turnover_ratio": 1.11,
            "reinvestment_rate": -21.05,
            "research_to_sale_ratio": 1.44,
            "price_fair": 16.8,
            "eps_avg_yearly": 0.48,
            "eps_latest_yearly": 1.12,
            "eps_growth_yearly": 180
        },
        "20223": {
            "year_quarter": 20223,
            "year": 2022,
            "quarter": 3,
            "eps": 0.04,
            "eps_growth_year": null,
            "eps_4q": 0.67,
            "eps_4q_growth_year": null,
            "roe": 0.29,
            "roe_4q": 5.27,
            "gross_profit": 44456,
            "gross_margin": 6.82,
            "gross_margin_4q_avg": 10.16,
            "net_income": 7101,
            "net_income_4q": null,
            "revenue": 651973,
            "revenue_4q": null,
            "common_shares": 1848841,
            "book_valuer_per_share": 13.05,
            "book_valuer_per_share_4q_avg": 12.86,
            "equity": 2413395,
            "current_ratio": 204.24,
            "debt_ratio": 41.91,
            "inventory_turnover_ratio": 0.62,
            "account_receivable_turnover_ratio": 0.89,
            "reinvestment_rate": -20.71,
            "research_to_sale_ratio": 1.98,
            "price_fair": 17.08,
            "eps_avg_yearly": 0.49,
            "eps_latest_yearly": 0.16,
            "eps_growth_yearly": 151.43
        },
        "20224": {
            "year_quarter": 20224,
            "year": 2022,
            "quarter": 4,
            "eps": -0.13,
            "eps_growth_year": -161.01,
            "eps_4q": 0.33,
            "eps_4q_growth_year": null,
            "roe": -0.99,
            "roe_4q": 2.5900000000000003,
            "gross_profit": 32632,
            "gross_margin": 4.63,
            "gross_margin_4q_avg": 8.25,
            "net_income": -23809,
            "net_income_4q": null,
            "revenue": 704753,
            "revenue_4q": null,
            "common_shares": 1848841,
            "book_valuer_per_share": 12.97,
            "book_valuer_per_share_4q_avg": 12.95,
            "equity": 2398046,
            "current_ratio": 206.75,
            "debt_ratio": 42.69,
            "inventory_turnover_ratio": 0.64,
            "account_receivable_turnover_ratio": 1.12,
            "reinvestment_rate": -34.76,
            "research_to_sale_ratio": 1.77,
            "price_fair": 19.95,
            "eps_avg_yearly": 0.57,
            "eps_latest_yearly": 0.16,
            "eps_growth_yearly": 155.95
        },
        "20231": {
            "year_quarter": 20231,
            "year": 2023,
            "quarter": 1,
            "eps": -0.3,
            "eps_growth_year": -314.29,
            "eps_4q": -0.1,
            "eps_4q_growth_year": null,
            "roe": -2.32,
            "roe_4q": -0.8199999999999994,
            "gross_profit": -3012,
            "gross_margin": -0.52,
            "gross_margin_4q_avg": 5.77,
            "net_income": -54974,
            "net_income_4q": null,
            "revenue": 575471,
            "revenue_4q": null,
            "common_shares": 1848841,
            "book_valuer_per_share": 12.68,
            "book_valuer_per_share_4q_avg": 12.93,
            "equity": 2344304,
            "current_ratio": 222.23,
            "debt_ratio": 39.38,
            "inventory_turnover_ratio": 0.56,
            "account_receivable_turnover_ratio": 1.13,
            "reinvestment_rate": -45.32,
            "research_to_sale_ratio": 2.09,
            "price_fair": 1.84,
            "eps_avg_yearly": 0.61,
            "eps_latest_yearly": 0.16,
            "eps_growth_yearly": -25.4
        },
        "20232": {
            "year_quarter": 20232,
            "year": 2023,
            "quarter": 2,
            "eps": -0.43,
            "eps_growth_year": -253.57,
            "eps_4q": -0.82,
            "eps_4q_growth_year": -557.67,
            "roe": -3.49,
            "roe_4q": -6.510000000000001,
            "gross_profit": -55664,
            "gross_margin": -11.14,
            "gross_margin_4q_avg": -0.05,
            "net_income": -80133,
            "net_income_4q": null,
            "revenue": 499699,
            "revenue_4q": null,
            "common_shares": 1848841,
            "book_valuer_per_share": 12.14,
            "book_valuer_per_share_4q_avg": 12.71,
            "equity": 2243792,
            "current_ratio": 203.4,
            "debt_ratio": 39.99,
            "inventory_turnover_ratio": 0.56,
            "account_receivable_turnover_ratio": 1.17,
            "reinvestment_rate": -78.19,
            "research_to_sale_ratio": 2.38,
            "price_fair": 1.84,
            "eps_avg_yearly": 0.61,
            "eps_latest_yearly": 0.16,
            "eps_growth_yearly": -25.4
        },
        "20233": {
            "year_quarter": 20233,
            "year": 2023,
            "quarter": 3,
            "eps": -0.42,
            "eps_growth_year": -1150,
            "eps_4q": -1.28,
            "eps_4q_growth_year": -290.38,
            "roe": -3.51,
            "roe_4q": -10.31,
            "gross_profit": -41238,
            "gross_margin": -7.89,
            "gross_margin_4q_avg": -3.73,
            "net_income": -77469,
            "net_income_4q": null,
            "revenue": 522521,
            "revenue_4q": null,
            "common_shares": 1848841,
            "book_valuer_per_share": 11.72,
            "book_valuer_per_share_4q_avg": 12.38,
            "equity": 2167132,
            "current_ratio": 210.82,
            "debt_ratio": 41.59,
            "inventory_turnover_ratio": 0.59,
            "account_receivable_turnover_ratio": 1.21,
            "reinvestment_rate": -86.13,
            "research_to_sale_ratio": 2.23,
            "price_fair": 1.84,
            "eps_avg_yearly": 0.61,
            "eps_latest_yearly": 0.16,
            "eps_growth_yearly": -25.4
        }
    },
    "months": {
        "2001-06": {
            "month": "2001-06",
            "price": "2.92",
            "revenue": 62203
        },
        "2001-07": {
            "month": "2001-07",
            "price": "2.50",
            "revenue": 67978
        },
        "2001-08": {
            "month": "2001-08",
            "price": "2.88",
            "revenue": 63296
        },
        "2001-09": {
            "month": "2001-09",
            "price": "2.76",
            "revenue": 61186
        },
        "2001-10": {
            "month": "2001-10",
            "price": "2.42",
            "revenue": 71968
        },
        "2001-11": {
            "month": "2001-11",
            "price": "2.38",
            "revenue": 69107
        },
        "2001-12": {
            "month": "2001-12",
            "price": "2.81",
            "revenue": 69935
        },
        "2002-01": {
            "month": "2002-01",
            "price": "3.02",
            "revenue": 68579
        },
        "2002-02": {
            "month": "2002-02",
            "price": "3.63",
            "revenue": 51295
        },
        "2002-03": {
            "month": "2002-03",
            "price": "4.38",
            "revenue": 79783
        },
        "2002-04": {
            "month": "2002-04",
            "price": "5.91",
            "revenue": 78030
        },
        "2002-05": {
            "month": "2002-05",
            "price": "5.96",
            "revenue": 75692
        },
        "2002-06": {
            "month": "2002-06",
            "price": "6.34",
            "revenue": 65562
        },
        "2002-07": {
            "month": "2002-07",
            "price": "8.28",
            "revenue": 56683
        },
        "2002-08": {
            "month": "2002-08",
            "price": "7.55",
            "revenue": 65989
        },
        "2002-09": {
            "month": "2002-09",
            "price": "5.47",
            "revenue": 68398
        },
        "2002-10": {
            "month": "2002-10",
            "price": "4.88",
            "revenue": 76753
        },
        "2002-11": {
            "month": "2002-11",
            "price": "5.64",
            "revenue": 62859
        },
        "2002-12": {
            "month": "2002-12",
            "price": "5.39",
            "revenue": 68172
        },
        "2003-01": {
            "month": "2003-01",
            "price": "5.70",
            "revenue": 64356
        },
        "2003-02": {
            "month": "2003-02",
            "price": "6.29",
            "revenue": 51089
        },
        "2003-03": {
            "month": "2003-03",
            "price": "5.39",
            "revenue": 80793
        },
        "2003-04": {
            "month": "2003-04",
            "price": "5.50",
            "revenue": 65006
        },
        "2003-05": {
            "month": "2003-05",
            "price": "4.64",
            "revenue": 57422
        },
        "2003-06": {
            "month": "2003-06",
            "price": "4.97",
            "revenue": 56186
        },
        "2003-07": {
            "month": "2003-07",
            "price": "5.01",
            "revenue": 76423
        },
        "2003-08": {
            "month": "2003-08",
            "price": "4.78",
            "revenue": 54947
        },
        "2003-09": {
            "month": "2003-09",
            "price": "4.44",
            "revenue": 80136
        },
        "2003-10": {
            "month": "2003-10",
            "price": "4.46",
            "revenue": 88273
        },
        "2003-11": {
            "month": "2003-11",
            "price": "4.30",
            "revenue": 78772
        },
        "2003-12": {
            "month": "2003-12",
            "price": "4.15",
            "revenue": 84065
        },
        "2004-01": {
            "month": "2004-01",
            "price": "4.75",
            "revenue": 74401
        },
        "2004-02": {
            "month": "2004-02",
            "price": "8.18",
            "revenue": 78529
        },
        "2004-03": {
            "month": "2004-03",
            "price": "8.40",
            "revenue": 92530
        },
        "2004-04": {
            "month": "2004-04",
            "price": "8.08",
            "revenue": 93340
        },
        "2004-05": {
            "month": "2004-05",
            "price": "8.07",
            "revenue": 78409
        },
        "2004-06": {
            "month": "2004-06",
            "price": "8.32",
            "revenue": 71829
        },
        "2004-07": {
            "month": "2004-07",
            "price": "7.09",
            "revenue": 77779
        },
        "2004-08": {
            "month": "2004-08",
            "price": "6.68",
            "revenue": 74451
        },
        "2004-09": {
            "month": "2004-09",
            "price": "7.20",
            "revenue": 75571
        },
        "2004-10": {
            "month": "2004-10",
            "price": "7.01",
            "revenue": 77739
        },
        "2004-11": {
            "month": "2004-11",
            "price": "5.94",
            "revenue": 90738
        },
        "2004-12": {
            "month": "2004-12",
            "price": "5.90",
            "revenue": 59110
        },
        "2005-01": {
            "month": "2005-01",
            "price": "6.96",
            "revenue": 60581
        },
        "2005-02": {
            "month": "2005-02",
            "price": "6.77",
            "revenue": 42060
        },
        "2005-03": {
            "month": "2005-03",
            "price": "6.72",
            "revenue": 110197
        },
        "2005-04": {
            "month": "2005-04",
            "price": "6.58",
            "revenue": 86309
        },
        "2005-05": {
            "month": "2005-05",
            "price": "5.74",
            "revenue": 84259
        },
        "2005-06": {
            "month": "2005-06",
            "price": "6.17",
            "revenue": 65533
        },
        "2005-07": {
            "month": "2005-07",
            "price": "5.89",
            "revenue": 63452
        },
        "2005-08": {
            "month": "2005-08",
            "price": "5.63",
            "revenue": 65611
        },
        "2005-09": {
            "month": "2005-09",
            "price": "5.52",
            "revenue": 71799
        },
        "2005-10": {
            "month": "2005-10",
            "price": "5.12",
            "revenue": 70946
        },
        "2005-11": {
            "month": "2005-11",
            "price": "4.82",
            "revenue": 80940
        },
        "2005-12": {
            "month": "2005-12",
            "price": "4.67",
            "revenue": 59679
        },
        "2006-01": {
            "month": "2006-01",
            "price": "4.78",
            "revenue": 52146
        },
        "2006-02": {
            "month": "2006-02",
            "price": "4.86",
            "revenue": 64216
        },
        "2006-03": {
            "month": "2006-03",
            "price": "6.59",
            "revenue": 85007
        },
        "2006-04": {
            "month": "2006-04",
            "price": "6.48",
            "revenue": 84409
        },
        "2006-05": {
            "month": "2006-05",
            "price": "6.39",
            "revenue": 100846
        },
        "2006-06": {
            "month": "2006-06",
            "price": "6.10",
            "revenue": 91470
        },
        "2006-07": {
            "month": "2006-07",
            "price": "5.72",
            "revenue": 75898
        },
        "2006-08": {
            "month": "2006-08",
            "price": "5.66",
            "revenue": 102836
        },
        "2006-09": {
            "month": "2006-09",
            "price": "5.46",
            "revenue": 98161
        },
        "2006-10": {
            "month": "2006-10",
            "price": "5.52",
            "revenue": 96918
        },
        "2006-11": {
            "month": "2006-11",
            "price": "5.34",
            "revenue": 102682
        },
        "2006-12": {
            "month": "2006-12",
            "price": "6.34",
            "revenue": 75781
        },
        "2007-01": {
            "month": "2007-01",
            "price": "6.88",
            "revenue": 110588
        },
        "2007-02": {
            "month": "2007-02",
            "price": "6.65",
            "revenue": 45783
        },
        "2007-03": {
            "month": "2007-03",
            "price": "7.05",
            "revenue": 113762
        },
        "2007-04": {
            "month": "2007-04",
            "price": "8.08",
            "revenue": 110130
        },
        "2007-05": {
            "month": "2007-05",
            "price": "8.58",
            "revenue": 122251
        },
        "2007-06": {
            "month": "2007-06",
            "price": "9.06",
            "revenue": 99780
        },
        "2007-07": {
            "month": "2007-07",
            "price": "19.52",
            "revenue": 127355
        },
        "2007-08": {
            "month": "2007-08",
            "price": "15.54",
            "revenue": 117293
        },
        "2007-09": {
            "month": "2007-09",
            "price": "16.72",
            "revenue": 101933
        },
        "2007-10": {
            "month": "2007-10",
            "price": "16.81",
            "revenue": 124350
        },
        "2007-11": {
            "month": "2007-11",
            "price": "12.96",
            "revenue": 124250
        },
        "2007-12": {
            "month": "2007-12",
            "price": "11.23",
            "revenue": 120284
        },
        "2008-01": {
            "month": "2008-01",
            "price": "10.02",
            "revenue": 132532
        },
        "2008-02": {
            "month": "2008-02",
            "price": "11.39",
            "revenue": 97249
        },
        "2008-03": {
            "month": "2008-03",
            "price": "13.81",
            "revenue": 169360
        },
        "2008-04": {
            "month": "2008-04",
            "price": "14.74",
            "revenue": 167721
        },
        "2008-05": {
            "month": "2008-05",
            "price": "15.07",
            "revenue": 174671
        },
        "2008-06": {
            "month": "2008-06",
            "price": "12.22",
            "revenue": 162125
        },
        "2008-07": {
            "month": "2008-07",
            "price": "9.75",
            "revenue": 173989
        },
        "2008-08": {
            "month": "2008-08",
            "price": "9.41",
            "revenue": 137691
        },
        "2008-09": {
            "month": "2008-09",
            "price": "6.67",
            "revenue": 125855
        },
        "2008-10": {
            "month": "2008-10",
            "price": "6.18",
            "revenue": 128527
        },
        "2008-11": {
            "month": "2008-11",
            "price": "6.60",
            "revenue": 94761
        },
        "2008-12": {
            "month": "2008-12",
            "price": "6.01",
            "revenue": 56332
        },
        "2009-01": {
            "month": "2009-01",
            "price": "5.82",
            "revenue": 43843
        },
        "2009-02": {
            "month": "2009-02",
            "price": "5.31",
            "revenue": 94351
        },
        "2009-03": {
            "month": "2009-03",
            "price": "6.28",
            "revenue": 110379
        },
        "2009-04": {
            "month": "2009-04",
            "price": "8.29",
            "revenue": 119266
        },
        "2009-05": {
            "month": "2009-05",
            "price": "7.07",
            "revenue": 95622
        },
        "2009-06": {
            "month": "2009-06",
            "price": "6.24",
            "revenue": 121182
        },
        "2009-07": {
            "month": "2009-07",
            "price": "6.42",
            "revenue": 112015
        },
        "2009-08": {
            "month": "2009-08",
            "price": "6.59",
            "revenue": 110120
        },
        "2009-09": {
            "month": "2009-09",
            "price": "6.49",
            "revenue": 120570
        },
        "2009-10": {
            "month": "2009-10",
            "price": "6.73",
            "revenue": 122104
        },
        "2009-11": {
            "month": "2009-11",
            "price": "6.69",
            "revenue": 113501
        },
        "2009-12": {
            "month": "2009-12",
            "price": "11.73",
            "revenue": 130433
        },
        "2010-01": {
            "month": "2010-01",
            "price": "16.15",
            "revenue": 163924
        },
        "2010-02": {
            "month": "2010-02",
            "price": "14.83",
            "revenue": 93152
        },
        "2010-03": {
            "month": "2010-03",
            "price": "16.23",
            "revenue": 201674
        },
        "2010-04": {
            "month": "2010-04",
            "price": "17.71",
            "revenue": 136301
        },
        "2010-05": {
            "month": "2010-05",
            "price": "15.15",
            "revenue": 134527
        },
        "2010-06": {
            "month": "2010-06",
            "price": "14.10",
            "revenue": 136809
        },
        "2010-07": {
            "month": "2010-07",
            "price": "14.46",
            "revenue": 149169
        },
        "2010-08": {
            "month": "2010-08",
            "price": "14.55",
            "revenue": 145206
        },
        "2010-09": {
            "month": "2010-09",
            "price": "13.66",
            "revenue": 140642
        },
        "2010-10": {
            "month": "2010-10",
            "price": "13.63",
            "revenue": 153730
        },
        "2010-11": {
            "month": "2010-11",
            "price": "11.35",
            "revenue": 155742
        },
        "2010-12": {
            "month": "2010-12",
            "price": "11.34",
            "revenue": 169163
        },
        "2011-01": {
            "month": "2011-01",
            "price": "11.18",
            "revenue": 140693
        },
        "2011-02": {
            "month": "2011-02",
            "price": "10.66",
            "revenue": 129411
        },
        "2011-03": {
            "month": "2011-03",
            "price": "10.44",
            "revenue": 190048
        },
        "2011-04": {
            "month": "2011-04",
            "price": "10.71",
            "revenue": 146778
        },
        "2011-05": {
            "month": "2011-05",
            "price": "11.39",
            "revenue": 118446
        },
        "2011-06": {
            "month": "2011-06",
            "price": "10.99",
            "revenue": 138730
        },
        "2011-07": {
            "month": "2011-07",
            "price": "9.89",
            "revenue": 146421
        },
        "2011-08": {
            "month": "2011-08",
            "price": "8.86",
            "revenue": 146895
        },
        "2011-09": {
            "month": "2011-09",
            "price": "8.20",
            "revenue": 136161
        },
        "2011-10": {
            "month": "2011-10",
            "price": "8.07",
            "revenue": 144849
        },
        "2011-11": {
            "month": "2011-11",
            "price": "7.93",
            "revenue": 135572
        },
        "2011-12": {
            "month": "2011-12",
            "price": "7.39",
            "revenue": 125262
        },
        "2012-01": {
            "month": "2012-01",
            "price": "6.92",
            "revenue": 72080
        },
        "2012-02": {
            "month": "2012-02",
            "price": "8.29",
            "revenue": 115101
        },
        "2012-03": {
            "month": "2012-03",
            "price": "8.24",
            "revenue": 157403
        },
        "2012-04": {
            "month": "2012-04",
            "price": "7.26",
            "revenue": 160637
        },
        "2012-05": {
            "month": "2012-05",
            "price": "7.94",
            "revenue": 114820
        },
        "2012-06": {
            "month": "2012-06",
            "price": "7.16",
            "revenue": 123921
        },
        "2012-07": {
            "month": "2012-07",
            "price": "7.06",
            "revenue": 136249
        },
        "2012-08": {
            "month": "2012-08",
            "price": "7.10",
            "revenue": 136071
        },
        "2012-09": {
            "month": "2012-09",
            "price": "7.47",
            "revenue": 131026
        },
        "2012-10": {
            "month": "2012-10",
            "price": "7.40",
            "revenue": 140043
        },
        "2012-11": {
            "month": "2012-11",
            "price": "7.18",
            "revenue": 134699
        },
        "2012-12": {
            "month": "2012-12",
            "price": "7.93",
            "revenue": 128630
        },
        "2013-01": {
            "month": "2013-01",
            "price": "8.10",
            "revenue": 144901
        },
        "2013-02": {
            "month": "2013-02",
            "price": "8.08",
            "revenue": 84963
        },
        "2013-03": {
            "month": "2013-03",
            "price": "8.36",
            "revenue": 173963
        },
        "2013-04": {
            "month": "2013-04",
            "price": "7.97",
            "revenue": 173409
        },
        "2013-05": {
            "month": "2013-05",
            "price": "8.16",
            "revenue": 160658
        },
        "2013-06": {
            "month": "2013-06",
            "price": "8.06",
            "revenue": 123886
        },
        "2013-07": {
            "month": "2013-07",
            "price": "7.96",
            "revenue": 148561
        },
        "2013-08": {
            "month": "2013-08",
            "price": "8.05",
            "revenue": 149595
        },
        "2013-09": {
            "month": "2013-09",
            "price": "8.05",
            "revenue": 132919
        },
        "2013-10": {
            "month": "2013-10",
            "price": "9.14",
            "revenue": 143369
        },
        "2013-11": {
            "month": "2013-11",
            "price": "8.53",
            "revenue": 148282
        },
        "2013-12": {
            "month": "2013-12",
            "price": "8.36",
            "revenue": 129429
        },
        "2014-01": {
            "month": "2014-01",
            "price": "8.61",
            "revenue": 162699
        },
        "2014-02": {
            "month": "2014-02",
            "price": "9.27",
            "revenue": 114953
        },
        "2014-03": {
            "month": "2014-03",
            "price": "10.79",
            "revenue": 167886
        },
        "2014-04": {
            "month": "2014-04",
            "price": "10.88",
            "revenue": 131547
        },
        "2014-05": {
            "month": "2014-05",
            "price": "9.95",
            "revenue": 127871
        },
        "2014-06": {
            "month": "2014-06",
            "price": "10.88",
            "revenue": 110132
        },
        "2014-07": {
            "month": "2014-07",
            "price": "12.22",
            "revenue": 151585
        },
        "2014-08": {
            "month": "2014-08",
            "price": "11.55",
            "revenue": 111431
        },
        "2014-09": {
            "month": "2014-09",
            "price": "11.72",
            "revenue": 107412
        },
        "2014-10": {
            "month": "2014-10",
            "price": "11.06",
            "revenue": 140363
        },
        "2014-11": {
            "month": "2014-11",
            "price": "10.23",
            "revenue": 125120
        },
        "2014-12": {
            "month": "2014-12",
            "price": "9.97",
            "revenue": 127255
        },
        "2015-01": {
            "month": "2015-01",
            "price": "10.73",
            "revenue": 112698
        },
        "2015-02": {
            "month": "2015-02",
            "price": "11.38",
            "revenue": 76130
        },
        "2015-03": {
            "month": "2015-03",
            "price": "11.39",
            "revenue": 150673
        },
        "2015-04": {
            "month": "2015-04",
            "price": "11.46",
            "revenue": 179028
        },
        "2015-05": {
            "month": "2015-05",
            "price": "11.60",
            "revenue": 110311
        },
        "2015-06": {
            "month": "2015-06",
            "price": "10.59",
            "revenue": 114488
        },
        "2015-07": {
            "month": "2015-07",
            "price": "10.58",
            "revenue": 115472
        },
        "2015-08": {
            "month": "2015-08",
            "price": "10.17",
            "revenue": 108878
        },
        "2015-09": {
            "month": "2015-09",
            "price": "9.97",
            "revenue": 103971
        },
        "2015-10": {
            "month": "2015-10",
            "price": "10.82",
            "revenue": 123488
        },
        "2015-11": {
            "month": "2015-11",
            "price": "11.33",
            "revenue": 128001
        },
        "2015-12": {
            "month": "2015-12",
            "price": "12.58",
            "revenue": 109258
        },
        "2016-01": {
            "month": "2016-01",
            "price": "11.55",
            "revenue": 142761
        },
        "2016-02": {
            "month": "2016-02",
            "price": "11.94",
            "revenue": 57143
        },
        "2016-03": {
            "month": "2016-03",
            "price": "13.37",
            "revenue": 846104
        },
        "2016-04": {
            "month": "2016-04",
            "price": "12.73",
            "revenue": 309740
        },
        "2016-05": {
            "month": "2016-05",
            "price": "13.51",
            "revenue": 328075
        },
        "2016-06": {
            "month": "2016-06",
            "price": "15.70",
            "revenue": 255335
        },
        "2016-07": {
            "month": "2016-07",
            "price": "16.11",
            "revenue": 271623
        },
        "2016-08": {
            "month": "2016-08",
            "price": "15.46",
            "revenue": 261972
        },
        "2016-09": {
            "month": "2016-09",
            "price": "15.38",
            "revenue": 283155
        },
        "2016-10": {
            "month": "2016-10",
            "price": "15.87",
            "revenue": 263460
        },
        "2016-11": {
            "month": "2016-11",
            "price": "15.31",
            "revenue": 293710
        },
        "2016-12": {
            "month": "2016-12",
            "price": "15.02",
            "revenue": 266223
        },
        "2017-01": {
            "month": "2017-01",
            "price": "15.00",
            "revenue": 293270
        },
        "2017-02": {
            "month": "2017-02",
            "price": "15.69",
            "revenue": 246033
        },
        "2017-03": {
            "month": "2017-03",
            "price": "15.79",
            "revenue": 350404
        },
        "2017-04": {
            "month": "2017-04",
            "price": "15.48",
            "revenue": 197061
        },
        "2017-05": {
            "month": "2017-05",
            "price": "14.76",
            "revenue": 238536
        },
        "2017-06": {
            "month": "2017-06",
            "price": "14.32",
            "revenue": 305826
        },
        "2017-07": {
            "month": "2017-07",
            "price": "13.95",
            "revenue": 276975
        },
        "2017-08": {
            "month": "2017-08",
            "price": "13.37",
            "revenue": 299072
        },
        "2017-09": {
            "month": "2017-09",
            "price": "13.04",
            "revenue": 304931
        },
        "2017-10": {
            "month": "2017-10",
            "price": "12.91",
            "revenue": 256472
        },
        "2017-11": {
            "month": "2017-11",
            "price": "12.91",
            "revenue": 344516
        },
        "2017-12": {
            "month": "2017-12",
            "price": "13.35",
            "revenue": 295907
        },
        "2018-01": {
            "month": "2018-01",
            "price": "13.62",
            "revenue": 319137
        },
        "2018-02": {
            "month": "2018-02",
            "price": "12.67",
            "revenue": 200708
        },
        "2018-03": {
            "month": "2018-03",
            "price": "12.55",
            "revenue": 302933
        },
        "2018-04": {
            "month": "2018-04",
            "price": "12.33",
            "revenue": 265122
        },
        "2018-05": {
            "month": "2018-05",
            "price": "11.23",
            "revenue": 341621
        },
        "2018-06": {
            "month": "2018-06",
            "price": "10.89",
            "revenue": 292360
        },
        "2018-07": {
            "month": "2018-07",
            "price": "10.19",
            "revenue": 276685
        },
        "2018-08": {
            "month": "2018-08",
            "price": "9.97",
            "revenue": 328956
        },
        "2018-09": {
            "month": "2018-09",
            "price": "10.08",
            "revenue": 272463
        },
        "2018-10": {
            "month": "2018-10",
            "price": "9.53",
            "revenue": 323652
        },
        "2018-11": {
            "month": "2018-11",
            "price": "9.29",
            "revenue": 254114
        },
        "2018-12": {
            "month": "2018-12",
            "price": "10.19",
            "revenue": 273950
        },
        "2019-01": {
            "month": "2019-01",
            "price": "9.95",
            "revenue": 355110
        },
        "2019-02": {
            "month": "2019-02",
            "price": "9.81",
            "revenue": 213202
        },
        "2019-03": {
            "month": "2019-03",
            "price": "9.73",
            "revenue": 292415
        },
        "2019-04": {
            "month": "2019-04",
            "price": "9.38",
            "revenue": 265931
        },
        "2019-05": {
            "month": "2019-05",
            "price": "9.24",
            "revenue": 279739
        },
        "2019-06": {
            "month": "2019-06",
            "price": "9.18",
            "revenue": 220442
        },
        "2019-07": {
            "month": "2019-07",
            "price": "9.26",
            "revenue": 272518
        },
        "2019-08": {
            "month": "2019-08",
            "price": "9.00",
            "revenue": 273750
        },
        "2019-09": {
            "month": "2019-09",
            "price": "8.89",
            "revenue": 269779
        },
        "2019-10": {
            "month": "2019-10",
            "price": "8.74",
            "revenue": 290691
        },
        "2019-11": {
            "month": "2019-11",
            "price": "8.75",
            "revenue": 248799
        },
        "2019-12": {
            "month": "2019-12",
            "price": "8.78",
            "revenue": 261593
        },
        "2020-01": {
            "month": "2020-01",
            "price": "9.77",
            "revenue": 251563
        },
        "2020-02": {
            "month": "2020-02",
            "price": "10.57",
            "revenue": 291371
        },
        "2020-03": {
            "month": "2020-03",
            "price": "9.42",
            "revenue": 287327
        },
        "2020-04": {
            "month": "2020-04",
            "price": "9.43",
            "revenue": 237645
        },
        "2020-05": {
            "month": "2020-05",
            "price": "10.01",
            "revenue": 211844
        },
        "2020-06": {
            "month": "2020-06",
            "price": "9.80",
            "revenue": 219356
        },
        "2020-07": {
            "month": "2020-07",
            "price": "10.08",
            "revenue": 220390
        },
        "2020-08": {
            "month": "2020-08",
            "price": "10.54",
            "revenue": 199617
        },
        "2020-09": {
            "month": "2020-09",
            "price": "10.54",
            "revenue": 201278
        },
        "2020-10": {
            "month": "2020-10",
            "price": "10.07",
            "revenue": 193640
        },
        "2020-11": {
            "month": "2020-11",
            "price": "10.22",
            "revenue": 236914
        },
        "2020-12": {
            "month": "2020-12",
            "price": "11.17",
            "revenue": 201656
        },
        "2021-01": {
            "month": "2021-01",
            "price": "10.23",
            "revenue": 267847
        },
        "2021-02": {
            "month": "2021-02",
            "price": "10.54",
            "revenue": 180284
        },
        "2021-03": {
            "month": "2021-03",
            "price": "10.46",
            "revenue": 278527
        },
        "2021-04": {
            "month": "2021-04",
            "price": "11.31",
            "revenue": 212536
        },
        "2021-05": {
            "month": "2021-05",
            "price": "10.37",
            "revenue": 230490
        },
        "2021-06": {
            "month": "2021-06",
            "price": "9.92",
            "revenue": 243448
        },
        "2021-07": {
            "month": "2021-07",
            "price": "10.02",
            "revenue": 180460
        },
        "2021-08": {
            "month": "2021-08",
            "price": "9.34",
            "revenue": 194246
        },
        "2021-09": {
            "month": "2021-09",
            "price": "9.68",
            "revenue": 225462
        },
        "2021-10": {
            "month": "2021-10",
            "price": "14.52",
            "revenue": 269719
        },
        "2021-11": {
            "month": "2021-11",
            "price": "22.60",
            "revenue": 306256
        },
        "2021-12": {
            "month": "2021-12",
            "price": "27.88",
            "revenue": 261364
        },
        "2022-01": {
            "month": "2022-01",
            "price": "24.81",
            "revenue": 278165
        },
        "2022-02": {
            "month": "2022-02",
            "price": "22.74",
            "revenue": 175985
        },
        "2022-03": {
            "month": "2022-03",
            "price": "21.85",
            "revenue": 342699
        },
        "2022-04": {
            "month": "2022-04",
            "price": "21.87",
            "revenue": 321888
        },
        "2022-05": {
            "month": "2022-05",
            "price": "19.35",
            "revenue": 327634
        },
        "2022-06": {
            "month": "2022-06",
            "price": "18.78",
            "revenue": 205457
        },
        "2022-07": {
            "month": "2022-07",
            "price": "15.87",
            "revenue": 230167
        },
        "2022-08": {
            "month": "2022-08",
            "price": "16.59",
            "revenue": 225643
        },
        "2022-09": {
            "month": "2022-09",
            "price": "15.84",
            "revenue": 196164
        },
        "2022-10": {
            "month": "2022-10",
            "price": "13.54",
            "revenue": 197109
        },
        "2022-11": {
            "month": "2022-11",
            "price": "14.01",
            "revenue": 246244
        },
        "2022-12": {
            "month": "2022-12",
            "price": "15.52",
            "revenue": 261399
        },
        "2023-01": {
            "month": "2023-01",
            "price": "14.90",
            "revenue": 166550
        },
        "2023-02": {
            "month": "2023-02",
            "price": "15.22",
            "revenue": 182930
        },
        "2023-03": {
            "month": "2023-03",
            "price": "14.47",
            "revenue": 225991
        },
        "2023-04": {
            "month": "2023-04",
            "price": "15.14",
            "revenue": 167367
        },
        "2023-05": {
            "month": "2023-05",
            "price": "16.09",
            "revenue": 207930
        },
        "2023-06": {
            "month": "2023-06",
            "price": "15.86",
            "revenue": 124401
        },
        "2023-07": {
            "month": "2023-07",
            "price": "14.73",
            "revenue": 148976
        },
        "2023-08": {
            "month": "2023-08",
            "price": "13.59",
            "revenue": 167455
        },
        "2023-09": {
            "month": "2023-09",
            "price": "13.32",
            "revenue": 206090
        },
        "2023-10": {
            "month": "2023-10",
            "price": "14.80",
            "revenue": 163755
        },
        "2023-11": {
            "month": "2023-11",
            "price": "16.98",
            "revenue": 259354
        },
        "2023-12": {
            "month": "2023-12",
            "price": "15.60",
            "revenue": 164871
        }
    }
}
