{
    "summary": {
        "stock_name": "台肥",
        "stock_id": "1722",
        "category": "化工",
        "main_business": "肥料產品<br>化工產品<br>電子級化學品",
        "website_url": "http://www.taifer.com.tw",
        "ceo": "黃耀興",
        "pe_ratio": 24,
        "report_year_from": 2001,
        "report_year_to": 2023,
        "age": 22,
        "eps_negative_percentage": 4,
        "eps_growth_avg": {
            "last_all": 7.94,
            "last_2y": 10.07,
            "last_4y": 12.35,
            "last_8y": -4.81,
            "last_12y": 4.97,
            "last_16y": -0.07,
            "last_20y": 7.94,
            "at_2006_last_3y": 39.61,
            "at_2007_last_3y": 43.34,
            "at_2008_last_3y": 7.55,
            "at_2009_last_3y": -15.2,
            "at_2010_last_3y": -11.96,
            "at_2011_last_3y": 6.47,
            "at_2012_last_3y": 19.93,
            "at_2013_last_3y": 24.53,
            "at_2014_last_3y": 20.63,
            "at_2015_last_3y": -3.39,
            "at_2016_last_3y": -31.07,
            "at_2017_last_3y": -33.41,
            "at_2018_last_3y": -26.83,
            "at_2019_last_3y": -22.82,
            "at_2020_last_3y": 16.84,
            "at_2021_last_3y": 18.5,
            "at_2022_last_3y": 5.29,
            "at_2023_last_3y": 5.29,
            "at_2006_last_all": 36.69,
            "at_2007_last_all": 30.79,
            "at_2008_last_all": 20.23,
            "at_2009_last_all": 12.4,
            "at_2010_last_all": 15.07,
            "at_2011_last_all": 21.06,
            "at_2012_last_all": 20.12,
            "at_2013_last_all": 16.44,
            "at_2014_last_all": 16.78,
            "at_2015_last_all": 14.07,
            "at_2016_last_all": 6.47,
            "at_2017_last_all": 6.47,
            "at_2018_last_all": 8.6,
            "at_2019_last_all": 7.56,
            "at_2020_last_all": 8.2,
            "at_2021_last_all": 9,
            "at_2022_last_all": 7.94,
            "at_2023_last_all": 7.94
        },
        "latest_eps": 2.45,
        "latest_price": 60,
        "latest_roe": 4.48,
        "latest_gross_margin": 7.8,
        "latest_equity": 53484922,
        "latest_revenue": 3433462,
        "latest_gross_profit": 267718,
        "latest_net_income": 509020,
        "latest_debt_ratio": 34.26,
        "latest_current_ratio": 291.86,
        "latest_account_receivable_turnover_ratio": 3.02,
        "latest_inventory_turnover_ratio": 0.98,
        "latest_reinvestment_rate": -7.7,
        "latest_research_to_sale_ratio": 0.32
    },
    "eps_dividends": {
        "1999": {
            "cash": 0.7,
            "stock": 0,
            "eps": 0
        },
        "2000": {
            "cash": 0,
            "stock": 4,
            "eps": 0
        },
        "2001": {
            "cash": 0,
            "stock": 0,
            "eps": 0.88
        },
        "2002": {
            "cash": 0.3,
            "stock": 0,
            "eps": 1.1
        },
        "2003": {
            "cash": 1,
            "stock": 0,
            "eps": 0.95
        },
        "2004": {
            "cash": 1,
            "stock": 0,
            "eps": 2.12
        },
        "2005": {
            "cash": 1.7,
            "stock": 0,
            "eps": 3.15
        },
        "2006": {
            "cash": 2.2,
            "stock": 0,
            "eps": 3.89
        },
        "2007": {
            "cash": 3,
            "stock": 0,
            "eps": 3.94
        },
        "2008": {
            "cash": 3.4,
            "stock": 0,
            "eps": 2.24
        },
        "2009": {
            "cash": 1.8,
            "stock": 0,
            "eps": 1.29
        },
        "2010": {
            "cash": 1.4,
            "stock": 0,
            "eps": 1.76
        },
        "2011": {
            "cash": 4.5,
            "stock": 0,
            "eps": 3.08
        },
        "2012": {
            "cash": 0,
            "stock": 0,
            "eps": 3.41
        },
        "2013": {
            "cash": 2.7,
            "stock": 0,
            "eps": 2.59
        },
        "2014": {
            "cash": 2,
            "stock": 0,
            "eps": 3.13
        },
        "2015": {
            "cash": 2.2,
            "stock": 0,
            "eps": 2.47
        },
        "2016": {
            "cash": 2.1,
            "stock": 0,
            "eps": -0.14
        },
        "2017": {
            "cash": 2.1,
            "stock": 0,
            "eps": 1.65
        },
        "2018": {
            "cash": 2.1,
            "stock": 0,
            "eps": 2.32
        },
        "2019": {
            "cash": 2.2,
            "stock": 0,
            "eps": 2.11
        },
        "2020": {
            "cash": 2.2,
            "stock": 0,
            "eps": 2.51
        },
        "2021": {
            "cash": 2.3,
            "stock": 0,
            "eps": 3.1
        },
        "2022": {
            "cash": 2.8,
            "stock": 0,
            "eps": 2.72
        },
        "2023": {
            "cash": 2.5,
            "stock": 0,
            "eps": 0.52
        }
    },
    "dividends": {
        "1999-11-10": {
            "cash": 0.7,
            "stock": 0
        },
        "2000-05-16": {
            "cash": 0,
            "stock": 4
        },
        "2002-06-21": {
            "cash": 0.3,
            "stock": 0
        },
        "2003-04-29": {
            "cash": 1,
            "stock": 0
        },
        "2004-04-27": {
            "cash": 1,
            "stock": 0
        },
        "2005-04-26": {
            "cash": 1.7,
            "stock": 0
        },
        "2006-04-25": {
            "cash": 2.2,
            "stock": 0
        },
        "2007-04-24": {
            "cash": 3,
            "stock": 0
        },
        "2008-04-22": {
            "cash": 3.4,
            "stock": 0
        },
        "2009-04-15": {
            "cash": 1.8,
            "stock": 0
        },
        "2010-04-27": {
            "cash": 1.4,
            "stock": 0
        },
        "2011-01-01": {
            "cash": 2.3,
            "stock": 0
        },
        "2011-04-26": {
            "cash": 2.2,
            "stock": 0
        },
        "2013-03-26": {
            "cash": 2.7,
            "stock": 0
        },
        "2014-09-25": {
            "cash": 2,
            "stock": 0
        },
        "2015-09-22": {
            "cash": 2.2,
            "stock": 0
        },
        "2016-09-20": {
            "cash": 2.1,
            "stock": 0
        },
        "2017-09-20": {
            "cash": 2.1,
            "stock": 0
        },
        "2018-09-28": {
            "cash": 2.1,
            "stock": 0
        },
        "2019-09-23": {
            "cash": 2.2,
            "stock": 0
        },
        "2020-09-18": {
            "cash": 2.2,
            "stock": 0
        },
        "2021-09-17": {
            "cash": 2.3,
            "stock": 0
        },
        "2022-09-16": {
            "cash": 2.8,
            "stock": 0
        },
        "2023-03-08": {
            "cash": 2.5,
            "stock": 0
        }
    },
    "prices": {
        "200101": "13.90",
        "200102": "16.60",
        "200103": "16.90",
        "200104": "15.46",
        "200105": "15.22",
        "200106": "14.24",
        "200107": "11.94",
        "200108": "13.18",
        "200109": "14.05",
        "200110": "13.89",
        "200111": "13.97",
        "200112": "17.30",
        "200201": "19.47",
        "200202": "18.27",
        "200203": "18.51",
        "200204": "21.72",
        "200205": "19.50",
        "200206": "19.12",
        "200207": "19.25",
        "200208": "18.07",
        "200209": "15.35",
        "200210": "15.14",
        "200211": "16.51",
        "200212": "16.23",
        "200301": "17.76",
        "200302": "16.49",
        "200303": "16.34",
        "200304": "16.88",
        "200305": "16.80",
        "200306": "17.84",
        "200307": "18.60",
        "200308": "18.20",
        "200309": "18.96",
        "200310": "21.56",
        "200311": "21.25",
        "200312": "21.00",
        "200401": "24.36",
        "200402": "30.92",
        "200403": "32.34",
        "200404": "31.12",
        "200405": "26.60",
        "200406": "26.54",
        "200407": "26.33",
        "200408": "25.86",
        "200409": "29.42",
        "200410": "31.83",
        "200411": "31.38",
        "200412": "32.95",
        "200501": "34.68",
        "200502": "35.45",
        "200503": "39.45",
        "200504": "37.65",
        "200505": "38.90",
        "200506": "40.64",
        "200507": "43.35",
        "200508": "40.74",
        "200509": "36.59",
        "200510": "34.14",
        "200511": "32.25",
        "200512": "36.45",
        "200601": "37.63",
        "200602": "39.34",
        "200603": "39.08",
        "200604": "47.10",
        "200605": "57.68",
        "200606": "51.77",
        "200607": "52.54",
        "200608": "51.66",
        "200609": "50.97",
        "200610": "55.12",
        "200611": "59.44",
        "200612": "63.83",
        "200701": "58.30",
        "200702": "58.87",
        "200703": "55.52",
        "200704": "60.60",
        "200705": "61.89",
        "200706": "65.62",
        "200707": "75.35",
        "200708": "68.97",
        "200709": "70.22",
        "200710": "78.91",
        "200711": "76.93",
        "200712": "77.78",
        "200801": "98.05",
        "200802": "121.36",
        "200803": "121.93",
        "200804": "137.12",
        "200805": "149.83",
        "200806": "133.48",
        "200807": "114.45",
        "200808": "95.32",
        "200809": "78.13",
        "200810": "43.78",
        "200811": "44.26",
        "200812": "50.88",
        "200901": "54.09",
        "200902": "56.10",
        "200903": "59.31",
        "200904": "73.26",
        "200905": "98.28",
        "200906": "99.36",
        "200907": "106.70",
        "200908": "97.28",
        "200909": "106.55",
        "200910": "114.36",
        "200911": "106.90",
        "200912": "108.65",
        "201001": "116.70",
        "201002": "98.59",
        "201003": "103.22",
        "201004": "106.30",
        "201005": "92.23",
        "201006": "90.18",
        "201007": "87.70",
        "201008": "97.20",
        "201009": "98.49",
        "201010": "105.86",
        "201011": "109.86",
        "201012": "110.57",
        "201101": "112.45",
        "201102": "98.86",
        "201103": "90.32",
        "201104": "92.93",
        "201105": "94.30",
        "201106": "89.07",
        "201107": "97.02",
        "201108": "91.41",
        "201109": "83.46",
        "201110": "73.40",
        "201111": "76.27",
        "201112": "69.58",
        "201201": "71.11",
        "201202": "79.70",
        "201203": "79.46",
        "201204": "72.04",
        "201205": "69.49",
        "201206": "67.48",
        "201207": "67.04",
        "201208": "73.58",
        "201209": "77.45",
        "201210": "74.80",
        "201211": "70.58",
        "201212": "75.20",
        "201301": "74.09",
        "201302": "73.14",
        "201303": "71.28",
        "201304": "70.50",
        "201305": "74.76",
        "201306": "74.35",
        "201307": "73.06",
        "201308": "70.31",
        "201309": "69.82",
        "201310": "71.70",
        "201311": "68.67",
        "201312": "67.28",
        "201401": "65.66",
        "201402": "63.09",
        "201403": "62.55",
        "201404": "62.28",
        "201405": "60.74",
        "201406": "59.30",
        "201407": "59.89",
        "201408": "58.48",
        "201409": "53.95",
        "201410": "51.31",
        "201411": "52.54",
        "201412": "52.12",
        "201501": "54.50",
        "201502": "54.40",
        "201503": "53.86",
        "201504": "54.36",
        "201505": "54.20",
        "201506": "50.74",
        "201507": "49.50",
        "201508": "43.02",
        "201509": "41.02",
        "201510": "41.86",
        "201511": "41.45",
        "201512": "41.26",
        "201601": "41.78",
        "201602": "43.54",
        "201603": "47.33",
        "201604": "45.27",
        "201605": "42.00",
        "201606": "42.73",
        "201607": "44.00",
        "201608": "43.79",
        "201609": "42.25",
        "201610": "42.35",
        "201611": "40.78",
        "201612": "40.49",
        "201701": "40.54",
        "201702": "42.69",
        "201703": "41.72",
        "201704": "41.01",
        "201705": "40.70",
        "201706": "40.58",
        "201707": "41.30",
        "201708": "40.59",
        "201709": "39.66",
        "201710": "39.40",
        "201711": "39.11",
        "201712": "37.95",
        "201801": "39.80",
        "201802": "38.68",
        "201803": "38.69",
        "201804": "39.72",
        "201805": "41.13",
        "201806": "42.79",
        "201807": "42.13",
        "201808": "42.58",
        "201809": "45.11",
        "201810": "44.33",
        "201811": "43.34",
        "201812": "44.70",
        "201901": "43.85",
        "201902": "44.80",
        "201903": "45.62",
        "201904": "45.24",
        "201905": "47.27",
        "201906": "47.95",
        "201907": "47.96",
        "201908": "46.52",
        "201909": "46.02",
        "201910": "48.70",
        "201911": "48.13",
        "201912": "48.66",
        "202001": "48.72",
        "202002": "47.99",
        "202003": "43.86",
        "202004": "44.27",
        "202005": "48.27",
        "202006": "49.69",
        "202007": "56.04",
        "202008": "56.95",
        "202009": "51.72",
        "202010": "50.50",
        "202011": "52.58",
        "202012": "53.17",
        "202101": "52.52",
        "202102": "52.33",
        "202103": "54.15",
        "202104": "59.17",
        "202105": "56.90",
        "202106": "57.41",
        "202107": "59.11",
        "202108": "58.06",
        "202109": "58.90",
        "202110": "69.16",
        "202111": "69.31",
        "202112": "69.05",
        "202201": "69.18",
        "202202": "68.17",
        "202203": "72.84",
        "202204": "77.02",
        "202205": "70.58",
        "202206": "67.10",
        "202207": "62.13",
        "202208": "64.84",
        "202209": "59.33",
        "202210": "52.59",
        "202211": "54.88",
        "202212": "54.15",
        "202301": "53.86",
        "202302": "56.62",
        "202303": "56.70",
        "202304": "57.51",
        "202305": "59.90"
    },
    "quarters": {
        "20011": {
            "year_quarter": 20011,
            "year": 2001,
            "quarter": 1,
            "eps": 0.39,
            "eps_growth_year": 69.57,
            "eps_4q": -0.97,
            "eps_4q_growth_year": -637.93,
            "roe": 1.26,
            "roe_4q": 1.26,
            "gross_profit": 186811,
            "gross_margin": 9.31,
            "gross_margin_4q_avg": 9.31,
            "net_income": 377272,
            "revenue": 2005644,
            "common_shares": 9800000,
            "book_valuer_per_share": 30.99,
            "book_valuer_per_share_4q_avg": 30.99,
            "equity": 30373083,
            "current_ratio": 862.72,
            "debt_ratio": 38.12,
            "inventory_turnover_ratio": 1.25,
            "account_receivable_turnover_ratio": null,
            "reinvestment_rate": null,
            "research_to_sale_ratio": null,
            "price_fair": 0,
            "eps_avg_yearly": 0,
            "eps_latest_yearly": 0,
            "eps_growth_yearly": 0
        },
        "20012": {
            "year_quarter": 20012,
            "year": 2001,
            "quarter": 2,
            "eps": 0.07,
            "eps_growth_year": null,
            "eps_4q": -0.88,
            "eps_4q_growth_year": null,
            "roe": 0.22,
            "roe_4q": 1.48,
            "gross_profit": 279743,
            "gross_margin": 14.38,
            "gross_margin_4q_avg": 11.85,
            "net_income": 67511,
            "revenue": 1945210,
            "common_shares": 9800000,
            "book_valuer_per_share": 31.19,
            "book_valuer_per_share_4q_avg": 31.09,
            "equity": 30561413,
            "current_ratio": 1087.47,
            "debt_ratio": 37.79,
            "inventory_turnover_ratio": 1.21,
            "account_receivable_turnover_ratio": null,
            "reinvestment_rate": null,
            "research_to_sale_ratio": null,
            "price_fair": 0,
            "eps_avg_yearly": 0,
            "eps_latest_yearly": 0,
            "eps_growth_yearly": 0
        },
        "20013": {
            "year_quarter": 20013,
            "year": 2001,
            "quarter": 3,
            "eps": 0.17,
            "eps_growth_year": null,
            "eps_4q": -0.39,
            "eps_4q_growth_year": null,
            "roe": 0.54,
            "roe_4q": 2.02,
            "gross_profit": 294417,
            "gross_margin": 14.15,
            "gross_margin_4q_avg": 12.61,
            "net_income": 164155,
            "revenue": 2080186,
            "common_shares": 9800000,
            "book_valuer_per_share": 31.42,
            "book_valuer_per_share_4q_avg": 31.2,
            "equity": 30789069,
            "current_ratio": 1138.26,
            "debt_ratio": 37.56,
            "inventory_turnover_ratio": 1.4,
            "account_receivable_turnover_ratio": null,
            "reinvestment_rate": null,
            "research_to_sale_ratio": null,
            "price_fair": 0,
            "eps_avg_yearly": 0,
            "eps_latest_yearly": 0,
            "eps_growth_yearly": 0
        },
        "20014": {
            "year_quarter": 20014,
            "year": 2001,
            "quarter": 4,
            "eps": 0.25,
            "eps_growth_year": null,
            "eps_4q": 0.89,
            "eps_4q_growth_year": null,
            "roe": 0.78,
            "roe_4q": 2.8,
            "gross_profit": 219811,
            "gross_margin": 12.21,
            "gross_margin_4q_avg": 12.51,
            "net_income": 238774,
            "revenue": 1800122,
            "common_shares": 9800000,
            "book_valuer_per_share": 31.03,
            "book_valuer_per_share_4q_avg": 31.16,
            "equity": 30407493,
            "current_ratio": 824.96,
            "debt_ratio": 38.05,
            "inventory_turnover_ratio": 1.29,
            "account_receivable_turnover_ratio": null,
            "reinvestment_rate": null,
            "research_to_sale_ratio": null,
            "price_fair": 0,
            "eps_avg_yearly": 0,
            "eps_latest_yearly": 0,
            "eps_growth_yearly": 0
        },
        "20021": {
            "year_quarter": 20021,
            "year": 2002,
            "quarter": 1,
            "eps": 0.32,
            "eps_growth_year": -17.95,
            "eps_4q": 0.83,
            "eps_4q_growth_year": null,
            "roe": 0.98,
            "roe_4q": 2.52,
            "gross_profit": 318218,
            "gross_margin": 16.38,
            "gross_margin_4q_avg": 14.28,
            "net_income": 297723,
            "revenue": 1943035,
            "common_shares": 9800000,
            "book_valuer_per_share": 31.04,
            "book_valuer_per_share_4q_avg": 31.17,
            "equity": 30420022,
            "current_ratio": 1200.19,
            "debt_ratio": 38.7,
            "inventory_turnover_ratio": 1.36,
            "account_receivable_turnover_ratio": null,
            "reinvestment_rate": null,
            "research_to_sale_ratio": null,
            "price_fair": 44.8,
            "eps_avg_yearly": 1.28,
            "eps_latest_yearly": 1.28,
            "eps_growth_yearly": 112
        },
        "20022": {
            "year_quarter": 20022,
            "year": 2002,
            "quarter": 2,
            "eps": 0.25,
            "eps_growth_year": 257.14,
            "eps_4q": 1.01,
            "eps_4q_growth_year": null,
            "roe": 0.76,
            "roe_4q": 3.06,
            "gross_profit": 301547,
            "gross_margin": 18.16,
            "gross_margin_4q_avg": 15.23,
            "net_income": 231513,
            "revenue": 1660369,
            "common_shares": 9800000,
            "book_valuer_per_share": 30.94,
            "book_valuer_per_share_4q_avg": 31.11,
            "equity": 30322591,
            "current_ratio": 995.35,
            "debt_ratio": 39,
            "inventory_turnover_ratio": 1.31,
            "account_receivable_turnover_ratio": null,
            "reinvestment_rate": null,
            "research_to_sale_ratio": null,
            "price_fair": 25.37,
            "eps_avg_yearly": 1.14,
            "eps_latest_yearly": 1,
            "eps_growth_yearly": 12.25
        },
        "20023": {
            "year_quarter": 20023,
            "year": 2002,
            "quarter": 3,
            "eps": 0.83,
            "eps_growth_year": 388.24,
            "eps_4q": 1.66,
            "eps_4q_growth_year": null,
            "roe": 2.51,
            "roe_4q": 5.03,
            "gross_profit": 382408,
            "gross_margin": 19.18,
            "gross_margin_4q_avg": 16.48,
            "net_income": 772421,
            "revenue": 1994248,
            "common_shares": 9800000,
            "book_valuer_per_share": 31.8,
            "book_valuer_per_share_4q_avg": 31.2,
            "equity": 31161673,
            "current_ratio": 960.75,
            "debt_ratio": 38.11,
            "inventory_turnover_ratio": 1.73,
            "account_receivable_turnover_ratio": null,
            "reinvestment_rate": null,
            "research_to_sale_ratio": null,
            "price_fair": 65.33,
            "eps_avg_yearly": 1.87,
            "eps_latest_yearly": 3.32,
            "eps_growth_yearly": 317.5
        },
        "20024": {
            "year_quarter": 20024,
            "year": 2002,
            "quarter": 4,
            "eps": -0.3,
            "eps_growth_year": -220,
            "eps_4q": 1.09,
            "eps_4q_growth_year": 22.81,
            "roe": -0.91,
            "roe_4q": 3.3399999999999994,
            "gross_profit": 201569,
            "gross_margin": 10.96,
            "gross_margin_4q_avg": 16.17,
            "net_income": -281125,
            "revenue": 1838906,
            "common_shares": 9800000,
            "book_valuer_per_share": 31.35,
            "book_valuer_per_share_4q_avg": 31.28,
            "equity": 30724987,
            "current_ratio": 1124.28,
            "debt_ratio": 38.07,
            "inventory_turnover_ratio": 1.72,
            "account_receivable_turnover_ratio": null,
            "reinvestment_rate": -1157.63,
            "research_to_sale_ratio": null,
            "price_fair": 65.33,
            "eps_avg_yearly": 1.87,
            "eps_latest_yearly": 3.32,
            "eps_growth_yearly": 317.5
        },
        "20031": {
            "year_quarter": 20031,
            "year": 2003,
            "quarter": 1,
            "eps": 0.32,
            "eps_growth_year": 0,
            "eps_4q": 1.09,
            "eps_4q_growth_year": 32.04,
            "roe": 0.97,
            "roe_4q": 3.33,
            "gross_profit": 282339,
            "gross_margin": 14.55,
            "gross_margin_4q_avg": 15.71,
            "net_income": 300312,
            "revenue": 1940202,
            "common_shares": 9800000,
            "book_valuer_per_share": 31.66,
            "book_valuer_per_share_4q_avg": 31.44,
            "equity": 31025433,
            "current_ratio": 1590.87,
            "debt_ratio": 37.83,
            "inventory_turnover_ratio": 1.65,
            "account_receivable_turnover_ratio": null,
            "reinvestment_rate": -200.1,
            "research_to_sale_ratio": null,
            "price_fair": 65.33,
            "eps_avg_yearly": 1.87,
            "eps_latest_yearly": 3.32,
            "eps_growth_yearly": 317.5
        },
        "20032": {
            "year_quarter": 20032,
            "year": 2003,
            "quarter": 2,
            "eps": 0.24,
            "eps_growth_year": -4,
            "eps_4q": 1.1,
            "eps_4q_growth_year": 9.42,
            "roe": 0.72,
            "roe_4q": 3.2899999999999996,
            "gross_profit": 224656,
            "gross_margin": 12.68,
            "gross_margin_4q_avg": 14.34,
            "net_income": 220549,
            "revenue": 1771969,
            "common_shares": 9800000,
            "book_valuer_per_share": 30.83,
            "book_valuer_per_share_4q_avg": 31.41,
            "equity": 30218259,
            "current_ratio": 564.16,
            "debt_ratio": 39.88,
            "inventory_turnover_ratio": 1.41,
            "account_receivable_turnover_ratio": null,
            "reinvestment_rate": -237.35,
            "research_to_sale_ratio": null,
            "price_fair": 57.4,
            "eps_avg_yearly": 1.64,
            "eps_latest_yearly": 0.96,
            "eps_growth_yearly": 213.13
        },
        "20033": {
            "year_quarter": 20033,
            "year": 2003,
            "quarter": 3,
            "eps": 0.37,
            "eps_growth_year": -55.42,
            "eps_4q": 0.63,
            "eps_4q_growth_year": -62.08,
            "roe": 1.14,
            "roe_4q": 1.92,
            "gross_profit": 321333,
            "gross_margin": 15.73,
            "gross_margin_4q_avg": 13.48,
            "net_income": 344266,
            "revenue": 2042213,
            "common_shares": 9800000,
            "book_valuer_per_share": 31.03,
            "book_valuer_per_share_4q_avg": 31.22,
            "equity": 30411315,
            "current_ratio": 1597.08,
            "debt_ratio": 38.19,
            "inventory_turnover_ratio": 1.59,
            "account_receivable_turnover_ratio": null,
            "reinvestment_rate": -198.87,
            "research_to_sale_ratio": null,
            "price_fair": 56.28,
            "eps_avg_yearly": 1.61,
            "eps_latest_yearly": 1.48,
            "eps_growth_yearly": 213.83
        },
        "20034": {
            "year_quarter": 20034,
            "year": 2003,
            "quarter": 4,
            "eps": 0.02,
            "eps_growth_year": null,
            "eps_4q": 0.82,
            "eps_4q_growth_year": -24.34,
            "roe": 0.07,
            "roe_4q": 2.9,
            "gross_profit": 179678,
            "gross_margin": 9.07,
            "gross_margin_4q_avg": 13.01,
            "net_income": 21501,
            "revenue": 1980856,
            "common_shares": 9800000,
            "book_valuer_per_share": 31.18,
            "book_valuer_per_share_4q_avg": 31.18,
            "equity": 30553915,
            "current_ratio": 923.87,
            "debt_ratio": 37.89,
            "inventory_turnover_ratio": 1.62,
            "account_receivable_turnover_ratio": null,
            "reinvestment_rate": -120.5,
            "research_to_sale_ratio": null,
            "price_fair": 47.37,
            "eps_avg_yearly": 1.35,
            "eps_latest_yearly": 0.08,
            "eps_growth_yearly": 115.13
        },
        "20041": {
            "year_quarter": 20041,
            "year": 2004,
            "quarter": 1,
            "eps": 0.37,
            "eps_growth_year": 15.62,
            "eps_4q": 0.99,
            "eps_4q_growth_year": -8.89,
            "roe": 1.13,
            "roe_4q": 3.0599999999999996,
            "gross_profit": 234566,
            "gross_margin": 12.28,
            "gross_margin_4q_avg": 12.44,
            "net_income": 348033,
            "revenue": 1910209,
            "common_shares": 9800000,
            "book_valuer_per_share": 31.42,
            "book_valuer_per_share_4q_avg": 31.12,
            "equity": 30787673,
            "current_ratio": 2160.17,
            "debt_ratio": 37.77,
            "inventory_turnover_ratio": 1.53,
            "account_receivable_turnover_ratio": null,
            "reinvestment_rate": -109.06,
            "research_to_sale_ratio": null,
            "price_fair": 48,
            "eps_avg_yearly": 1.37,
            "eps_latest_yearly": 1.48,
            "eps_growth_yearly": 1098.68
        },
        "20042": {
            "year_quarter": 20042,
            "year": 2004,
            "quarter": 2,
            "eps": 0.4,
            "eps_growth_year": 66.67,
            "eps_4q": 1.17,
            "eps_4q_growth_year": 6.3,
            "roe": 1.21,
            "roe_4q": 3.55,
            "gross_profit": 310546,
            "gross_margin": 12.37,
            "gross_margin_4q_avg": 12.36,
            "net_income": 370395,
            "revenue": 2511230,
            "common_shares": 9800000,
            "book_valuer_per_share": 30.89,
            "book_valuer_per_share_4q_avg": 31.13,
            "equity": 30268146,
            "current_ratio": 644.95,
            "debt_ratio": 39.45,
            "inventory_turnover_ratio": 2.23,
            "account_receivable_turnover_ratio": null,
            "reinvestment_rate": -90.9,
            "research_to_sale_ratio": null,
            "price_fair": 49,
            "eps_avg_yearly": 1.4,
            "eps_latest_yearly": 1.6,
            "eps_growth_yearly": 965.4
        },
        "20043": {
            "year_quarter": 20043,
            "year": 2004,
            "quarter": 3,
            "eps": 0.84,
            "eps_growth_year": 127.03,
            "eps_4q": 1.63,
            "eps_4q_growth_year": 159.7,
            "roe": 2.58,
            "roe_4q": 4.99,
            "gross_profit": 286746,
            "gross_margin": 12.64,
            "gross_margin_4q_avg": 11.59,
            "net_income": 786762,
            "revenue": 2268377,
            "common_shares": 9800000,
            "book_valuer_per_share": 31.39,
            "book_valuer_per_share_4q_avg": 31.22,
            "equity": 30762738,
            "current_ratio": 1221.85,
            "debt_ratio": 37.94,
            "inventory_turnover_ratio": 1.83,
            "account_receivable_turnover_ratio": null,
            "reinvestment_rate": -119.34,
            "research_to_sale_ratio": null,
            "price_fair": 56.62,
            "eps_avg_yearly": 1.62,
            "eps_latest_yearly": 3.36,
            "eps_growth_yearly": 907.02
        },
        "20044": {
            "year_quarter": 20044,
            "year": 2004,
            "quarter": 4,
            "eps": 0.51,
            "eps_growth_year": 2450,
            "eps_4q": 2.13,
            "eps_4q_growth_year": 157.89,
            "roe": 1.54,
            "roe_4q": 6.46,
            "gross_profit": 48524,
            "gross_margin": 1.98,
            "gross_margin_4q_avg": 9.82,
            "net_income": 474764,
            "revenue": 2448218,
            "common_shares": 9800000,
            "book_valuer_per_share": 31.62,
            "book_valuer_per_share_4q_avg": 31.33,
            "equity": 30987620,
            "current_ratio": 488.46,
            "debt_ratio": 38.57,
            "inventory_turnover_ratio": 1.86,
            "account_receivable_turnover_ratio": null,
            "reinvestment_rate": -83.87,
            "research_to_sale_ratio": null,
            "price_fair": 58.1,
            "eps_avg_yearly": 1.66,
            "eps_latest_yearly": 2.04,
            "eps_growth_yearly": 800.61
        },
        "20051": {
            "year_quarter": 20051,
            "year": 2005,
            "quarter": 1,
            "eps": 1.64,
            "eps_growth_year": 343.24,
            "eps_4q": 3.38,
            "eps_4q_growth_year": 240.7,
            "roe": 3.87,
            "roe_4q": 9.2,
            "gross_profit": 358214,
            "gross_margin": 14.54,
            "gross_margin_4q_avg": 10.38,
            "net_income": 1534401,
            "revenue": 2463978,
            "common_shares": 9800000,
            "book_valuer_per_share": 49.2,
            "book_valuer_per_share_4q_avg": 35.78,
            "equity": 48218987,
            "current_ratio": 900.06,
            "debt_ratio": 16.11,
            "inventory_turnover_ratio": 1.6,
            "account_receivable_turnover_ratio": null,
            "reinvestment_rate": 28.48,
            "research_to_sale_ratio": null,
            "price_fair": 73.69,
            "eps_avg_yearly": 2.11,
            "eps_latest_yearly": 6.56,
            "eps_growth_yearly": 808.4
        },
        "20052": {
            "year_quarter": 20052,
            "year": 2005,
            "quarter": 2,
            "eps": 0.8,
            "eps_growth_year": 100,
            "eps_4q": 3.79,
            "eps_4q_growth_year": 223.75,
            "roe": 1.57,
            "roe_4q": 9.56,
            "gross_profit": 213257,
            "gross_margin": 9.13,
            "gross_margin_4q_avg": 9.57,
            "net_income": 747903,
            "revenue": 2335497,
            "common_shares": 9800000,
            "book_valuer_per_share": 47.98,
            "book_valuer_per_share_4q_avg": 40.05,
            "equity": 47023552,
            "current_ratio": 387.19,
            "debt_ratio": 19.64,
            "inventory_turnover_ratio": 1.62,
            "account_receivable_turnover_ratio": null,
            "reinvestment_rate": 21.25,
            "research_to_sale_ratio": null,
            "price_fair": 76.88,
            "eps_avg_yearly": 2.2,
            "eps_latest_yearly": 3.2,
            "eps_growth_yearly": 723.96
        },
        "20053": {
            "year_quarter": 20053,
            "year": 2005,
            "quarter": 3,
            "eps": 0.39,
            "eps_growth_year": -53.57,
            "eps_4q": 3.37,
            "eps_4q_growth_year": 106.45,
            "roe": 0.76,
            "roe_4q": 7.74,
            "gross_profit": 194264,
            "gross_margin": 7.86,
            "gross_margin_4q_avg": 8.38,
            "net_income": 361421,
            "revenue": 2472270,
            "common_shares": 9800000,
            "book_valuer_per_share": 48.5,
            "book_valuer_per_share_4q_avg": 44.33,
            "equity": 47525463,
            "current_ratio": 736.83,
            "debt_ratio": 16.79,
            "inventory_turnover_ratio": 1.39,
            "account_receivable_turnover_ratio": null,
            "reinvestment_rate": 17.04,
            "research_to_sale_ratio": null,
            "price_fair": 75.17,
            "eps_avg_yearly": 2.15,
            "eps_latest_yearly": 1.56,
            "eps_growth_yearly": 652.5
        },
        "20054": {
            "year_quarter": 20054,
            "year": 2005,
            "quarter": 4,
            "eps": 0.32,
            "eps_growth_year": -37.25,
            "eps_4q": 3.16,
            "eps_4q_growth_year": 48.61,
            "roe": 0.63,
            "roe_4q": 6.83,
            "gross_profit": 132551,
            "gross_margin": 4.26,
            "gross_margin_4q_avg": 8.95,
            "net_income": 297805,
            "revenue": 3108468,
            "common_shares": 9800000,
            "book_valuer_per_share": 48.65,
            "book_valuer_per_share_4q_avg": 48.58,
            "equity": 47680796,
            "current_ratio": 689.46,
            "debt_ratio": 15.54,
            "inventory_turnover_ratio": 1.69,
            "account_receivable_turnover_ratio": null,
            "reinvestment_rate": 15.95,
            "research_to_sale_ratio": null,
            "price_fair": 73,
            "eps_avg_yearly": 2.09,
            "eps_latest_yearly": 1.28,
            "eps_growth_yearly": 600.76
        },
        "20061": {
            "year_quarter": 20061,
            "year": 2006,
            "quarter": 1,
            "eps": 0.55,
            "eps_growth_year": -66.46,
            "eps_4q": 2.06,
            "eps_4q_growth_year": -39.15,
            "roe": 1.06,
            "roe_4q": 4.0200000000000005,
            "gross_profit": 185365,
            "gross_margin": 5.95,
            "gross_margin_4q_avg": 6.8,
            "net_income": 512738,
            "revenue": 3115836,
            "common_shares": 9800000,
            "book_valuer_per_share": 49.6,
            "book_valuer_per_share_4q_avg": 48.68,
            "equity": 48608644,
            "current_ratio": 1078.12,
            "debt_ratio": 15.43,
            "inventory_turnover_ratio": 2,
            "account_receivable_turnover_ratio": null,
            "reinvestment_rate": 16.41,
            "research_to_sale_ratio": null,
            "price_fair": 75.3,
            "eps_avg_yearly": 2.15,
            "eps_latest_yearly": 2.2,
            "eps_growth_yearly": 613.3
        },
        "20062": {
            "year_quarter": 20062,
            "year": 2006,
            "quarter": 2,
            "eps": 0.71,
            "eps_growth_year": -11.25,
            "eps_4q": 1.96,
            "eps_4q_growth_year": -48.34,
            "roe": 1.38,
            "roe_4q": 3.83,
            "gross_profit": 198023,
            "gross_margin": 7.68,
            "gross_margin_4q_avg": 6.44,
            "net_income": 666509,
            "revenue": 2577629,
            "common_shares": 9800000,
            "book_valuer_per_share": 48.68,
            "book_valuer_per_share_4q_avg": 48.86,
            "equity": 47708889,
            "current_ratio": 416.44,
            "debt_ratio": 24.15,
            "inventory_turnover_ratio": 1.31,
            "account_receivable_turnover_ratio": null,
            "reinvestment_rate": -42.42,
            "research_to_sale_ratio": null,
            "price_fair": 79.9,
            "eps_avg_yearly": 2.28,
            "eps_latest_yearly": 2.84,
            "eps_growth_yearly": 627.86
        },
        "20063": {
            "year_quarter": 20063,
            "year": 2006,
            "quarter": 3,
            "eps": 0.69,
            "eps_growth_year": 76.92,
            "eps_4q": 2.28,
            "eps_4q_growth_year": -32.37,
            "roe": 1.34,
            "roe_4q": 4.41,
            "gross_profit": 244583,
            "gross_margin": 8.68,
            "gross_margin_4q_avg": 6.64,
            "net_income": 642738,
            "revenue": 2816558,
            "common_shares": 9800000,
            "book_valuer_per_share": 49.52,
            "book_valuer_per_share_4q_avg": 49.11,
            "equity": 48528413,
            "current_ratio": 740.97,
            "debt_ratio": 21.34,
            "inventory_turnover_ratio": 1.17,
            "account_receivable_turnover_ratio": null,
            "reinvestment_rate": -44.89,
            "research_to_sale_ratio": null,
            "price_fair": 78.5,
            "eps_avg_yearly": 2.24,
            "eps_latest_yearly": 2.76,
            "eps_growth_yearly": 560.77
        },
        "20064": {
            "year_quarter": 20064,
            "year": 2006,
            "quarter": 4,
            "eps": 1.94,
            "eps_growth_year": 506.25,
            "eps_4q": 3.89,
            "eps_4q_growth_year": 23,
            "roe": 3.68,
            "roe_4q": 7.460000000000001,
            "gross_profit": 191726,
            "gross_margin": 7.19,
            "gross_margin_4q_avg": 7.38,
            "net_income": 1814849,
            "revenue": 2667821,
            "common_shares": 9800000,
            "book_valuer_per_share": 51.11,
            "book_valuer_per_share_4q_avg": 49.73,
            "equity": 50085315,
            "current_ratio": 775.79,
            "debt_ratio": 19.98,
            "inventory_turnover_ratio": 1.22,
            "account_receivable_turnover_ratio": null,
            "reinvestment_rate": -34.19,
            "research_to_sale_ratio": null,
            "price_fair": 91.37,
            "eps_avg_yearly": 2.61,
            "eps_latest_yearly": 7.76,
            "eps_growth_yearly": 571.69
        },
        "20071": {
            "year_quarter": 20071,
            "year": 2007,
            "quarter": 1,
            "eps": 1,
            "eps_growth_year": 81.82,
            "eps_4q": 4.33,
            "eps_4q_growth_year": 110.38,
            "roe": 1.86,
            "roe_4q": 8.26,
            "gross_profit": 300647,
            "gross_margin": 10.89,
            "gross_margin_4q_avg": 8.61,
            "net_income": 937459,
            "revenue": 2760171,
            "common_shares": 9800000,
            "book_valuer_per_share": 51.88,
            "book_valuer_per_share_4q_avg": 50.3,
            "equity": 50845556,
            "current_ratio": 666.66,
            "debt_ratio": 21.58,
            "inventory_turnover_ratio": 1.28,
            "account_receivable_turnover_ratio": null,
            "reinvestment_rate": -32.87,
            "research_to_sale_ratio": null,
            "price_fair": 94.41,
            "eps_avg_yearly": 2.7,
            "eps_latest_yearly": 4,
            "eps_growth_yearly": 523.85
        },
        "20072": {
            "year_quarter": 20072,
            "year": 2007,
            "quarter": 2,
            "eps": 0.91,
            "eps_growth_year": 28.17,
            "eps_4q": 4.43,
            "eps_4q_growth_year": 126.41,
            "roe": 1.73,
            "roe_4q": 8.61,
            "gross_profit": 180833,
            "gross_margin": 6.43,
            "gross_margin_4q_avg": 8.3,
            "net_income": 876654,
            "revenue": 2812191,
            "common_shares": 9800000,
            "book_valuer_per_share": 51.43,
            "book_valuer_per_share_4q_avg": 50.99,
            "equity": 50399643,
            "current_ratio": 400.36,
            "debt_ratio": 23.25,
            "inventory_turnover_ratio": 1.26,
            "account_receivable_turnover_ratio": null,
            "reinvestment_rate": -33.35,
            "research_to_sale_ratio": null,
            "price_fair": 100.28,
            "eps_avg_yearly": 2.87,
            "eps_latest_yearly": 3.64,
            "eps_growth_yearly": 527.85
        },
        "20073": {
            "year_quarter": 20073,
            "year": 2007,
            "quarter": 3,
            "eps": 1.07,
            "eps_growth_year": 55.07,
            "eps_4q": 4.85,
            "eps_4q_growth_year": 113.13,
            "roe": 2.02,
            "roe_4q": 9.290000000000001,
            "gross_profit": 188954,
            "gross_margin": 5.74,
            "gross_margin_4q_avg": 7.56,
            "net_income": 1027238,
            "revenue": 3291700,
            "common_shares": 9800000,
            "book_valuer_per_share": 52.57,
            "book_valuer_per_share_4q_avg": 51.75,
            "equity": 51518871,
            "current_ratio": 743.41,
            "debt_ratio": 20.06,
            "inventory_turnover_ratio": 1.31,
            "account_receivable_turnover_ratio": null,
            "reinvestment_rate": -28.43,
            "research_to_sale_ratio": null,
            "price_fair": 106.4,
            "eps_avg_yearly": 3.04,
            "eps_latest_yearly": 4.28,
            "eps_growth_yearly": 518.7
        },
        "20074": {
            "year_quarter": 20074,
            "year": 2007,
            "quarter": 4,
            "eps": 0.96,
            "eps_growth_year": -50.52,
            "eps_4q": 3.9,
            "eps_4q_growth_year": 0.34,
            "roe": 1.79,
            "roe_4q": 7.4,
            "gross_profit": 218153,
            "gross_margin": 7.43,
            "gross_margin_4q_avg": 7.62,
            "net_income": 927535,
            "revenue": 2935132,
            "common_shares": 9800000,
            "book_valuer_per_share": 53.19,
            "book_valuer_per_share_4q_avg": 52.27,
            "equity": 52122116,
            "current_ratio": 1107.12,
            "debt_ratio": 19.15,
            "inventory_turnover_ratio": 1.14,
            "account_receivable_turnover_ratio": null,
            "reinvestment_rate": -23.49,
            "research_to_sale_ratio": null,
            "price_fair": 114.63,
            "eps_avg_yearly": 3.28,
            "eps_latest_yearly": 3.84,
            "eps_growth_yearly": 539.78
        },
        "20081": {
            "year_quarter": 20081,
            "year": 2008,
            "quarter": 1,
            "eps": 0.98,
            "eps_growth_year": -2,
            "eps_4q": 3.87,
            "eps_4q_growth_year": -10.58,
            "roe": 1.84,
            "roe_4q": 7.380000000000001,
            "gross_profit": 638252,
            "gross_margin": 13.99,
            "gross_margin_4q_avg": 8.4,
            "net_income": 958805,
            "revenue": 4563568,
            "common_shares": 9800000,
            "book_valuer_per_share": 53.26,
            "book_valuer_per_share_4q_avg": 52.61,
            "equity": 52195836,
            "current_ratio": 1030.74,
            "debt_ratio": 19.13,
            "inventory_turnover_ratio": 1.54,
            "account_receivable_turnover_ratio": null,
            "reinvestment_rate": -21.67,
            "research_to_sale_ratio": null,
            "price_fair": 119.96,
            "eps_avg_yearly": 3.43,
            "eps_latest_yearly": 3.92,
            "eps_growth_yearly": 102.8
        },
        "20082": {
            "year_quarter": 20082,
            "year": 2008,
            "quarter": 2,
            "eps": 0.93,
            "eps_growth_year": 2.2,
            "eps_4q": 3.91,
            "eps_4q_growth_year": -11.84,
            "roe": 1.79,
            "roe_4q": 7.4399999999999995,
            "gross_profit": 408895,
            "gross_margin": 9.55,
            "gross_margin_4q_avg": 9.18,
            "net_income": 909466,
            "revenue": 4281611,
            "common_shares": 9800000,
            "book_valuer_per_share": 50.2,
            "book_valuer_per_share_4q_avg": 52.31,
            "equity": 49191505,
            "current_ratio": 380.31,
            "debt_ratio": 24.3,
            "inventory_turnover_ratio": 1.13,
            "account_receivable_turnover_ratio": null,
            "reinvestment_rate": -18.77,
            "research_to_sale_ratio": null,
            "price_fair": 124.6,
            "eps_avg_yearly": 3.56,
            "eps_latest_yearly": 3.72,
            "eps_growth_yearly": 99.5
        },
        "20083": {
            "year_quarter": 20083,
            "year": 2008,
            "quarter": 3,
            "eps": 0.48,
            "eps_growth_year": -55.14,
            "eps_4q": 3.33,
            "eps_4q_growth_year": -31.36,
            "roe": 0.95,
            "roe_4q": 6.37,
            "gross_profit": 501493,
            "gross_margin": 11.44,
            "gross_margin_4q_avg": 10.6,
            "net_income": 471011,
            "revenue": 4384681,
            "common_shares": 9800000,
            "book_valuer_per_share": 50.55,
            "book_valuer_per_share_4q_avg": 51.8,
            "equity": 49538761,
            "current_ratio": 515.65,
            "debt_ratio": 22.25,
            "inventory_turnover_ratio": 0.81,
            "account_receivable_turnover_ratio": null,
            "reinvestment_rate": -4.51,
            "research_to_sale_ratio": null,
            "price_fair": 121.45,
            "eps_avg_yearly": 3.47,
            "eps_latest_yearly": 1.92,
            "eps_growth_yearly": 59.9
        },
        "20084": {
            "year_quarter": 20084,
            "year": 2008,
            "quarter": 4,
            "eps": -0.15,
            "eps_growth_year": -115.62,
            "eps_4q": 2.24,
            "eps_4q_growth_year": -42.58,
            "roe": -0.3,
            "roe_4q": 4.28,
            "gross_profit": -349156,
            "gross_margin": -9.2,
            "gross_margin_4q_avg": 6.45,
            "net_income": -147564,
            "revenue": 3796211,
            "common_shares": 9800000,
            "book_valuer_per_share": 50.4,
            "book_valuer_per_share_4q_avg": 51.1,
            "equity": 49389657,
            "current_ratio": 559.57,
            "debt_ratio": 22.05,
            "inventory_turnover_ratio": 0.78,
            "account_receivable_turnover_ratio": 4.4,
            "reinvestment_rate": -33.37,
            "research_to_sale_ratio": null,
            "price_fair": 124.79,
            "eps_avg_yearly": 3.57,
            "eps_latest_yearly": 1.92,
            "eps_growth_yearly": 74.37
        },
        "20091": {
            "year_quarter": 20091,
            "year": 2009,
            "quarter": 1,
            "eps": 0.41,
            "eps_growth_year": -58.16,
            "eps_4q": 1.66,
            "eps_4q_growth_year": -57.08,
            "roe": 0.81,
            "roe_4q": 3.25,
            "gross_profit": 660212,
            "gross_margin": 13.46,
            "gross_margin_4q_avg": 6.31,
            "net_income": 403459,
            "revenue": 4904803,
            "common_shares": 9800000,
            "book_valuer_per_share": 51.36,
            "book_valuer_per_share_4q_avg": 50.63,
            "equity": 50330141,
            "current_ratio": 863.53,
            "debt_ratio": 20.15,
            "inventory_turnover_ratio": 0.88,
            "account_receivable_turnover_ratio": 2.18,
            "reinvestment_rate": -83.53,
            "research_to_sale_ratio": null,
            "price_fair": 88.41,
            "eps_avg_yearly": 3.35,
            "eps_latest_yearly": 1.92,
            "eps_growth_yearly": 16.38
        },
        "20092": {
            "year_quarter": 20092,
            "year": 2009,
            "quarter": 2,
            "eps": 1.37,
            "eps_growth_year": 47.31,
            "eps_4q": 2.11,
            "eps_4q_growth_year": -46,
            "roe": 2.68,
            "roe_4q": 4.140000000000001,
            "gross_profit": 1133040,
            "gross_margin": 25.18,
            "gross_margin_4q_avg": 10.22,
            "net_income": 1343868,
            "revenue": 4500604,
            "common_shares": 9800000,
            "book_valuer_per_share": 51.11,
            "book_valuer_per_share_4q_avg": 50.86,
            "equity": 50087447,
            "current_ratio": 530.48,
            "debt_ratio": 22.15,
            "inventory_turnover_ratio": 0.78,
            "account_receivable_turnover_ratio": 1.92,
            "reinvestment_rate": -74.29,
            "research_to_sale_ratio": null,
            "price_fair": 123,
            "eps_avg_yearly": 3.51,
            "eps_latest_yearly": 5.48,
            "eps_growth_yearly": 97.91
        },
        "20093": {
            "year_quarter": 20093,
            "year": 2009,
            "quarter": 3,
            "eps": -0.98,
            "eps_growth_year": -304.17,
            "eps_4q": 0.65,
            "eps_4q_growth_year": -80.52,
            "roe": -1.94,
            "roe_4q": 1.2500000000000002,
            "gross_profit": 778489,
            "gross_margin": 19.63,
            "gross_margin_4q_avg": 12.27,
            "net_income": -964306,
            "revenue": 3965581,
            "common_shares": 9800000,
            "book_valuer_per_share": 50.54,
            "book_valuer_per_share_4q_avg": 50.85,
            "equity": 49529435,
            "current_ratio": 1236.57,
            "debt_ratio": 19.15,
            "inventory_turnover_ratio": 0.82,
            "account_receivable_turnover_ratio": 2.32,
            "reinvestment_rate": -76.92,
            "research_to_sale_ratio": null,
            "price_fair": 128.26,
            "eps_avg_yearly": 3.66,
            "eps_latest_yearly": 5.48,
            "eps_growth_yearly": 121.21
        },
        "20094": {
            "year_quarter": 20094,
            "year": 2009,
            "quarter": 4,
            "eps": 0.49,
            "eps_growth_year": null,
            "eps_4q": 1.29,
            "eps_4q_growth_year": -42.29,
            "roe": 0.97,
            "roe_4q": 2.5200000000000005,
            "gross_profit": 264013,
            "gross_margin": 6.97,
            "gross_margin_4q_avg": 16.31,
            "net_income": 483867,
            "revenue": 3786405,
            "common_shares": 9800000,
            "book_valuer_per_share": 51.17,
            "book_valuer_per_share_4q_avg": 51.05,
            "equity": 50141906,
            "current_ratio": 1162.6,
            "debt_ratio": 19.27,
            "inventory_turnover_ratio": 1.38,
            "account_receivable_turnover_ratio": 4.79,
            "reinvestment_rate": 15.58,
            "research_to_sale_ratio": null,
            "price_fair": 135.22,
            "eps_avg_yearly": 3.86,
            "eps_latest_yearly": 5.48,
            "eps_growth_yearly": 137.3
        },
        "20101": {
            "year_quarter": 20101,
            "year": 2010,
            "quarter": 1,
            "eps": 0.75,
            "eps_growth_year": 82.93,
            "eps_4q": 1.63,
            "eps_4q_growth_year": -1.99,
            "roe": 1.46,
            "roe_4q": 3.17,
            "gross_profit": 389834,
            "gross_margin": 12.23,
            "gross_margin_4q_avg": 16,
            "net_income": 733792,
            "revenue": 3188653,
            "common_shares": 9800000,
            "book_valuer_per_share": 51.73,
            "book_valuer_per_share_4q_avg": 51.14,
            "equity": 50700117,
            "current_ratio": 1160.9,
            "debt_ratio": 19.17,
            "inventory_turnover_ratio": 1.85,
            "account_receivable_turnover_ratio": 2.06,
            "reinvestment_rate": 19.81,
            "research_to_sale_ratio": 0.3,
            "price_fair": 137.55,
            "eps_avg_yearly": 3.93,
            "eps_latest_yearly": 3,
            "eps_growth_yearly": 131.03
        },
        "20102": {
            "year_quarter": 20102,
            "year": 2010,
            "quarter": 2,
            "eps": 1.03,
            "eps_growth_year": -24.83,
            "eps_4q": 1.29,
            "eps_4q_growth_year": -38.97,
            "roe": 2,
            "roe_4q": 2.4899999999999998,
            "gross_profit": 578544,
            "gross_margin": 15.5,
            "gross_margin_4q_avg": 13.58,
            "net_income": 1009209,
            "revenue": 3733548,
            "common_shares": 9800000,
            "book_valuer_per_share": 51.29,
            "book_valuer_per_share_4q_avg": 51.18,
            "equity": 50266911,
            "current_ratio": 434.55,
            "debt_ratio": 22.39,
            "inventory_turnover_ratio": 1.79,
            "account_receivable_turnover_ratio": 2.66,
            "reinvestment_rate": 63.53,
            "research_to_sale_ratio": 0.27,
            "price_fair": 141.28,
            "eps_avg_yearly": 4.04,
            "eps_latest_yearly": 4.12,
            "eps_growth_yearly": 133.78
        },
        "20103": {
            "year_quarter": 20103,
            "year": 2010,
            "quarter": 3,
            "eps": -0.84,
            "eps_growth_year": null,
            "eps_4q": 1.43,
            "eps_4q_growth_year": 121.08,
            "roe": -1.65,
            "roe_4q": 2.7800000000000002,
            "gross_profit": 488009,
            "gross_margin": 13.07,
            "gross_margin_4q_avg": 11.94,
            "net_income": -822015,
            "revenue": 3733886,
            "common_shares": 9800000,
            "book_valuer_per_share": 50.57,
            "book_valuer_per_share_4q_avg": 51.19,
            "equity": 49562119,
            "current_ratio": 298.46,
            "debt_ratio": 24.05,
            "inventory_turnover_ratio": 1.68,
            "account_receivable_turnover_ratio": 2.53,
            "reinvestment_rate": 102.41,
            "research_to_sale_ratio": 0.27,
            "price_fair": 145.35,
            "eps_avg_yearly": 4.15,
            "eps_latest_yearly": 4.12,
            "eps_growth_yearly": 146.96
        },
        "20104": {
            "year_quarter": 20104,
            "year": 2010,
            "quarter": 4,
            "eps": 0.82,
            "eps_growth_year": 67.14,
            "eps_4q": 1.76,
            "eps_4q_growth_year": 36.05,
            "roe": 1.62,
            "roe_4q": 3.43,
            "gross_profit": 528582,
            "gross_margin": 13.98,
            "gross_margin_4q_avg": 13.7,
            "net_income": 802622,
            "revenue": 3780036,
            "common_shares": 9800000,
            "book_valuer_per_share": 50.79,
            "book_valuer_per_share_4q_avg": 51.1,
            "equity": 49774495,
            "current_ratio": 670.47,
            "debt_ratio": 22.59,
            "inventory_turnover_ratio": 1.62,
            "account_receivable_turnover_ratio": 2.07,
            "reinvestment_rate": 122.83,
            "research_to_sale_ratio": 0.36,
            "price_fair": 132.72,
            "eps_avg_yearly": 3.79,
            "eps_latest_yearly": 4.12,
            "eps_growth_yearly": 89.19
        },
        "20111": {
            "year_quarter": 20111,
            "year": 2011,
            "quarter": 1,
            "eps": 0.82,
            "eps_growth_year": 9.33,
            "eps_4q": 1.83,
            "eps_4q_growth_year": 12.29,
            "roe": 1.6,
            "roe_4q": 3.5700000000000003,
            "gross_profit": 606962,
            "gross_margin": 15.14,
            "gross_margin_4q_avg": 14.42,
            "net_income": 803722,
            "revenue": 4008465,
            "common_shares": 9800000,
            "book_valuer_per_share": 51.66,
            "book_valuer_per_share_4q_avg": 51.08,
            "equity": 50625162,
            "current_ratio": 478.42,
            "debt_ratio": 23.37,
            "inventory_turnover_ratio": 1.59,
            "account_receivable_turnover_ratio": 1.93,
            "reinvestment_rate": 118.9,
            "research_to_sale_ratio": 0.29,
            "price_fair": 130.2,
            "eps_avg_yearly": 3.72,
            "eps_latest_yearly": 3.28,
            "eps_growth_yearly": 108.57
        },
        "20112": {
            "year_quarter": 20112,
            "year": 2011,
            "quarter": 2,
            "eps": 0.82,
            "eps_growth_year": -20.56,
            "eps_4q": 1.62,
            "eps_4q_growth_year": 25.62,
            "roe": 1.61,
            "roe_4q": 3.18,
            "gross_profit": 516747,
            "gross_margin": 12.81,
            "gross_margin_4q_avg": 13.75,
            "net_income": 801701,
            "revenue": 4032591,
            "common_shares": 9800000,
            "book_valuer_per_share": 50.06,
            "book_valuer_per_share_4q_avg": 50.77,
            "equity": 49053978,
            "current_ratio": 276.66,
            "debt_ratio": 26.59,
            "inventory_turnover_ratio": 1.68,
            "account_receivable_turnover_ratio": 1.74,
            "reinvestment_rate": 130.77,
            "research_to_sale_ratio": 0.27,
            "price_fair": 128.94,
            "eps_avg_yearly": 3.68,
            "eps_latest_yearly": 3.28,
            "eps_growth_yearly": 112.17
        },
        "20113": {
            "year_quarter": 20113,
            "year": 2011,
            "quarter": 3,
            "eps": 1,
            "eps_growth_year": null,
            "eps_4q": 3.46,
            "eps_4q_growth_year": 141.03,
            "roe": 1.96,
            "roe_4q": 6.79,
            "gross_profit": 412694,
            "gross_margin": 9.08,
            "gross_margin_4q_avg": 12.75,
            "net_income": 978012,
            "revenue": 4544273,
            "common_shares": 9800000,
            "book_valuer_per_share": 51.55,
            "book_valuer_per_share_4q_avg": 51.02,
            "equity": 50518435,
            "current_ratio": 354.08,
            "debt_ratio": 23.98,
            "inventory_turnover_ratio": 1.96,
            "account_receivable_turnover_ratio": 1.93,
            "reinvestment_rate": 156.05,
            "research_to_sale_ratio": 0.27,
            "price_fair": 127.96,
            "eps_avg_yearly": 3.66,
            "eps_latest_yearly": 4,
            "eps_growth_yearly": 113.92
        },
        "20114": {
            "year_quarter": 20114,
            "year": 2011,
            "quarter": 4,
            "eps": 0.44,
            "eps_growth_year": -46.71,
            "eps_4q": 3.07,
            "eps_4q_growth_year": 74.7,
            "roe": 0.84,
            "roe_4q": 6.01,
            "gross_profit": 201823,
            "gross_margin": 4.59,
            "gross_margin_4q_avg": 10.41,
            "net_income": 427710,
            "revenue": 4392947,
            "common_shares": 9800000,
            "book_valuer_per_share": 52.87,
            "book_valuer_per_share_4q_avg": 51.54,
            "equity": 51814151,
            "current_ratio": 579.82,
            "debt_ratio": 21.5,
            "inventory_turnover_ratio": 1.76,
            "account_receivable_turnover_ratio": 1.74,
            "reinvestment_rate": 190.11,
            "research_to_sale_ratio": 0.23,
            "price_fair": 120.68,
            "eps_avg_yearly": 3.45,
            "eps_latest_yearly": 1.76,
            "eps_growth_yearly": 95.63
        },
        "20121": {
            "year_quarter": 20121,
            "year": 2012,
            "quarter": 1,
            "eps": 0.53,
            "eps_growth_year": -35.37,
            "eps_4q": 2.78,
            "eps_4q_growth_year": 51.92,
            "roe": 0.99,
            "roe_4q": 5.4,
            "gross_profit": 162040,
            "gross_margin": 3.53,
            "gross_margin_4q_avg": 7.5,
            "net_income": 517263,
            "revenue": 4588462,
            "common_shares": 9800000,
            "book_valuer_per_share": 53.41,
            "book_valuer_per_share_4q_avg": 51.97,
            "equity": 52339219,
            "current_ratio": 565.1,
            "debt_ratio": 21.02,
            "inventory_turnover_ratio": 2.07,
            "account_receivable_turnover_ratio": 1.65,
            "reinvestment_rate": 187.18,
            "research_to_sale_ratio": 0.24,
            "price_fair": 114.38,
            "eps_avg_yearly": 3.27,
            "eps_latest_yearly": 2.12,
            "eps_growth_yearly": 102.98
        },
        "20122": {
            "year_quarter": 20122,
            "year": 2012,
            "quarter": 2,
            "eps": 0.65,
            "eps_growth_year": -20.4,
            "eps_4q": 2.61,
            "eps_4q_growth_year": 61.48,
            "roe": 1.24,
            "roe_4q": 5.029999999999999,
            "gross_profit": 291077,
            "gross_margin": 7.61,
            "gross_margin_4q_avg": 6.2,
            "net_income": 638189,
            "revenue": 3825525,
            "common_shares": 9800000,
            "book_valuer_per_share": 51.79,
            "book_valuer_per_share_4q_avg": 52.41,
            "equity": 50751492,
            "current_ratio": 227.98,
            "debt_ratio": 25.05,
            "inventory_turnover_ratio": 1.84,
            "account_receivable_turnover_ratio": 1.55,
            "reinvestment_rate": 212.44,
            "research_to_sale_ratio": 0.31,
            "price_fair": 110.46,
            "eps_avg_yearly": 3.16,
            "eps_latest_yearly": 2.6,
            "eps_growth_yearly": 114.08
        },
        "20123": {
            "year_quarter": 20123,
            "year": 2012,
            "quarter": 3,
            "eps": 0.78,
            "eps_growth_year": -21.74,
            "eps_4q": 2.4,
            "eps_4q_growth_year": -30.64,
            "roe": 1.5,
            "roe_4q": 4.57,
            "gross_profit": 420711,
            "gross_margin": 10.48,
            "gross_margin_4q_avg": 6.55,
            "net_income": 765398,
            "revenue": 4013911,
            "common_shares": 9800000,
            "book_valuer_per_share": 52.39,
            "book_valuer_per_share_4q_avg": 52.62,
            "equity": 51346476,
            "current_ratio": 371.86,
            "debt_ratio": 21.78,
            "inventory_turnover_ratio": 1.46,
            "account_receivable_turnover_ratio": 1.48,
            "reinvestment_rate": 218.12,
            "research_to_sale_ratio": 0.31,
            "price_fair": 114.66,
            "eps_avg_yearly": 3.28,
            "eps_latest_yearly": 3.12,
            "eps_growth_yearly": 141.44
        },
        "20124": {
            "year_quarter": 20124,
            "year": 2012,
            "quarter": 4,
            "eps": 1.45,
            "eps_growth_year": 231.56,
            "eps_4q": 3.41,
            "eps_4q_growth_year": 10.89,
            "roe": 2.73,
            "roe_4q": 6.460000000000001,
            "gross_profit": 1559257,
            "gross_margin": 28.87,
            "gross_margin_4q_avg": 12.62,
            "net_income": 1418118,
            "revenue": 5400035,
            "common_shares": 9800000,
            "book_valuer_per_share": 53.5,
            "book_valuer_per_share_4q_avg": 52.77,
            "equity": 52431596,
            "current_ratio": 444.3,
            "debt_ratio": 21.09,
            "inventory_turnover_ratio": 1.24,
            "account_receivable_turnover_ratio": 1.64,
            "reinvestment_rate": 216.54,
            "research_to_sale_ratio": 0.24,
            "price_fair": 122.69,
            "eps_avg_yearly": 3.51,
            "eps_latest_yearly": 5.8,
            "eps_growth_yearly": 159.81
        },
        "20131": {
            "year_quarter": 20131,
            "year": 2013,
            "quarter": 1,
            "eps": 2.3,
            "eps_growth_year": 333.96,
            "eps_4q": 5.18,
            "eps_4q_growth_year": 86.4,
            "roe": 4.27,
            "roe_4q": 9.74,
            "gross_profit": 1814964,
            "gross_margin": 30.74,
            "gross_margin_4q_avg": 19.43,
            "net_income": 2257059,
            "revenue": 5904682,
            "common_shares": 9800000,
            "book_valuer_per_share": 54.32,
            "book_valuer_per_share_4q_avg": 53,
            "equity": 53234926,
            "current_ratio": 330.03,
            "debt_ratio": 22.83,
            "inventory_turnover_ratio": 1.08,
            "account_receivable_turnover_ratio": 2.04,
            "reinvestment_rate": 200.99,
            "research_to_sale_ratio": 0.23,
            "price_fair": 139.3,
            "eps_avg_yearly": 3.98,
            "eps_latest_yearly": 9.2,
            "eps_growth_yearly": 166.04
        },
        "20132": {
            "year_quarter": 20132,
            "year": 2013,
            "quarter": 2,
            "eps": 0.02,
            "eps_growth_year": -96.93,
            "eps_4q": 4.56,
            "eps_4q_growth_year": 74.33,
            "roe": 0.05,
            "roe_4q": 8.549999999999999,
            "gross_profit": 265236,
            "gross_margin": 8.15,
            "gross_margin_4q_avg": 19.56,
            "net_income": 24295,
            "revenue": 3252949,
            "common_shares": 9800000,
            "book_valuer_per_share": 51.67,
            "book_valuer_per_share_4q_avg": 52.97,
            "equity": 50640323,
            "current_ratio": 182.48,
            "debt_ratio": 26.32,
            "inventory_turnover_ratio": 0.71,
            "account_receivable_turnover_ratio": 1.5,
            "reinvestment_rate": 230.17,
            "research_to_sale_ratio": 0.3,
            "price_fair": 123.55,
            "eps_avg_yearly": 3.53,
            "eps_latest_yearly": 0.08,
            "eps_growth_yearly": 54.94
        },
        "20133": {
            "year_quarter": 20133,
            "year": 2013,
            "quarter": 3,
            "eps": 0.24,
            "eps_growth_year": -69.27,
            "eps_4q": 4.01,
            "eps_4q_growth_year": 67.38,
            "roe": 0.46,
            "roe_4q": 7.51,
            "gross_profit": 140965,
            "gross_margin": 3.92,
            "gross_margin_4q_avg": 17.92,
            "net_income": 231644,
            "revenue": 3595614,
            "common_shares": 9800000,
            "book_valuer_per_share": 51.61,
            "book_valuer_per_share_4q_avg": 52.78,
            "equity": 50582591,
            "current_ratio": 247.87,
            "debt_ratio": 23.54,
            "inventory_turnover_ratio": 0.88,
            "account_receivable_turnover_ratio": 1.63,
            "reinvestment_rate": 197.85,
            "research_to_sale_ratio": 0.32,
            "price_fair": 116.63,
            "eps_avg_yearly": 3.33,
            "eps_latest_yearly": 0.96,
            "eps_growth_yearly": 389.18
        },
        "20134": {
            "year_quarter": 20134,
            "year": 2013,
            "quarter": 4,
            "eps": 0.03,
            "eps_growth_year": -98.23,
            "eps_4q": 2.59,
            "eps_4q_growth_year": -23.99,
            "roe": 0.05,
            "roe_4q": 4.83,
            "gross_profit": 26032,
            "gross_margin": 0.8,
            "gross_margin_4q_avg": 10.9,
            "net_income": 25072,
            "revenue": 3265301,
            "common_shares": 9800000,
            "book_valuer_per_share": 51.81,
            "book_valuer_per_share_4q_avg": 52.35,
            "equity": 50774372,
            "current_ratio": 239.14,
            "debt_ratio": 23.68,
            "inventory_turnover_ratio": 0.94,
            "account_receivable_turnover_ratio": 1.37,
            "reinvestment_rate": 106.23,
            "research_to_sale_ratio": 0.35,
            "price_fair": 108.6,
            "eps_avg_yearly": 3.1,
            "eps_latest_yearly": 0.12,
            "eps_growth_yearly": 336.38
        },
        "20141": {
            "year_quarter": 20141,
            "year": 2014,
            "quarter": 1,
            "eps": 0.11,
            "eps_growth_year": -95.22,
            "eps_4q": 0.39,
            "eps_4q_growth_year": -92.43,
            "roe": 0.2,
            "roe_4q": 0.76,
            "gross_profit": -18106,
            "gross_margin": -0.51,
            "gross_margin_4q_avg": 3.09,
            "net_income": 103504,
            "revenue": 3520498,
            "common_shares": 9800000,
            "book_valuer_per_share": 52.08,
            "book_valuer_per_share_4q_avg": 51.79,
            "equity": 51042065,
            "current_ratio": 225.38,
            "debt_ratio": 23.82,
            "inventory_turnover_ratio": 1.08,
            "account_receivable_turnover_ratio": 1.6,
            "reinvestment_rate": 115.41,
            "research_to_sale_ratio": 0.41,
            "price_fair": 102.2,
            "eps_avg_yearly": 2.92,
            "eps_latest_yearly": 0.44,
            "eps_growth_yearly": 397.41
        },
        "20142": {
            "year_quarter": 20142,
            "year": 2014,
            "quarter": 2,
            "eps": 0.01,
            "eps_growth_year": -50,
            "eps_4q": 0.38,
            "eps_4q_growth_year": -91.61,
            "roe": 0.03,
            "roe_4q": 0.74,
            "gross_profit": 3350,
            "gross_margin": 0.11,
            "gross_margin_4q_avg": 1.08,
            "net_income": 14187,
            "revenue": 3048724,
            "common_shares": 9800000,
            "book_valuer_per_share": 49.92,
            "book_valuer_per_share_4q_avg": 51.36,
            "equity": 48917065,
            "current_ratio": 132,
            "debt_ratio": 26.94,
            "inventory_turnover_ratio": 0.86,
            "account_receivable_turnover_ratio": 1.76,
            "reinvestment_rate": 126.66,
            "research_to_sale_ratio": 0.51,
            "price_fair": 92,
            "eps_avg_yearly": 2.63,
            "eps_latest_yearly": 0.04,
            "eps_growth_yearly": 360.77
        },
        "20143": {
            "year_quarter": 20143,
            "year": 2014,
            "quarter": 3,
            "eps": 0.12,
            "eps_growth_year": -50,
            "eps_4q": 0.27,
            "eps_4q_growth_year": -93.32,
            "roe": 0.24,
            "roe_4q": 0.52,
            "gross_profit": -35218,
            "gross_margin": -0.96,
            "gross_margin_4q_avg": -0.14,
            "net_income": 119726,
            "revenue": 3655544,
            "common_shares": 9800000,
            "book_valuer_per_share": 50.19,
            "book_valuer_per_share_4q_avg": 51,
            "equity": 49182513,
            "current_ratio": 136.09,
            "debt_ratio": 27.94,
            "inventory_turnover_ratio": 1.01,
            "account_receivable_turnover_ratio": 2.23,
            "reinvestment_rate": 97.08,
            "research_to_sale_ratio": 0.36,
            "price_fair": 86.99,
            "eps_avg_yearly": 2.49,
            "eps_latest_yearly": 0.48,
            "eps_growth_yearly": 630.05
        },
        "20144": {
            "year_quarter": 20144,
            "year": 2014,
            "quarter": 4,
            "eps": 2.89,
            "eps_growth_year": 11191.05,
            "eps_4q": 3.13,
            "eps_4q_growth_year": 20.89,
            "roe": 5.57,
            "roe_4q": 6.040000000000001,
            "gross_profit": 2962605,
            "gross_margin": 40.66,
            "gross_margin_4q_avg": 9.83,
            "net_income": 2830929,
            "revenue": 7285507,
            "common_shares": 9800000,
            "book_valuer_per_share": 53.46,
            "book_valuer_per_share_4q_avg": 51.41,
            "equity": 52392615,
            "current_ratio": 179.11,
            "debt_ratio": 25.68,
            "inventory_turnover_ratio": 1.22,
            "account_receivable_turnover_ratio": 2.51,
            "reinvestment_rate": 24.1,
            "research_to_sale_ratio": 0.2,
            "price_fair": 106.84,
            "eps_avg_yearly": 3.05,
            "eps_latest_yearly": 11.56,
            "eps_growth_yearly": 1167.76
        },
        "20151": {
            "year_quarter": 20151,
            "year": 2015,
            "quarter": 1,
            "eps": 0.05,
            "eps_growth_year": -54.55,
            "eps_4q": 3.07,
            "eps_4q_growth_year": 683.38,
            "roe": 0.09,
            "roe_4q": 5.930000000000001,
            "gross_profit": 339355,
            "gross_margin": 8.84,
            "gross_margin_4q_avg": 12.16,
            "net_income": 47379,
            "revenue": 3838849,
            "common_shares": 9800000,
            "book_valuer_per_share": 53.4,
            "book_valuer_per_share_4q_avg": 51.74,
            "equity": 52333266,
            "current_ratio": 173.5,
            "debt_ratio": 23.74,
            "inventory_turnover_ratio": 0.94,
            "account_receivable_turnover_ratio": 1.18,
            "reinvestment_rate": 31.99,
            "research_to_sale_ratio": 0.41,
            "price_fair": 100.1,
            "eps_avg_yearly": 2.86,
            "eps_latest_yearly": 0.2,
            "eps_growth_yearly": 1143.19
        },
        "20152": {
            "year_quarter": 20152,
            "year": 2015,
            "quarter": 2,
            "eps": 0.13,
            "eps_growth_year": 1200,
            "eps_4q": 3.2,
            "eps_4q_growth_year": 736.42,
            "roe": 0.26,
            "roe_4q": 6.16,
            "gross_profit": 877167,
            "gross_margin": 21.39,
            "gross_margin_4q_avg": 17.48,
            "net_income": 133575,
            "revenue": 4101210,
            "common_shares": 9800000,
            "book_valuer_per_share": 51.2,
            "book_valuer_per_share_4q_avg": 52.06,
            "equity": 50175384,
            "current_ratio": 132.8,
            "debt_ratio": 25.43,
            "inventory_turnover_ratio": 0.98,
            "account_receivable_turnover_ratio": 1.72,
            "reinvestment_rate": 22.37,
            "research_to_sale_ratio": 0.48,
            "price_fair": 94.06,
            "eps_avg_yearly": 2.69,
            "eps_latest_yearly": 0.52,
            "eps_growth_yearly": 1183.19
        },
        "20153": {
            "year_quarter": 20153,
            "year": 2015,
            "quarter": 3,
            "eps": 1.17,
            "eps_growth_year": 875,
            "eps_4q": 4.25,
            "eps_4q_growth_year": 1485.25,
            "roe": 2.25,
            "roe_4q": 8.17,
            "gross_profit": 1041526,
            "gross_margin": 24.04,
            "gross_margin_4q_avg": 23.73,
            "net_income": 1149215,
            "revenue": 4332379,
            "common_shares": 9800000,
            "book_valuer_per_share": 52.96,
            "book_valuer_per_share_4q_avg": 52.76,
            "equity": 51899421,
            "current_ratio": 484.47,
            "debt_ratio": 36.24,
            "inventory_turnover_ratio": 1.21,
            "account_receivable_turnover_ratio": 1.99,
            "reinvestment_rate": -45.76,
            "research_to_sale_ratio": 0.32,
            "price_fair": 95.55,
            "eps_avg_yearly": 2.73,
            "eps_latest_yearly": 4.68,
            "eps_growth_yearly": 1377.7
        },
        "20154": {
            "year_quarter": 20154,
            "year": 2015,
            "quarter": 4,
            "eps": 1.12,
            "eps_growth_year": -61.25,
            "eps_4q": 2.48,
            "eps_4q_growth_year": -20.9,
            "roe": 2.09,
            "roe_4q": 4.6899999999999995,
            "gross_profit": 1616952,
            "gross_margin": 31.01,
            "gross_margin_4q_avg": 21.32,
            "net_income": 1096914,
            "revenue": 5214639,
            "common_shares": 9800000,
            "book_valuer_per_share": 54.05,
            "book_valuer_per_share_4q_avg": 52.9,
            "equity": 52967860,
            "current_ratio": 840.49,
            "debt_ratio": 34.2,
            "inventory_turnover_ratio": 1.51,
            "account_receivable_turnover_ratio": 2.45,
            "reinvestment_rate": -62.05,
            "research_to_sale_ratio": 0.32,
            "price_fair": 101.5,
            "eps_avg_yearly": 2.9,
            "eps_latest_yearly": 4.48,
            "eps_growth_yearly": 1390.63
        },
        "20161": {
            "year_quarter": 20161,
            "year": 2016,
            "quarter": 1,
            "eps": 0.08,
            "eps_growth_year": 60,
            "eps_4q": 2.51,
            "eps_4q_growth_year": -18.27,
            "roe": 0.16,
            "roe_4q": 4.76,
            "gross_profit": 453201,
            "gross_margin": 14.2,
            "gross_margin_4q_avg": 22.66,
            "net_income": 82086,
            "revenue": 3192183,
            "common_shares": 9800000,
            "book_valuer_per_share": 53.94,
            "book_valuer_per_share_4q_avg": 53.04,
            "equity": 52865906,
            "current_ratio": 916.2,
            "debt_ratio": 33.53,
            "inventory_turnover_ratio": 1.43,
            "account_receivable_turnover_ratio": 1.59,
            "reinvestment_rate": -58.8,
            "research_to_sale_ratio": 0.57,
            "price_fair": 97.56,
            "eps_avg_yearly": 2.79,
            "eps_latest_yearly": 0.32,
            "eps_growth_yearly": 1362.3
        },
        "20162": {
            "year_quarter": 20162,
            "year": 2016,
            "quarter": 2,
            "eps": 0.26,
            "eps_growth_year": 100,
            "eps_4q": 2.64,
            "eps_4q_growth_year": -17.4,
            "roe": 0.5,
            "roe_4q": 5,
            "gross_profit": 436627,
            "gross_margin": 15.34,
            "gross_margin_4q_avg": 21.15,
            "net_income": 258629,
            "revenue": 2846235,
            "common_shares": 9800000,
            "book_valuer_per_share": 52.13,
            "book_valuer_per_share_4q_avg": 53.27,
            "equity": 51086030,
            "current_ratio": 469.04,
            "debt_ratio": 35.73,
            "inventory_turnover_ratio": 1.37,
            "account_receivable_turnover_ratio": 1.59,
            "reinvestment_rate": -76.95,
            "research_to_sale_ratio": 0.44,
            "price_fair": 94.15,
            "eps_avg_yearly": 2.69,
            "eps_latest_yearly": 1.04,
            "eps_growth_yearly": 1412.89
        },
        "20163": {
            "year_quarter": 20163,
            "year": 2016,
            "quarter": 3,
            "eps": 0.17,
            "eps_growth_year": -85.47,
            "eps_4q": 1.63,
            "eps_4q_growth_year": -61.56,
            "roe": 0.32,
            "roe_4q": 3.07,
            "gross_profit": 539477,
            "gross_margin": 16.91,
            "gross_margin_4q_avg": 19.37,
            "net_income": 162060,
            "revenue": 3189461,
            "common_shares": 9800000,
            "book_valuer_per_share": 52.02,
            "book_valuer_per_share_4q_avg": 53.04,
            "equity": 50977751,
            "current_ratio": 797.83,
            "debt_ratio": 34.27,
            "inventory_turnover_ratio": 1.5,
            "account_receivable_turnover_ratio": 1.79,
            "reinvestment_rate": -96.38,
            "research_to_sale_ratio": 0.43,
            "price_fair": 88.81,
            "eps_avg_yearly": 2.54,
            "eps_latest_yearly": 0.68,
            "eps_growth_yearly": 1399.24
        },
        "20164": {
            "year_quarter": 20164,
            "year": 2016,
            "quarter": 4,
            "eps": -0.65,
            "eps_growth_year": -157.64,
            "eps_4q": -0.13,
            "eps_4q_growth_year": -105.34,
            "roe": -1.24,
            "roe_4q": -0.2599999999999999,
            "gross_profit": 576949,
            "gross_margin": 19.15,
            "gross_margin_4q_avg": 16.4,
            "net_income": -632278,
            "revenue": 3013041,
            "common_shares": 9800000,
            "book_valuer_per_share": 51.64,
            "book_valuer_per_share_4q_avg": 52.43,
            "equity": 50604426,
            "current_ratio": 910.76,
            "debt_ratio": 34.04,
            "inventory_turnover_ratio": 1.41,
            "account_receivable_turnover_ratio": 1.69,
            "reinvestment_rate": -115.88,
            "research_to_sale_ratio": 0.69,
            "price_fair": 81.2,
            "eps_avg_yearly": 2.32,
            "eps_latest_yearly": 0.68,
            "eps_growth_yearly": 1469.62
        },
        "20171": {
            "year_quarter": 20171,
            "year": 2017,
            "quarter": 1,
            "eps": 0.52,
            "eps_growth_year": 550,
            "eps_4q": 0.3,
            "eps_4q_growth_year": -88,
            "roe": 1.01,
            "roe_4q": 0.5900000000000001,
            "gross_profit": 710866,
            "gross_margin": 21.88,
            "gross_margin_4q_avg": 18.32,
            "net_income": 507052,
            "revenue": 3248934,
            "common_shares": 9800000,
            "book_valuer_per_share": 51.21,
            "book_valuer_per_share_4q_avg": 51.75,
            "equity": 50181117,
            "current_ratio": 767.68,
            "debt_ratio": 34.24,
            "inventory_turnover_ratio": 1.6,
            "account_receivable_turnover_ratio": 1.91,
            "reinvestment_rate": -207.73,
            "research_to_sale_ratio": 0.41,
            "price_fair": 64,
            "eps_avg_yearly": 1.83,
            "eps_latest_yearly": 0.68,
            "eps_growth_yearly": 1557.84
        },
        "20172": {
            "year_quarter": 20172,
            "year": 2017,
            "quarter": 2,
            "eps": 0.48,
            "eps_growth_year": 84.62,
            "eps_4q": 0.52,
            "eps_4q_growth_year": -80.39,
            "roe": 0.95,
            "roe_4q": 1.04,
            "gross_profit": 613816,
            "gross_margin": 21.8,
            "gross_margin_4q_avg": 19.94,
            "net_income": 470452,
            "revenue": 2815330,
            "common_shares": 9800000,
            "book_valuer_per_share": 49.61,
            "book_valuer_per_share_4q_avg": 51.12,
            "equity": 48616765,
            "current_ratio": 378.02,
            "debt_ratio": 36.65,
            "inventory_turnover_ratio": 1.44,
            "account_receivable_turnover_ratio": 1.71,
            "reinvestment_rate": -391.35,
            "research_to_sale_ratio": 0.69,
            "price_fair": 68.6,
            "eps_avg_yearly": 1.96,
            "eps_latest_yearly": 1.92,
            "eps_growth_yearly": 1583.97
        },
        "20173": {
            "year_quarter": 20173,
            "year": 2017,
            "quarter": 3,
            "eps": 0.37,
            "eps_growth_year": 117.65,
            "eps_4q": 0.72,
            "eps_4q_growth_year": -55.77,
            "roe": 0.74,
            "roe_4q": 1.4600000000000002,
            "gross_profit": 668806,
            "gross_margin": 23.9,
            "gross_margin_4q_avg": 21.68,
            "net_income": 362362,
            "revenue": 2798220,
            "common_shares": 9800000,
            "book_valuer_per_share": 49.97,
            "book_valuer_per_share_4q_avg": 50.61,
            "equity": 48967600,
            "current_ratio": 532.88,
            "debt_ratio": 35.15,
            "inventory_turnover_ratio": 1.33,
            "account_receivable_turnover_ratio": 1.66,
            "reinvestment_rate": -376.51,
            "research_to_sale_ratio": 1.1,
            "price_fair": 69.9,
            "eps_avg_yearly": 2,
            "eps_latest_yearly": 1.48,
            "eps_growth_yearly": 1263.13
        },
        "20174": {
            "year_quarter": 20174,
            "year": 2017,
            "quarter": 4,
            "eps": 0.28,
            "eps_growth_year": null,
            "eps_4q": 1.65,
            "eps_4q_growth_year": null,
            "roe": 0.57,
            "roe_4q": 3.2699999999999996,
            "gross_profit": 607737,
            "gross_margin": 21.73,
            "gross_margin_4q_avg": 22.33,
            "net_income": 279259,
            "revenue": 2796502,
            "common_shares": 9800000,
            "book_valuer_per_share": 50.09,
            "book_valuer_per_share_4q_avg": 50.22,
            "equity": 49092452,
            "current_ratio": 635.92,
            "debt_ratio": 34.68,
            "inventory_turnover_ratio": 1.3,
            "account_receivable_turnover_ratio": 1.66,
            "reinvestment_rate": -356.54,
            "research_to_sale_ratio": 0.67,
            "price_fair": 72.4,
            "eps_avg_yearly": 2.07,
            "eps_latest_yearly": 1.12,
            "eps_growth_yearly": 1281.18
        },
        "20181": {
            "year_quarter": 20181,
            "year": 2018,
            "quarter": 1,
            "eps": 0.43,
            "eps_growth_year": -17.31,
            "eps_4q": 1.57,
            "eps_4q_growth_year": 420.66,
            "roe": 0.86,
            "roe_4q": 3.12,
            "gross_profit": 668248,
            "gross_margin": 21.05,
            "gross_margin_4q_avg": 22.12,
            "net_income": 426292,
            "revenue": 3174453,
            "common_shares": 9800000,
            "book_valuer_per_share": 51.32,
            "book_valuer_per_share_4q_avg": 50.25,
            "equity": 50297713,
            "current_ratio": 573.73,
            "debt_ratio": 34.43,
            "inventory_turnover_ratio": 1.45,
            "account_receivable_turnover_ratio": 2.06,
            "reinvestment_rate": -360.08,
            "research_to_sale_ratio": 0.56,
            "price_fair": 75.6,
            "eps_avg_yearly": 2.16,
            "eps_latest_yearly": 1.72,
            "eps_growth_yearly": 1220.3
        },
        "20182": {
            "year_quarter": 20182,
            "year": 2018,
            "quarter": 2,
            "eps": 0.66,
            "eps_growth_year": 37.5,
            "eps_4q": 1.75,
            "eps_4q_growth_year": 238.19,
            "roe": 1.3,
            "roe_4q": 3.4699999999999998,
            "gross_profit": 685581,
            "gross_margin": 23.33,
            "gross_margin_4q_avg": 22.5,
            "net_income": 647679,
            "revenue": 2938123,
            "common_shares": 9800000,
            "book_valuer_per_share": 50.24,
            "book_valuer_per_share_4q_avg": 50.41,
            "equity": 49236446,
            "current_ratio": 331.35,
            "debt_ratio": 36.3,
            "inventory_turnover_ratio": 1.52,
            "account_receivable_turnover_ratio": 2.05,
            "reinvestment_rate": -330.06,
            "research_to_sale_ratio": 0.57,
            "price_fair": 82.1,
            "eps_avg_yearly": 2.35,
            "eps_latest_yearly": 2.64,
            "eps_growth_yearly": 1261.56
        },
        "20183": {
            "year_quarter": 20183,
            "year": 2018,
            "quarter": 3,
            "eps": 0.58,
            "eps_growth_year": 56.76,
            "eps_4q": 1.96,
            "eps_4q_growth_year": 171.79,
            "roe": 1.15,
            "roe_4q": 3.88,
            "gross_profit": 706590,
            "gross_margin": 23.83,
            "gross_margin_4q_avg": 22.49,
            "net_income": 569910,
            "revenue": 2965495,
            "common_shares": 9800000,
            "book_valuer_per_share": 50.85,
            "book_valuer_per_share_4q_avg": 50.63,
            "equity": 49834966,
            "current_ratio": 470.45,
            "debt_ratio": 34.7,
            "inventory_turnover_ratio": 1.2,
            "account_receivable_turnover_ratio": 2.22,
            "reinvestment_rate": -314.83,
            "research_to_sale_ratio": 0.62,
            "price_fair": 86.7,
            "eps_avg_yearly": 2.48,
            "eps_latest_yearly": 2.32,
            "eps_growth_yearly": 943.81
        },
        "20184": {
            "year_quarter": 20184,
            "year": 2018,
            "quarter": 4,
            "eps": 0.65,
            "eps_growth_year": 128.26,
            "eps_4q": 2.33,
            "eps_4q_growth_year": 40.9,
            "roe": 1.27,
            "roe_4q": 4.58,
            "gross_profit": 691930,
            "gross_margin": 22.06,
            "gross_margin_4q_avg": 22.57,
            "net_income": 637438,
            "revenue": 3137021,
            "common_shares": 9800000,
            "book_valuer_per_share": 51.82,
            "book_valuer_per_share_4q_avg": 51.06,
            "equity": 50782946,
            "current_ratio": 694.3,
            "debt_ratio": 33.53,
            "inventory_turnover_ratio": 0.93,
            "account_receivable_turnover_ratio": 2.41,
            "reinvestment_rate": -332.42,
            "research_to_sale_ratio": 0.86,
            "price_fair": 64.3,
            "eps_avg_yearly": 1.84,
            "eps_latest_yearly": 2.6,
            "eps_growth_yearly": 287.73
        },
        "20191": {
            "year_quarter": 20191,
            "year": 2019,
            "quarter": 1,
            "eps": 0.56,
            "eps_growth_year": 30.23,
            "eps_4q": 2.46,
            "eps_4q_growth_year": 56.45,
            "roe": 1.08,
            "roe_4q": 4.8,
            "gross_profit": 614858,
            "gross_margin": 17.54,
            "gross_margin_4q_avg": 21.69,
            "net_income": 551671,
            "revenue": 3504892,
            "common_shares": 9800000,
            "book_valuer_per_share": 52.41,
            "book_valuer_per_share_4q_avg": 51.33,
            "equity": 51364185,
            "current_ratio": 551.87,
            "debt_ratio": 33.92,
            "inventory_turnover_ratio": 1.07,
            "account_receivable_turnover_ratio": 2.74,
            "reinvestment_rate": -308.25,
            "research_to_sale_ratio": 0.44,
            "price_fair": 69.4,
            "eps_avg_yearly": 1.98,
            "eps_latest_yearly": 2.24,
            "eps_growth_yearly": 311.85
        },
        "20192": {
            "year_quarter": 20192,
            "year": 2019,
            "quarter": 2,
            "eps": 0.54,
            "eps_growth_year": -18.18,
            "eps_4q": 2.33,
            "eps_4q_growth_year": 33.24,
            "roe": 1.04,
            "roe_4q": 4.54,
            "gross_profit": 671549,
            "gross_margin": 22.38,
            "gross_margin_4q_avg": 21.45,
            "net_income": 526864,
            "revenue": 3000574,
            "common_shares": 9800000,
            "book_valuer_per_share": 50.91,
            "book_valuer_per_share_4q_avg": 51.5,
            "equity": 49893061,
            "current_ratio": 333.78,
            "debt_ratio": 35.87,
            "inventory_turnover_ratio": 0.87,
            "account_receivable_turnover_ratio": 2.49,
            "reinvestment_rate": -283.43,
            "research_to_sale_ratio": 0.66,
            "price_fair": 73.5,
            "eps_avg_yearly": 2.1,
            "eps_latest_yearly": 2.16,
            "eps_growth_yearly": 265.12
        },
        "20193": {
            "year_quarter": 20193,
            "year": 2019,
            "quarter": 3,
            "eps": 0.48,
            "eps_growth_year": -17.24,
            "eps_4q": 2.23,
            "eps_4q_growth_year": 13.48,
            "roe": 0.93,
            "roe_4q": 4.32,
            "gross_profit": 681174,
            "gross_margin": 22.44,
            "gross_margin_4q_avg": 21.11,
            "net_income": 466493,
            "revenue": 3035959,
            "common_shares": 9800000,
            "book_valuer_per_share": 51.37,
            "book_valuer_per_share_4q_avg": 51.63,
            "equity": 50338453,
            "current_ratio": 565.37,
            "debt_ratio": 33.81,
            "inventory_turnover_ratio": 0.89,
            "account_receivable_turnover_ratio": 2.32,
            "reinvestment_rate": -232.46,
            "research_to_sale_ratio": 0.5,
            "price_fair": 66.6,
            "eps_avg_yearly": 1.9,
            "eps_latest_yearly": 1.92,
            "eps_growth_yearly": 33.37
        },
        "20194": {
            "year_quarter": 20194,
            "year": 2019,
            "quarter": 4,
            "eps": 0.53,
            "eps_growth_year": -18.59,
            "eps_4q": 2.11,
            "eps_4q_growth_year": -9.53,
            "roe": 1.03,
            "roe_4q": 4.08,
            "gross_profit": 1063730,
            "gross_margin": 31.76,
            "gross_margin_4q_avg": 23.53,
            "net_income": 518927,
            "revenue": 3349140,
            "common_shares": 9800000,
            "book_valuer_per_share": 51.76,
            "book_valuer_per_share_4q_avg": 51.61,
            "equity": 50725053,
            "current_ratio": 585.18,
            "debt_ratio": 32.95,
            "inventory_turnover_ratio": 0.91,
            "account_receivable_turnover_ratio": 2.77,
            "reinvestment_rate": -265.05,
            "research_to_sale_ratio": 0.49,
            "price_fair": 60.7,
            "eps_avg_yearly": 1.73,
            "eps_latest_yearly": 2.12,
            "eps_growth_yearly": 37.57
        },
        "20201": {
            "year_quarter": 20201,
            "year": 2020,
            "quarter": 1,
            "eps": 1.21,
            "eps_growth_year": 116.07,
            "eps_4q": 2.75,
            "eps_4q_growth_year": 12.12,
            "roe": 2.31,
            "roe_4q": 5.31,
            "gross_profit": 656755,
            "gross_margin": 21.69,
            "gross_margin_4q_avg": 24.57,
            "net_income": 1186110,
            "revenue": 3027618,
            "common_shares": 9800000,
            "book_valuer_per_share": 52.92,
            "book_valuer_per_share_4q_avg": 51.74,
            "equity": 51859514,
            "current_ratio": 512.54,
            "debt_ratio": 32.8,
            "inventory_turnover_ratio": 0.99,
            "account_receivable_turnover_ratio": 2.41,
            "reinvestment_rate": -215.79,
            "research_to_sale_ratio": 0.61,
            "price_fair": 72,
            "eps_avg_yearly": 2.06,
            "eps_latest_yearly": 4.84,
            "eps_growth_yearly": 100.76
        },
        "20202": {
            "year_quarter": 20202,
            "year": 2020,
            "quarter": 2,
            "eps": 0.41,
            "eps_growth_year": -24.07,
            "eps_4q": 2.62,
            "eps_4q_growth_year": 12.41,
            "roe": 0.78,
            "roe_4q": 5.05,
            "gross_profit": 641032,
            "gross_margin": 26.46,
            "gross_margin_4q_avg": 25.59,
            "net_income": 398048,
            "revenue": 2422463,
            "common_shares": 9800000,
            "book_valuer_per_share": 51.2,
            "book_valuer_per_share_4q_avg": 51.81,
            "equity": 50173195,
            "current_ratio": 281.91,
            "debt_ratio": 34.9,
            "inventory_turnover_ratio": 0.75,
            "account_receivable_turnover_ratio": 1.82,
            "reinvestment_rate": -209.73,
            "research_to_sale_ratio": 0.65,
            "price_fair": 57.92,
            "eps_avg_yearly": 2.1,
            "eps_latest_yearly": 1.64,
            "eps_growth_yearly": 17.58
        },
        "20203": {
            "year_quarter": 20203,
            "year": 2020,
            "quarter": 3,
            "eps": 0.52,
            "eps_growth_year": 8.33,
            "eps_4q": 2.66,
            "eps_4q_growth_year": 19.56,
            "roe": 1,
            "roe_4q": 5.12,
            "gross_profit": 682270,
            "gross_margin": 26.56,
            "gross_margin_4q_avg": 26.62,
            "net_income": 506259,
            "revenue": 2568632,
            "common_shares": 9800000,
            "book_valuer_per_share": 52.08,
            "book_valuer_per_share_4q_avg": 51.99,
            "equity": 51042805,
            "current_ratio": 399.42,
            "debt_ratio": 32.94,
            "inventory_turnover_ratio": 0.75,
            "account_receivable_turnover_ratio": 2.58,
            "reinvestment_rate": -191.25,
            "research_to_sale_ratio": 0.64,
            "price_fair": 77,
            "eps_avg_yearly": 2.2,
            "eps_latest_yearly": 2.08,
            "eps_growth_yearly": 35.14
        },
        "20204": {
            "year_quarter": 20204,
            "year": 2020,
            "quarter": 4,
            "eps": 0.37,
            "eps_growth_year": -30.15,
            "eps_4q": 2.5,
            "eps_4q_growth_year": 18.84,
            "roe": 0.71,
            "roe_4q": 4.800000000000001,
            "gross_profit": 609052,
            "gross_margin": 28.31,
            "gross_margin_4q_avg": 25.76,
            "net_income": 362464,
            "revenue": 2151029,
            "common_shares": 9800000,
            "book_valuer_per_share": 52.36,
            "book_valuer_per_share_4q_avg": 52.14,
            "equity": 51308711,
            "current_ratio": 426.65,
            "debt_ratio": 32.79,
            "inventory_turnover_ratio": 0.56,
            "account_receivable_turnover_ratio": 2.55,
            "reinvestment_rate": -167.02,
            "research_to_sale_ratio": 0.73,
            "price_fair": 75.32,
            "eps_avg_yearly": 2.15,
            "eps_latest_yearly": 1.48,
            "eps_growth_yearly": 25.1
        },
        "20211": {
            "year_quarter": 20211,
            "year": 2021,
            "quarter": 1,
            "eps": 0.76,
            "eps_growth_year": -37.19,
            "eps_4q": 2.06,
            "eps_4q_growth_year": -25.32,
            "roe": 1.44,
            "roe_4q": 3.9299999999999997,
            "gross_profit": 696444,
            "gross_margin": 23.62,
            "gross_margin_4q_avg": 26.24,
            "net_income": 748292,
            "revenue": 2949084,
            "common_shares": 9800000,
            "book_valuer_per_share": 53.42,
            "book_valuer_per_share_4q_avg": 52.27,
            "equity": 52348381,
            "current_ratio": 419.58,
            "debt_ratio": 32.46,
            "inventory_turnover_ratio": 0.82,
            "account_receivable_turnover_ratio": 3.17,
            "reinvestment_rate": -159.93,
            "research_to_sale_ratio": 0.53,
            "price_fair": 77.26,
            "eps_avg_yearly": 2.21,
            "eps_latest_yearly": 3.04,
            "eps_growth_yearly": 49.88
        },
        "20212": {
            "year_quarter": 20212,
            "year": 2021,
            "quarter": 2,
            "eps": 0.78,
            "eps_growth_year": 90.24,
            "eps_4q": 2.43,
            "eps_4q_growth_year": -7.48,
            "roe": 1.45,
            "roe_4q": 4.6,
            "gross_profit": 645907,
            "gross_margin": 24.74,
            "gross_margin_4q_avg": 25.81,
            "net_income": 760322,
            "revenue": 2610836,
            "common_shares": 9800000,
            "book_valuer_per_share": 53.95,
            "book_valuer_per_share_4q_avg": 52.95,
            "equity": 52869051,
            "current_ratio": 365.91,
            "debt_ratio": 32.3,
            "inventory_turnover_ratio": 0.77,
            "account_receivable_turnover_ratio": 2.54,
            "reinvestment_rate": -10.92,
            "research_to_sale_ratio": 0.59,
            "price_fair": 79.89,
            "eps_avg_yearly": 2.28,
            "eps_latest_yearly": 3.12,
            "eps_growth_yearly": 52.47
        },
        "20213": {
            "year_quarter": 20213,
            "year": 2021,
            "quarter": 3,
            "eps": 0.8,
            "eps_growth_year": 53.85,
            "eps_4q": 2.71,
            "eps_4q_growth_year": 1.8,
            "roe": 1.5,
            "roe_4q": 5.1000000000000005,
            "gross_profit": 508473,
            "gross_margin": 16.56,
            "gross_margin_4q_avg": 23.31,
            "net_income": 785105,
            "revenue": 3069568,
            "common_shares": 9800000,
            "book_valuer_per_share": 53.11,
            "book_valuer_per_share_4q_avg": 53.21,
            "equity": 52047145,
            "current_ratio": 272.58,
            "debt_ratio": 32.49,
            "inventory_turnover_ratio": 1,
            "account_receivable_turnover_ratio": 2.81,
            "reinvestment_rate": -3.61,
            "research_to_sale_ratio": 0.45,
            "price_fair": 83.65,
            "eps_avg_yearly": 2.39,
            "eps_latest_yearly": 3.2,
            "eps_growth_yearly": 58.84
        },
        "20214": {
            "year_quarter": 20214,
            "year": 2021,
            "quarter": 4,
            "eps": 0.76,
            "eps_growth_year": 104.41,
            "eps_4q": 3.1,
            "eps_4q_growth_year": 23.72,
            "roe": 1.42,
            "roe_4q": 5.8100000000000005,
            "gross_profit": 288151,
            "gross_margin": 5.73,
            "gross_margin_4q_avg": 17.66,
            "net_income": 740898,
            "revenue": 5029918,
            "common_shares": 9800000,
            "book_valuer_per_share": 53.7,
            "book_valuer_per_share_4q_avg": 53.55,
            "equity": 52627860,
            "current_ratio": 199.51,
            "debt_ratio": 33.67,
            "inventory_turnover_ratio": 1.76,
            "account_receivable_turnover_ratio": 3.2,
            "reinvestment_rate": 10.76,
            "research_to_sale_ratio": 0.27,
            "price_fair": 87.85,
            "eps_avg_yearly": 2.51,
            "eps_latest_yearly": 3.04,
            "eps_growth_yearly": 63.67
        },
        "20221": {
            "year_quarter": 20221,
            "year": 2022,
            "quarter": 1,
            "eps": 0.79,
            "eps_growth_year": 3.95,
            "eps_4q": 3.13,
            "eps_4q_growth_year": 52.12,
            "roe": 1.47,
            "roe_4q": 5.84,
            "gross_profit": 286399,
            "gross_margin": 7.01,
            "gross_margin_4q_avg": 13.51,
            "net_income": 778905,
            "revenue": 4083843,
            "common_shares": 9800000,
            "book_valuer_per_share": 54.79,
            "book_valuer_per_share_4q_avg": 53.89,
            "equity": 53693143,
            "current_ratio": 301.94,
            "debt_ratio": 35.65,
            "inventory_turnover_ratio": 1.39,
            "account_receivable_turnover_ratio": 2.47,
            "reinvestment_rate": 6.46,
            "research_to_sale_ratio": 0.24,
            "price_fair": 91,
            "eps_avg_yearly": 2.6,
            "eps_latest_yearly": 3.16,
            "eps_growth_yearly": 51.26
        },
        "20222": {
            "year_quarter": 20222,
            "year": 2022,
            "quarter": 2,
            "eps": 0.79,
            "eps_growth_year": 1.28,
            "eps_4q": 3.14,
            "eps_4q_growth_year": 29.3,
            "roe": 1.46,
            "roe_4q": 5.85,
            "gross_profit": 49428,
            "gross_margin": 1.32,
            "gross_margin_4q_avg": 7.66,
            "net_income": 769100,
            "revenue": 3746325,
            "common_shares": 9800000,
            "book_valuer_per_share": 53.02,
            "book_valuer_per_share_4q_avg": 53.66,
            "equity": 51959403,
            "current_ratio": 212.13,
            "debt_ratio": 37.42,
            "inventory_turnover_ratio": 1.17,
            "account_receivable_turnover_ratio": 2.91,
            "reinvestment_rate": 4.73,
            "research_to_sale_ratio": 0.3,
            "price_fair": 92.14,
            "eps_avg_yearly": 2.63,
            "eps_latest_yearly": 3.16,
            "eps_growth_yearly": 37.89
        },
        "20223": {
            "year_quarter": 20223,
            "year": 2022,
            "quarter": 3,
            "eps": 0.64,
            "eps_growth_year": -20,
            "eps_4q": 2.98,
            "eps_4q_growth_year": 9.84,
            "roe": 1.2,
            "roe_4q": 5.55,
            "gross_profit": 343106,
            "gross_margin": 9.24,
            "gross_margin_4q_avg": 5.83,
            "net_income": 628536,
            "revenue": 3713086,
            "common_shares": 9800000,
            "book_valuer_per_share": 53.88,
            "book_valuer_per_share_4q_avg": 53.85,
            "equity": 52800260,
            "current_ratio": 351.46,
            "debt_ratio": 34.47,
            "inventory_turnover_ratio": 1.08,
            "account_receivable_turnover_ratio": 3.02,
            "reinvestment_rate": -7.33,
            "research_to_sale_ratio": 0.31,
            "price_fair": 92.66,
            "eps_avg_yearly": 2.65,
            "eps_latest_yearly": 2.56,
            "eps_growth_yearly": 36.17
        },
        "20224": {
            "year_quarter": 20224,
            "year": 2022,
            "quarter": 4,
            "eps": 0.5,
            "eps_growth_year": -33.44,
            "eps_4q": 2.72,
            "eps_4q_growth_year": -12.03,
            "roe": 0.93,
            "roe_4q": 5.06,
            "gross_profit": 613106,
            "gross_margin": 17.47,
            "gross_margin_4q_avg": 8.76,
            "net_income": 493108,
            "revenue": 3508997,
            "common_shares": 9800000,
            "book_valuer_per_share": 54.14,
            "book_valuer_per_share_4q_avg": 53.96,
            "equity": 53060996,
            "current_ratio": 309.11,
            "debt_ratio": 34.29,
            "inventory_turnover_ratio": 0.99,
            "account_receivable_turnover_ratio": 3.05,
            "reinvestment_rate": -9.85,
            "research_to_sale_ratio": 0.28,
            "price_fair": 91.35,
            "eps_avg_yearly": 2.61,
            "eps_latest_yearly": 2,
            "eps_growth_yearly": 27.69
        },
        "20231": {
            "year_quarter": 20231,
            "year": 2023,
            "quarter": 1,
            "eps": 0.52,
            "eps_growth_year": -34.18,
            "eps_4q": 2.45,
            "eps_4q_growth_year": -21.71,
            "roe": 0.96,
            "roe_4q": 4.55,
            "gross_profit": 267718,
            "gross_margin": 7.8,
            "gross_margin_4q_avg": 8.96,
            "net_income": 509020,
            "revenue": 3433462,
            "common_shares": 9800000,
            "book_valuer_per_share": 54.58,
            "book_valuer_per_share_4q_avg": 53.91,
            "equity": 53484922,
            "current_ratio": 291.86,
            "debt_ratio": 34.26,
            "inventory_turnover_ratio": 0.98,
            "account_receivable_turnover_ratio": 3.02,
            "reinvestment_rate": -7.7,
            "research_to_sale_ratio": 0.32,
            "price_fair": 91,
            "eps_avg_yearly": 2.6,
            "eps_latest_yearly": 2.08,
            "eps_growth_yearly": 32.15
        }
    },
    "months": {
        "2001-06": {
            "month": "2001-06",
            "price": "14.24",
            "revenue": 566231
        },
        "2001-07": {
            "month": "2001-07",
            "price": "11.94",
            "revenue": 731027
        },
        "2001-08": {
            "month": "2001-08",
            "price": "13.18",
            "revenue": 791246
        },
        "2001-09": {
            "month": "2001-09",
            "price": "14.05",
            "revenue": 584890
        },
        "2001-10": {
            "month": "2001-10",
            "price": "13.89",
            "revenue": 589537
        },
        "2001-11": {
            "month": "2001-11",
            "price": "13.97",
            "revenue": 516152
        },
        "2001-12": {
            "month": "2001-12",
            "price": "17.30",
            "revenue": 690840
        },
        "2002-01": {
            "month": "2002-01",
            "price": "19.47",
            "revenue": 633211
        },
        "2002-02": {
            "month": "2002-02",
            "price": "18.27",
            "revenue": 508426
        },
        "2002-03": {
            "month": "2002-03",
            "price": "18.51",
            "revenue": 798733
        },
        "2002-04": {
            "month": "2002-04",
            "price": "21.72",
            "revenue": 530985
        },
        "2002-05": {
            "month": "2002-05",
            "price": "19.50",
            "revenue": 569881
        },
        "2002-06": {
            "month": "2002-06",
            "price": "19.12",
            "revenue": 560034
        },
        "2002-07": {
            "month": "2002-07",
            "price": "19.25",
            "revenue": 657100
        },
        "2002-08": {
            "month": "2002-08",
            "price": "18.07",
            "revenue": 743270
        },
        "2002-09": {
            "month": "2002-09",
            "price": "15.35",
            "revenue": 596011
        },
        "2002-10": {
            "month": "2002-10",
            "price": "15.14",
            "revenue": 576856
        },
        "2002-11": {
            "month": "2002-11",
            "price": "16.51",
            "revenue": 551529
        },
        "2002-12": {
            "month": "2002-12",
            "price": "16.23",
            "revenue": 693589
        },
        "2003-01": {
            "month": "2003-01",
            "price": "17.76",
            "revenue": 510544
        },
        "2003-02": {
            "month": "2003-02",
            "price": "16.49",
            "revenue": 513304
        },
        "2003-03": {
            "month": "2003-03",
            "price": "16.34",
            "revenue": 917212
        },
        "2003-04": {
            "month": "2003-04",
            "price": "16.88",
            "revenue": 549349
        },
        "2003-05": {
            "month": "2003-05",
            "price": "16.80",
            "revenue": 474018
        },
        "2003-06": {
            "month": "2003-06",
            "price": "17.84",
            "revenue": 747745
        },
        "2003-07": {
            "month": "2003-07",
            "price": "18.60",
            "revenue": 712237
        },
        "2003-08": {
            "month": "2003-08",
            "price": "18.20",
            "revenue": 590850
        },
        "2003-09": {
            "month": "2003-09",
            "price": "18.96",
            "revenue": 739126
        },
        "2003-10": {
            "month": "2003-10",
            "price": "21.56",
            "revenue": 740051
        },
        "2003-11": {
            "month": "2003-11",
            "price": "21.25",
            "revenue": 598607
        },
        "2003-12": {
            "month": "2003-12",
            "price": "21.00",
            "revenue": 642187
        },
        "2004-01": {
            "month": "2004-01",
            "price": "24.36",
            "revenue": 507931
        },
        "2004-02": {
            "month": "2004-02",
            "price": "30.92",
            "revenue": 631989
        },
        "2004-03": {
            "month": "2004-03",
            "price": "32.34",
            "revenue": 770289
        },
        "2004-04": {
            "month": "2004-04",
            "price": "31.12",
            "revenue": 821560
        },
        "2004-05": {
            "month": "2004-05",
            "price": "26.60",
            "revenue": 940887
        },
        "2004-06": {
            "month": "2004-06",
            "price": "26.54",
            "revenue": 748523
        },
        "2004-07": {
            "month": "2004-07",
            "price": "26.33",
            "revenue": 698745
        },
        "2004-08": {
            "month": "2004-08",
            "price": "25.86",
            "revenue": 860418
        },
        "2004-09": {
            "month": "2004-09",
            "price": "29.42",
            "revenue": 709475
        },
        "2004-10": {
            "month": "2004-10",
            "price": "31.83",
            "revenue": 671165
        },
        "2004-11": {
            "month": "2004-11",
            "price": "31.38",
            "revenue": 664599
        },
        "2004-12": {
            "month": "2004-12",
            "price": "32.95",
            "revenue": 1112371
        },
        "2005-01": {
            "month": "2005-01",
            "price": "34.68",
            "revenue": 712747
        },
        "2005-02": {
            "month": "2005-02",
            "price": "35.45",
            "revenue": 711238
        },
        "2005-03": {
            "month": "2005-03",
            "price": "39.45",
            "revenue": 1040076
        },
        "2005-04": {
            "month": "2005-04",
            "price": "37.65",
            "revenue": 869597
        },
        "2005-05": {
            "month": "2005-05",
            "price": "38.90",
            "revenue": 751773
        },
        "2005-06": {
            "month": "2005-06",
            "price": "40.64",
            "revenue": 714044
        },
        "2005-07": {
            "month": "2005-07",
            "price": "43.35",
            "revenue": 723949
        },
        "2005-08": {
            "month": "2005-08",
            "price": "40.74",
            "revenue": 916452
        },
        "2005-09": {
            "month": "2005-09",
            "price": "36.59",
            "revenue": 831869
        },
        "2005-10": {
            "month": "2005-10",
            "price": "34.14",
            "revenue": 927170
        },
        "2005-11": {
            "month": "2005-11",
            "price": "32.25",
            "revenue": 1268091
        },
        "2005-12": {
            "month": "2005-12",
            "price": "36.45",
            "revenue": 907933
        },
        "2006-01": {
            "month": "2006-01",
            "price": "37.63",
            "revenue": 926611
        },
        "2006-02": {
            "month": "2006-02",
            "price": "39.34",
            "revenue": 951915
        },
        "2006-03": {
            "month": "2006-03",
            "price": "39.08",
            "revenue": 1236948
        },
        "2006-04": {
            "month": "2006-04",
            "price": "47.10",
            "revenue": 894768
        },
        "2006-05": {
            "month": "2006-05",
            "price": "57.68",
            "revenue": 813436
        },
        "2006-06": {
            "month": "2006-06",
            "price": "51.77",
            "revenue": 873992
        },
        "2006-07": {
            "month": "2006-07",
            "price": "52.54",
            "revenue": 842496
        },
        "2006-08": {
            "month": "2006-08",
            "price": "51.66",
            "revenue": 1077997
        },
        "2006-09": {
            "month": "2006-09",
            "price": "50.97",
            "revenue": 894167
        },
        "2006-10": {
            "month": "2006-10",
            "price": "55.12",
            "revenue": 862068
        },
        "2006-11": {
            "month": "2006-11",
            "price": "59.44",
            "revenue": 803398
        },
        "2006-12": {
            "month": "2006-12",
            "price": "63.83",
            "revenue": 894906
        },
        "2007-01": {
            "month": "2007-01",
            "price": "58.30",
            "revenue": 923636
        },
        "2007-02": {
            "month": "2007-02",
            "price": "58.87",
            "revenue": 794290
        },
        "2007-03": {
            "month": "2007-03",
            "price": "55.52",
            "revenue": 1042245
        },
        "2007-04": {
            "month": "2007-04",
            "price": "60.60",
            "revenue": 945906
        },
        "2007-05": {
            "month": "2007-05",
            "price": "61.89",
            "revenue": 938759
        },
        "2007-06": {
            "month": "2007-06",
            "price": "65.62",
            "revenue": 927527
        },
        "2007-07": {
            "month": "2007-07",
            "price": "75.35",
            "revenue": 1107448
        },
        "2007-08": {
            "month": "2007-08",
            "price": "68.97",
            "revenue": 1171443
        },
        "2007-09": {
            "month": "2007-09",
            "price": "70.22",
            "revenue": 1015256
        },
        "2007-10": {
            "month": "2007-10",
            "price": "78.91",
            "revenue": 964899
        },
        "2007-11": {
            "month": "2007-11",
            "price": "76.93",
            "revenue": 906244
        },
        "2007-12": {
            "month": "2007-12",
            "price": "77.78",
            "revenue": 1060996
        },
        "2008-01": {
            "month": "2008-01",
            "price": "98.05",
            "revenue": 1224236
        },
        "2008-02": {
            "month": "2008-02",
            "price": "121.36",
            "revenue": 1315595
        },
        "2008-03": {
            "month": "2008-03",
            "price": "121.93",
            "revenue": 2021875
        },
        "2008-04": {
            "month": "2008-04",
            "price": "137.12",
            "revenue": 1492706
        },
        "2008-05": {
            "month": "2008-05",
            "price": "149.83",
            "revenue": 1239426
        },
        "2008-06": {
            "month": "2008-06",
            "price": "133.48",
            "revenue": 1548605
        },
        "2008-07": {
            "month": "2008-07",
            "price": "114.45",
            "revenue": 1333778
        },
        "2008-08": {
            "month": "2008-08",
            "price": "95.32",
            "revenue": 1612384
        },
        "2008-09": {
            "month": "2008-09",
            "price": "78.13",
            "revenue": 1419210
        },
        "2008-10": {
            "month": "2008-10",
            "price": "43.78",
            "revenue": 2019920
        },
        "2008-11": {
            "month": "2008-11",
            "price": "44.26",
            "revenue": 1687280
        },
        "2008-12": {
            "month": "2008-12",
            "price": "50.88",
            "revenue": 293752
        },
        "2009-01": {
            "month": "2009-01",
            "price": "54.09",
            "revenue": 1581761
        },
        "2009-02": {
            "month": "2009-02",
            "price": "56.10",
            "revenue": 1640838
        },
        "2009-03": {
            "month": "2009-03",
            "price": "59.31",
            "revenue": 1680420
        },
        "2009-04": {
            "month": "2009-04",
            "price": "73.26",
            "revenue": 1525599
        },
        "2009-05": {
            "month": "2009-05",
            "price": "98.28",
            "revenue": 1374193
        },
        "2009-06": {
            "month": "2009-06",
            "price": "99.36",
            "revenue": 1598921
        },
        "2009-07": {
            "month": "2009-07",
            "price": "106.70",
            "revenue": 1853218
        },
        "2009-08": {
            "month": "2009-08",
            "price": "97.28",
            "revenue": 963716
        },
        "2009-09": {
            "month": "2009-09",
            "price": "106.55",
            "revenue": 1139610
        },
        "2009-10": {
            "month": "2009-10",
            "price": "114.36",
            "revenue": 1300194
        },
        "2009-11": {
            "month": "2009-11",
            "price": "106.90",
            "revenue": 1025449
        },
        "2009-12": {
            "month": "2009-12",
            "price": "108.65",
            "revenue": 1436668
        },
        "2010-01": {
            "month": "2010-01",
            "price": "116.70",
            "revenue": 922276
        },
        "2010-02": {
            "month": "2010-02",
            "price": "98.59",
            "revenue": 1052785
        },
        "2010-03": {
            "month": "2010-03",
            "price": "103.22",
            "revenue": 1214571
        },
        "2010-04": {
            "month": "2010-04",
            "price": "106.30",
            "revenue": 1271272
        },
        "2010-05": {
            "month": "2010-05",
            "price": "92.23",
            "revenue": 1057826
        },
        "2010-06": {
            "month": "2010-06",
            "price": "90.18",
            "revenue": 1374765
        },
        "2010-07": {
            "month": "2010-07",
            "price": "87.70",
            "revenue": 1240513
        },
        "2010-08": {
            "month": "2010-08",
            "price": "97.20",
            "revenue": 1279339
        },
        "2010-09": {
            "month": "2010-09",
            "price": "98.49",
            "revenue": 1206962
        },
        "2010-10": {
            "month": "2010-10",
            "price": "105.86",
            "revenue": 1085027
        },
        "2010-11": {
            "month": "2010-11",
            "price": "109.86",
            "revenue": 1280368
        },
        "2010-12": {
            "month": "2010-12",
            "price": "110.57",
            "revenue": 1413380
        },
        "2011-01": {
            "month": "2011-01",
            "price": "112.45",
            "revenue": 1243701
        },
        "2011-02": {
            "month": "2011-02",
            "price": "98.86",
            "revenue": 1249533
        },
        "2011-03": {
            "month": "2011-03",
            "price": "90.32",
            "revenue": 1522037
        },
        "2011-04": {
            "month": "2011-04",
            "price": "92.93",
            "revenue": 1388082
        },
        "2011-05": {
            "month": "2011-05",
            "price": "94.30",
            "revenue": 1340768
        },
        "2011-06": {
            "month": "2011-06",
            "price": "89.07",
            "revenue": 1301784
        },
        "2011-07": {
            "month": "2011-07",
            "price": "97.02",
            "revenue": 1410160
        },
        "2011-08": {
            "month": "2011-08",
            "price": "91.41",
            "revenue": 1473277
        },
        "2011-09": {
            "month": "2011-09",
            "price": "83.46",
            "revenue": 1658938
        },
        "2011-10": {
            "month": "2011-10",
            "price": "73.40",
            "revenue": 1219665
        },
        "2011-11": {
            "month": "2011-11",
            "price": "76.27",
            "revenue": 1491055
        },
        "2011-12": {
            "month": "2011-12",
            "price": "69.58",
            "revenue": 1721365
        },
        "2012-01": {
            "month": "2012-01",
            "price": "71.11",
            "revenue": 1582407
        },
        "2012-02": {
            "month": "2012-02",
            "price": "79.70",
            "revenue": 1394999
        },
        "2012-03": {
            "month": "2012-03",
            "price": "79.46",
            "revenue": 1610918
        },
        "2012-04": {
            "month": "2012-04",
            "price": "72.04",
            "revenue": 1407272
        },
        "2012-05": {
            "month": "2012-05",
            "price": "69.49",
            "revenue": 1109636
        },
        "2012-06": {
            "month": "2012-06",
            "price": "67.48",
            "revenue": 1301654
        },
        "2012-07": {
            "month": "2012-07",
            "price": "67.04",
            "revenue": 1432849
        },
        "2012-08": {
            "month": "2012-08",
            "price": "73.58",
            "revenue": 1212964
        },
        "2012-09": {
            "month": "2012-09",
            "price": "77.45",
            "revenue": 1358833
        },
        "2012-10": {
            "month": "2012-10",
            "price": "74.80",
            "revenue": 1433036
        },
        "2012-11": {
            "month": "2012-11",
            "price": "70.58",
            "revenue": 1523840
        },
        "2012-12": {
            "month": "2012-12",
            "price": "75.20",
            "revenue": 2263803
        },
        "2013-01": {
            "month": "2013-01",
            "price": "74.09",
            "revenue": 2408955
        },
        "2013-02": {
            "month": "2013-02",
            "price": "73.14",
            "revenue": 1950004
        },
        "2013-03": {
            "month": "2013-03",
            "price": "71.28",
            "revenue": 1543788
        },
        "2013-04": {
            "month": "2013-04",
            "price": "70.50",
            "revenue": 1352843
        },
        "2013-05": {
            "month": "2013-05",
            "price": "74.76",
            "revenue": 1090754
        },
        "2013-06": {
            "month": "2013-06",
            "price": "74.35",
            "revenue": 798962
        },
        "2013-07": {
            "month": "2013-07",
            "price": "73.06",
            "revenue": 1313476
        },
        "2013-08": {
            "month": "2013-08",
            "price": "70.31",
            "revenue": 1048720
        },
        "2013-09": {
            "month": "2013-09",
            "price": "69.82",
            "revenue": 1180198
        },
        "2013-10": {
            "month": "2013-10",
            "price": "71.70",
            "revenue": 1280970
        },
        "2013-11": {
            "month": "2013-11",
            "price": "68.67",
            "revenue": 1039959
        },
        "2013-12": {
            "month": "2013-12",
            "price": "67.28",
            "revenue": 1004029
        },
        "2014-01": {
            "month": "2014-01",
            "price": "65.66",
            "revenue": 1060483
        },
        "2014-02": {
            "month": "2014-02",
            "price": "63.09",
            "revenue": 1077458
        },
        "2014-03": {
            "month": "2014-03",
            "price": "62.55",
            "revenue": 1366206
        },
        "2014-04": {
            "month": "2014-04",
            "price": "62.28",
            "revenue": 1212744
        },
        "2014-05": {
            "month": "2014-05",
            "price": "60.74",
            "revenue": 1102784
        },
        "2014-06": {
            "month": "2014-06",
            "price": "59.30",
            "revenue": 727381
        },
        "2014-07": {
            "month": "2014-07",
            "price": "59.89",
            "revenue": 1130900
        },
        "2014-08": {
            "month": "2014-08",
            "price": "58.48",
            "revenue": 1277810
        },
        "2014-09": {
            "month": "2014-09",
            "price": "53.95",
            "revenue": 1254434
        },
        "2014-10": {
            "month": "2014-10",
            "price": "51.31",
            "revenue": 1092238
        },
        "2014-11": {
            "month": "2014-11",
            "price": "52.54",
            "revenue": 1023499
        },
        "2014-12": {
            "month": "2014-12",
            "price": "52.12",
            "revenue": 5169770
        },
        "2015-01": {
            "month": "2015-01",
            "price": "54.50",
            "revenue": 1220624
        },
        "2015-02": {
            "month": "2015-02",
            "price": "54.40",
            "revenue": 964280
        },
        "2015-03": {
            "month": "2015-03",
            "price": "53.86",
            "revenue": 1651154
        },
        "2015-04": {
            "month": "2015-04",
            "price": "54.36",
            "revenue": 1133985
        },
        "2015-05": {
            "month": "2015-05",
            "price": "54.20",
            "revenue": 1043001
        },
        "2015-06": {
            "month": "2015-06",
            "price": "50.74",
            "revenue": 1888786
        },
        "2015-07": {
            "month": "2015-07",
            "price": "49.50",
            "revenue": 1820438
        },
        "2015-08": {
            "month": "2015-08",
            "price": "43.02",
            "revenue": 1370376
        },
        "2015-09": {
            "month": "2015-09",
            "price": "41.02",
            "revenue": 1131860
        },
        "2015-10": {
            "month": "2015-10",
            "price": "41.86",
            "revenue": 1404545
        },
        "2015-11": {
            "month": "2015-11",
            "price": "41.45",
            "revenue": 1298217
        },
        "2015-12": {
            "month": "2015-12",
            "price": "41.26",
            "revenue": 2495821
        },
        "2016-01": {
            "month": "2016-01",
            "price": "41.78",
            "revenue": 1307021
        },
        "2016-02": {
            "month": "2016-02",
            "price": "43.54",
            "revenue": 873353
        },
        "2016-03": {
            "month": "2016-03",
            "price": "47.33",
            "revenue": 1007255
        },
        "2016-04": {
            "month": "2016-04",
            "price": "45.27",
            "revenue": 1107671
        },
        "2016-05": {
            "month": "2016-05",
            "price": "42.00",
            "revenue": 1080660
        },
        "2016-06": {
            "month": "2016-06",
            "price": "42.73",
            "revenue": 649516
        },
        "2016-07": {
            "month": "2016-07",
            "price": "44.00",
            "revenue": 1076289
        },
        "2016-08": {
            "month": "2016-08",
            "price": "43.79",
            "revenue": 1075075
        },
        "2016-09": {
            "month": "2016-09",
            "price": "42.25",
            "revenue": 1037543
        },
        "2016-10": {
            "month": "2016-10",
            "price": "42.35",
            "revenue": 944759
        },
        "2016-11": {
            "month": "2016-11",
            "price": "40.78",
            "revenue": 970166
        },
        "2016-12": {
            "month": "2016-12",
            "price": "40.49",
            "revenue": 1428263
        },
        "2017-01": {
            "month": "2017-01",
            "price": "40.54",
            "revenue": 979685
        },
        "2017-02": {
            "month": "2017-02",
            "price": "42.69",
            "revenue": 910738
        },
        "2017-03": {
            "month": "2017-03",
            "price": "41.72",
            "revenue": 1355275
        },
        "2017-04": {
            "month": "2017-04",
            "price": "41.01",
            "revenue": 947437
        },
        "2017-05": {
            "month": "2017-05",
            "price": "40.70",
            "revenue": 860105
        },
        "2017-06": {
            "month": "2017-06",
            "price": "40.58",
            "revenue": 1002195
        },
        "2017-07": {
            "month": "2017-07",
            "price": "41.30",
            "revenue": 784981
        },
        "2017-08": {
            "month": "2017-08",
            "price": "40.59",
            "revenue": 935167
        },
        "2017-09": {
            "month": "2017-09",
            "price": "39.66",
            "revenue": 1074826
        },
        "2017-10": {
            "month": "2017-10",
            "price": "39.40",
            "revenue": 830133
        },
        "2017-11": {
            "month": "2017-11",
            "price": "39.11",
            "revenue": 781336
        },
        "2017-12": {
            "month": "2017-12",
            "price": "37.95",
            "revenue": 1182003
        },
        "2018-01": {
            "month": "2018-01",
            "price": "39.80",
            "revenue": 1002032
        },
        "2018-02": {
            "month": "2018-02",
            "price": "38.68",
            "revenue": 781802
        },
        "2018-03": {
            "month": "2018-03",
            "price": "38.69",
            "revenue": 1387071
        },
        "2018-04": {
            "month": "2018-04",
            "price": "39.72",
            "revenue": 955373
        },
        "2018-05": {
            "month": "2018-05",
            "price": "41.13",
            "revenue": 895877
        },
        "2018-06": {
            "month": "2018-06",
            "price": "42.79",
            "revenue": 1083943
        },
        "2018-07": {
            "month": "2018-07",
            "price": "42.13",
            "revenue": 896407
        },
        "2018-08": {
            "month": "2018-08",
            "price": "42.58",
            "revenue": 1127906
        },
        "2018-09": {
            "month": "2018-09",
            "price": "45.11",
            "revenue": 939987
        },
        "2018-10": {
            "month": "2018-10",
            "price": "44.33",
            "revenue": 918974
        },
        "2018-11": {
            "month": "2018-11",
            "price": "43.34",
            "revenue": 973846
        },
        "2018-12": {
            "month": "2018-12",
            "price": "44.70",
            "revenue": 1210564
        },
        "2019-01": {
            "month": "2019-01",
            "price": "43.85",
            "revenue": 1390537
        },
        "2019-02": {
            "month": "2019-02",
            "price": "44.80",
            "revenue": 1157498
        },
        "2019-03": {
            "month": "2019-03",
            "price": "45.62",
            "revenue": 952245
        },
        "2019-04": {
            "month": "2019-04",
            "price": "45.24",
            "revenue": 1145866
        },
        "2019-05": {
            "month": "2019-05",
            "price": "47.27",
            "revenue": 945872
        },
        "2019-06": {
            "month": "2019-06",
            "price": "47.95",
            "revenue": 908966
        },
        "2019-07": {
            "month": "2019-07",
            "price": "47.96",
            "revenue": 979022
        },
        "2019-08": {
            "month": "2019-08",
            "price": "46.52",
            "revenue": 865852
        },
        "2019-09": {
            "month": "2019-09",
            "price": "46.02",
            "revenue": 1189737
        },
        "2019-10": {
            "month": "2019-10",
            "price": "48.70",
            "revenue": 1552315
        },
        "2019-11": {
            "month": "2019-11",
            "price": "48.13",
            "revenue": 910450
        },
        "2019-12": {
            "month": "2019-12",
            "price": "48.66",
            "revenue": 943061
        },
        "2020-01": {
            "month": "2020-01",
            "price": "48.72",
            "revenue": 959280
        },
        "2020-02": {
            "month": "2020-02",
            "price": "47.99",
            "revenue": 952012
        },
        "2020-03": {
            "month": "2020-03",
            "price": "43.86",
            "revenue": 1115866
        },
        "2020-04": {
            "month": "2020-04",
            "price": "44.27",
            "revenue": 914754
        },
        "2020-05": {
            "month": "2020-05",
            "price": "48.27",
            "revenue": 745409
        },
        "2020-06": {
            "month": "2020-06",
            "price": "49.69",
            "revenue": 758157
        },
        "2020-07": {
            "month": "2020-07",
            "price": "56.04",
            "revenue": 919353
        },
        "2020-08": {
            "month": "2020-08",
            "price": "56.95",
            "revenue": 817293
        },
        "2020-09": {
            "month": "2020-09",
            "price": "51.72",
            "revenue": 830979
        },
        "2020-10": {
            "month": "2020-10",
            "price": "50.50",
            "revenue": 752587
        },
        "2020-11": {
            "month": "2020-11",
            "price": "52.58",
            "revenue": 711162
        },
        "2020-12": {
            "month": "2020-12",
            "price": "53.17",
            "revenue": 693838
        },
        "2021-01": {
            "month": "2021-01",
            "price": "52.52",
            "revenue": 1057966
        },
        "2021-02": {
            "month": "2021-02",
            "price": "52.33",
            "revenue": 923777
        },
        "2021-03": {
            "month": "2021-03",
            "price": "54.15",
            "revenue": 963772
        },
        "2021-04": {
            "month": "2021-04",
            "price": "59.17",
            "revenue": 858319
        },
        "2021-05": {
            "month": "2021-05",
            "price": "56.90",
            "revenue": 728505
        },
        "2021-06": {
            "month": "2021-06",
            "price": "57.41",
            "revenue": 1027962
        },
        "2021-07": {
            "month": "2021-07",
            "price": "59.11",
            "revenue": 901496
        },
        "2021-08": {
            "month": "2021-08",
            "price": "58.06",
            "revenue": 996228
        },
        "2021-09": {
            "month": "2021-09",
            "price": "58.90",
            "revenue": 1171517
        },
        "2021-10": {
            "month": "2021-10",
            "price": "69.16",
            "revenue": 1100881
        },
        "2021-11": {
            "month": "2021-11",
            "price": "69.31",
            "revenue": 1648114
        },
        "2021-12": {
            "month": "2021-12",
            "price": "69.05",
            "revenue": 2280895
        },
        "2022-01": {
            "month": "2022-01",
            "price": "69.18",
            "revenue": 1495346
        },
        "2022-02": {
            "month": "2022-02",
            "price": "68.17",
            "revenue": 1107210
        },
        "2022-03": {
            "month": "2022-03",
            "price": "72.84",
            "revenue": 1481717
        },
        "2022-04": {
            "month": "2022-04",
            "price": "77.02",
            "revenue": 1396356
        },
        "2022-05": {
            "month": "2022-05",
            "price": "70.58",
            "revenue": 1151274
        },
        "2022-06": {
            "month": "2022-06",
            "price": "67.10",
            "revenue": 1199247
        },
        "2022-07": {
            "month": "2022-07",
            "price": "62.13",
            "revenue": 1191512
        },
        "2022-08": {
            "month": "2022-08",
            "price": "64.84",
            "revenue": 1318608
        },
        "2022-09": {
            "month": "2022-09",
            "price": "59.33",
            "revenue": 1201791
        },
        "2022-10": {
            "month": "2022-10",
            "price": "52.59",
            "revenue": 990785
        },
        "2022-11": {
            "month": "2022-11",
            "price": "54.88",
            "revenue": 1087053
        },
        "2022-12": {
            "month": "2022-12",
            "price": "54.15",
            "revenue": 1432121
        },
        "2023-01": {
            "month": "2023-01",
            "price": "53.86",
            "revenue": 1160450
        },
        "2023-02": {
            "month": "2023-02",
            "price": "56.62",
            "revenue": 1078965
        },
        "2023-03": {
            "month": "2023-03",
            "price": "56.70",
            "revenue": 1193549
        },
        "2023-04": {
            "month": "2023-04",
            "price": "57.51",
            "revenue": 1354134
        }
    }
}
