{
    "summary": {
        "stock_name": "中碳",
        "stock_id": "1723",
        "category": "化工",
        "main_business": "碳化學及特用化學品之製造及買賣",
        "website_url": "http://www.cscc.com.tw",
        "ceo": "方明達",
        "pe_ratio": 17,
        "report_year_from": 2001,
        "report_year_to": 2023,
        "age": 22,
        "eps_negative_percentage": 0,
        "eps_growth_avg": {
            "last_all": 8.08,
            "last_2y": 21.35,
            "last_4y": 15.91,
            "last_8y": 3.4,
            "last_12y": 7.33,
            "last_16y": 5.96,
            "last_20y": 8.08,
            "at_2006_last_3y": 18.75,
            "at_2007_last_3y": 11.01,
            "at_2008_last_3y": 3.06,
            "at_2009_last_3y": 1.53,
            "at_2010_last_3y": 10.65,
            "at_2011_last_3y": 11.55,
            "at_2012_last_3y": 9.92,
            "at_2013_last_3y": 16.16,
            "at_2014_last_3y": 4.02,
            "at_2015_last_3y": -11.2,
            "at_2016_last_3y": -12.44,
            "at_2017_last_3y": -12.24,
            "at_2018_last_3y": -4.49,
            "at_2019_last_3y": 2.79,
            "at_2020_last_3y": -4.09,
            "at_2021_last_3y": 6.09,
            "at_2022_last_3y": 12.4,
            "at_2023_last_3y": 12.4,
            "at_2006_last_all": 15.85,
            "at_2007_last_all": 15.5,
            "at_2008_last_all": 12.47,
            "at_2009_last_all": 9.29,
            "at_2010_last_all": 13.54,
            "at_2011_last_all": 13.92,
            "at_2012_last_all": 11.54,
            "at_2013_last_all": 11.58,
            "at_2014_last_all": 10.61,
            "at_2015_last_all": 6.74,
            "at_2016_last_all": 5.15,
            "at_2017_last_all": 5.63,
            "at_2018_last_all": 7.06,
            "at_2019_last_all": 5.86,
            "at_2020_last_all": 3.2,
            "at_2021_last_all": 5.72,
            "at_2022_last_all": 8.08,
            "at_2023_last_all": 8.08
        },
        "latest_eps": 6.93,
        "latest_price": 114.5,
        "latest_roe": 21.43,
        "latest_gross_margin": 29.57,
        "latest_equity": 7652833,
        "latest_revenue": 2293761,
        "latest_gross_profit": 678316,
        "latest_net_income": 481856,
        "latest_debt_ratio": 28.07,
        "latest_current_ratio": 144.12,
        "latest_account_receivable_turnover_ratio": 3.83,
        "latest_inventory_turnover_ratio": 1.49,
        "latest_reinvestment_rate": -4.38,
        "latest_research_to_sale_ratio": 2.96
    },
    "eps_dividends": {
        "1999": {
            "cash": 1.6,
            "stock": 0,
            "eps": 0
        },
        "2000": {
            "cash": 0.7,
            "stock": 1,
            "eps": 0
        },
        "2001": {
            "cash": 1.8,
            "stock": 1,
            "eps": 3.07
        },
        "2002": {
            "cash": 2.1,
            "stock": 0.5,
            "eps": 3.2
        },
        "2003": {
            "cash": 2.4,
            "stock": 0.2,
            "eps": 4.63
        },
        "2004": {
            "cash": 3.6,
            "stock": 0.2,
            "eps": 5.84
        },
        "2005": {
            "cash": 4.5,
            "stock": 0.2,
            "eps": 5.44
        },
        "2006": {
            "cash": 4.2,
            "stock": 0.3,
            "eps": 6.04
        },
        "2007": {
            "cash": 4.3,
            "stock": 0.5,
            "eps": 6.87
        },
        "2008": {
            "cash": 5,
            "stock": 0.5,
            "eps": 6.48
        },
        "2009": {
            "cash": 4.65,
            "stock": 0,
            "eps": 5.64
        },
        "2010": {
            "cash": 5.6,
            "stock": 0,
            "eps": 8.32
        },
        "2011": {
            "cash": 15.2,
            "stock": 0,
            "eps": 9.76
        },
        "2012": {
            "cash": 0,
            "stock": 0,
            "eps": 8.57
        },
        "2013": {
            "cash": 7.4,
            "stock": 0,
            "eps": 9.6
        },
        "2014": {
            "cash": 8.3,
            "stock": 0,
            "eps": 9.5
        },
        "2015": {
            "cash": 8.3,
            "stock": 0,
            "eps": 5.36
        },
        "2016": {
            "cash": 4.5,
            "stock": 0,
            "eps": 4.44
        },
        "2017": {
            "cash": 4.5,
            "stock": 0,
            "eps": 5.01
        },
        "2018": {
            "cash": 4.6,
            "stock": 0,
            "eps": 6.51
        },
        "2019": {
            "cash": 5.3,
            "stock": 0,
            "eps": 5.57
        },
        "2020": {
            "cash": 5,
            "stock": 0,
            "eps": 3.08
        },
        "2021": {
            "cash": 2.8,
            "stock": 0,
            "eps": 4.73
        },
        "2022": {
            "cash": 4,
            "stock": 0,
            "eps": 7.34
        },
        "2023": {
            "cash": 5,
            "stock": 0,
            "eps": 3.48
        }
    },
    "dividends": {
        "1999-05-24": {
            "cash": 1.6,
            "stock": 0
        },
        "2000-06-20": {
            "cash": 0.7,
            "stock": 1
        },
        "2001-05-08": {
            "cash": 1.8,
            "stock": 1
        },
        "2002-06-11": {
            "cash": 2.1,
            "stock": 0.5
        },
        "2003-03-21": {
            "cash": 2.4,
            "stock": 0.2
        },
        "2004-02-27": {
            "cash": 3.6,
            "stock": 0.2
        },
        "2005-03-25": {
            "cash": 4.5,
            "stock": 0.2
        },
        "2006-04-04": {
            "cash": 4.2,
            "stock": 0.3
        },
        "2007-03-28": {
            "cash": 4.3,
            "stock": 0.5
        },
        "2008-03-20": {
            "cash": 5,
            "stock": 0.5
        },
        "2009-03-31": {
            "cash": 4.65,
            "stock": 0
        },
        "2010-03-30": {
            "cash": 5.6,
            "stock": 0
        },
        "2011-01-01": {
            "cash": 8,
            "stock": 0
        },
        "2011-03-24": {
            "cash": 7.2,
            "stock": 0
        },
        "2013-03-19": {
            "cash": 7.4,
            "stock": 0
        },
        "2014-06-17": {
            "cash": 8.3,
            "stock": 0
        },
        "2015-07-31": {
            "cash": 8.3,
            "stock": 0
        },
        "2016-08-04": {
            "cash": 4.5,
            "stock": 0
        },
        "2017-08-18": {
            "cash": 4.5,
            "stock": 0
        },
        "2018-08-17": {
            "cash": 4.6,
            "stock": 0
        },
        "2019-08-12": {
            "cash": 5.3,
            "stock": 0
        },
        "2020-08-14": {
            "cash": 5,
            "stock": 0
        },
        "2021-09-15": {
            "cash": 2.8,
            "stock": 0
        },
        "2022-08-03": {
            "cash": 4,
            "stock": 0
        },
        "2023-08-10": {
            "cash": 5,
            "stock": 0
        }
    },
    "prices": {
        "200101": "32.52",
        "200102": "36.32",
        "200103": "36.94",
        "200104": "31.88",
        "200105": "31.44",
        "200106": "30.40",
        "200107": "23.64",
        "200108": "24.55",
        "200109": "25.62",
        "200110": "25.03",
        "200111": "26.11",
        "200112": "28.28",
        "200201": "30.91",
        "200202": "30.61",
        "200203": "34.81",
        "200204": "35.84",
        "200205": "33.09",
        "200206": "34.41",
        "200207": "35.60",
        "200208": "33.17",
        "200209": "31.44",
        "200210": "31.11",
        "200211": "32.99",
        "200212": "34.29",
        "200301": "39.66",
        "200302": "38.66",
        "200303": "37.38",
        "200304": "37.32",
        "200305": "36.21",
        "200306": "38.91",
        "200307": "39.52",
        "200308": "40.20",
        "200309": "40.72",
        "200310": "41.79",
        "200311": "43.11",
        "200312": "42.85",
        "200401": "44.37",
        "200402": "44.40",
        "200403": "47.03",
        "200404": "47.83",
        "200405": "45.47",
        "200406": "44.55",
        "200407": "43.84",
        "200408": "44.84",
        "200409": "46.72",
        "200410": "49.32",
        "200411": "47.82",
        "200412": "48.65",
        "200501": "50.17",
        "200502": "50.50",
        "200503": "51.65",
        "200504": "50.32",
        "200505": "48.09",
        "200506": "49.21",
        "200507": "48.68",
        "200508": "47.18",
        "200509": "47.07",
        "200510": "46.25",
        "200511": "44.14",
        "200512": "41.89",
        "200601": "42.75",
        "200602": "44.13",
        "200603": "44.32",
        "200604": "46.66",
        "200605": "48.87",
        "200606": "48.63",
        "200607": "49.52",
        "200608": "46.73",
        "200609": "47.22",
        "200610": "48.48",
        "200611": "50.10",
        "200612": "51.27",
        "200701": "54.92",
        "200702": "56.82",
        "200703": "58.20",
        "200704": "66.62",
        "200705": "68.46",
        "200706": "69.00",
        "200707": "79.70",
        "200708": "74.74",
        "200709": "79.98",
        "200710": "89.21",
        "200711": "82.16",
        "200712": "77.17",
        "200801": "77.85",
        "200802": "76.90",
        "200803": "82.30",
        "200804": "83.83",
        "200805": "84.24",
        "200806": "89.36",
        "200807": "88.77",
        "200808": "73.88",
        "200809": "66.14",
        "200810": "55.31",
        "200811": "50.56",
        "200812": "49.26",
        "200901": "50.86",
        "200902": "53.24",
        "200903": "54.90",
        "200904": "60.44",
        "200905": "61.69",
        "200906": "63.76",
        "200907": "63.77",
        "200908": "69.17",
        "200909": "78.60",
        "200910": "86.76",
        "200911": "83.92",
        "200912": "85.25",
        "201001": "84.76",
        "201002": "83.62",
        "201003": "87.82",
        "201004": "92.21",
        "201005": "94.68",
        "201006": "93.97",
        "201007": "94.91",
        "201008": "101.81",
        "201009": "105.24",
        "201010": "113.33",
        "201011": "113.02",
        "201012": "120.41",
        "201101": "120.35",
        "201102": "125.21",
        "201103": "143.39",
        "201104": "161.34",
        "201105": "166.60",
        "201106": "154.45",
        "201107": "163.67",
        "201108": "154.02",
        "201109": "132.26",
        "201110": "134.25",
        "201111": "132.64",
        "201112": "114.00",
        "201201": "120.97",
        "201202": "135.38",
        "201203": "137.72",
        "201204": "136.95",
        "201205": "134.57",
        "201206": "134.26",
        "201207": "134.57",
        "201208": "127.27",
        "201209": "127.08",
        "201210": "127.75",
        "201211": "127.32",
        "201212": "129.17",
        "201301": "136.50",
        "201302": "142.96",
        "201303": "144.83",
        "201304": "145.60",
        "201305": "150.07",
        "201306": "150.79",
        "201307": "159.28",
        "201308": "170.00",
        "201309": "171.25",
        "201310": "175.45",
        "201311": "170.52",
        "201312": "164.18",
        "201401": "167.06",
        "201402": "171.62",
        "201403": "176.21",
        "201404": "175.26",
        "201405": "177.93",
        "201406": "189.52",
        "201407": "191.55",
        "201408": "186.14",
        "201409": "181.64",
        "201410": "166.70",
        "201411": "157.40",
        "201412": "153.21",
        "201501": "153.90",
        "201502": "149.96",
        "201503": "148.36",
        "201504": "148.52",
        "201505": "148.18",
        "201506": "140.98",
        "201507": "128.84",
        "201508": "104.80",
        "201509": "103.49",
        "201510": "116.21",
        "201511": "117.21",
        "201512": "107.35",
        "201601": "105.48",
        "201602": "113.85",
        "201603": "115.91",
        "201604": "111.55",
        "201605": "106.45",
        "201606": "106.50",
        "201607": "105.58",
        "201608": "101.80",
        "201609": "104.08",
        "201610": "109.50",
        "201611": "108.11",
        "201612": "117.98",
        "201701": "121.34",
        "201702": "128.28",
        "201703": "122.67",
        "201704": "118.39",
        "201705": "116.10",
        "201706": "119.65",
        "201707": "115.83",
        "201708": "114.93",
        "201709": "117.70",
        "201710": "124.08",
        "201711": "123.16",
        "201712": "123.67",
        "201801": "132.82",
        "201802": "142.23",
        "201803": "153.28",
        "201804": "155.75",
        "201805": "157.41",
        "201806": "149.95",
        "201807": "147.25",
        "201808": "143.61",
        "201809": "143.50",
        "201810": "134.27",
        "201811": "127.61",
        "201812": "135.12",
        "201901": "135.02",
        "201902": "136.92",
        "201903": "135.18",
        "201904": "135.52",
        "201905": "131.86",
        "201906": "133.16",
        "201907": "130.74",
        "201908": "126.40",
        "201909": "126.61",
        "201910": "125.95",
        "201911": "124.40",
        "201912": "122.09",
        "202001": "123.40",
        "202002": "118.11",
        "202003": "101.96",
        "202004": "97.84",
        "202005": "101.40",
        "202006": "105.42",
        "202007": "102.68",
        "202008": "94.40",
        "202009": "92.61",
        "202010": "92.97",
        "202011": "96.64",
        "202012": "104.00",
        "202101": "104.70",
        "202102": "103.50",
        "202103": "107.64",
        "202104": "115.16",
        "202105": "109.93",
        "202106": "110.38",
        "202107": "113.84",
        "202108": "108.73",
        "202109": "110.05",
        "202110": "118.62",
        "202111": "116.77",
        "202112": "115.95",
        "202201": "115.86",
        "202202": "118.40",
        "202203": "118.48",
        "202204": "114.32",
        "202205": "122.00",
        "202206": "121.81",
        "202207": "115.07",
        "202208": "115.83",
        "202209": "112.10",
        "202210": "103.20",
        "202211": "106.48",
        "202212": "106.59",
        "202301": "106.35",
        "202302": "110.58",
        "202303": "113.04",
        "202304": "114.32",
        "202305": "113.50",
        "202306": "115.80",
        "202307": "110.93",
        "202308": "110.16",
        "202309": "112.65"
    },
    "quarters": {
        "20011": {
            "year_quarter": 20011,
            "year": 2001,
            "quarter": 1,
            "eps": 0.81,
            "eps_growth_year": -14.74,
            "eps_4q": 3.53,
            "eps_4q_growth_year": 37.76,
            "roe": 5.52,
            "roe_4q": 5.52,
            "gross_profit": 177177,
            "gross_margin": 27.57,
            "gross_margin_4q_avg": 27.57,
            "net_income": 128191,
            "revenue": 642635,
            "common_shares": 1583355,
            "book_valuer_per_share": 15.43,
            "book_valuer_per_share_4q_avg": 15.43,
            "equity": 2442422,
            "current_ratio": 282.91,
            "debt_ratio": 18.83,
            "inventory_turnover_ratio": 5.49,
            "account_receivable_turnover_ratio": null,
            "reinvestment_rate": null,
            "research_to_sale_ratio": null,
            "price_fair": 0,
            "eps_avg_yearly": 0,
            "eps_latest_yearly": 0,
            "eps_growth_yearly": 0
        },
        "20012": {
            "year_quarter": 20012,
            "year": 2001,
            "quarter": 2,
            "eps": 0.83,
            "eps_growth_year": -51.18,
            "eps_4q": 2.82,
            "eps_4q_growth_year": -24.29,
            "roe": 5.54,
            "roe_4q": 11.059999999999999,
            "gross_profit": 170706,
            "gross_margin": 25,
            "gross_margin_4q_avg": 26.29,
            "net_income": 131156,
            "revenue": 682729,
            "common_shares": 1583355,
            "book_valuer_per_share": 14.5,
            "book_valuer_per_share_4q_avg": 14.97,
            "equity": 2296310,
            "current_ratio": 168.84,
            "debt_ratio": 35.27,
            "inventory_turnover_ratio": 6.24,
            "account_receivable_turnover_ratio": null,
            "reinvestment_rate": null,
            "research_to_sale_ratio": null,
            "price_fair": 0,
            "eps_avg_yearly": 0,
            "eps_latest_yearly": 0,
            "eps_growth_yearly": 0
        },
        "20013": {
            "year_quarter": 20013,
            "year": 2001,
            "quarter": 3,
            "eps": 0.64,
            "eps_growth_year": 4.92,
            "eps_4q": 2.62,
            "eps_4q_growth_year": -25.69,
            "roe": 4.8,
            "roe_4q": 15.86,
            "gross_profit": 162608,
            "gross_margin": 27.4,
            "gross_margin_4q_avg": 26.66,
            "net_income": 113015,
            "revenue": 593490,
            "common_shares": 1755402,
            "book_valuer_per_share": 13.73,
            "book_valuer_per_share_4q_avg": 14.55,
            "equity": 2409325,
            "current_ratio": 180.66,
            "debt_ratio": 33.85,
            "inventory_turnover_ratio": 4.73,
            "account_receivable_turnover_ratio": null,
            "reinvestment_rate": null,
            "research_to_sale_ratio": null,
            "price_fair": 0,
            "eps_avg_yearly": 0,
            "eps_latest_yearly": 0,
            "eps_growth_yearly": 0
        },
        "20014": {
            "year_quarter": 20014,
            "year": 2001,
            "quarter": 4,
            "eps": 0.79,
            "eps_growth_year": 38.6,
            "eps_4q": 2.91,
            "eps_4q_growth_year": -18.98,
            "roe": 5.6,
            "roe_4q": 21.459999999999997,
            "gross_profit": 139654,
            "gross_margin": 25.07,
            "gross_margin_4q_avg": 26.26,
            "net_income": 138559,
            "revenue": 556988,
            "common_shares": 1755402,
            "book_valuer_per_share": 14.45,
            "book_valuer_per_share_4q_avg": 14.53,
            "equity": 2536687,
            "current_ratio": 158.16,
            "debt_ratio": 43,
            "inventory_turnover_ratio": 4.67,
            "account_receivable_turnover_ratio": null,
            "reinvestment_rate": null,
            "research_to_sale_ratio": null,
            "price_fair": 0,
            "eps_avg_yearly": 0,
            "eps_latest_yearly": 0,
            "eps_growth_yearly": 0
        },
        "20021": {
            "year_quarter": 20021,
            "year": 2002,
            "quarter": 1,
            "eps": 0.87,
            "eps_growth_year": 7.41,
            "eps_4q": 3.14,
            "eps_4q_growth_year": -11.03,
            "roe": 5.81,
            "roe_4q": 21.75,
            "gross_profit": 174642,
            "gross_margin": 28.38,
            "gross_margin_4q_avg": 26.46,
            "net_income": 146466,
            "revenue": 615412,
            "common_shares": 1755402,
            "book_valuer_per_share": 14.27,
            "book_valuer_per_share_4q_avg": 14.24,
            "equity": 2505746,
            "current_ratio": 206.61,
            "debt_ratio": 32.33,
            "inventory_turnover_ratio": 5.1,
            "account_receivable_turnover_ratio": null,
            "reinvestment_rate": null,
            "research_to_sale_ratio": null,
            "price_fair": 121.8,
            "eps_avg_yearly": 3.48,
            "eps_latest_yearly": 3.48,
            "eps_growth_yearly": 40.51
        },
        "20022": {
            "year_quarter": 20022,
            "year": 2002,
            "quarter": 2,
            "eps": 0.66,
            "eps_growth_year": -20.48,
            "eps_4q": 3.01,
            "eps_4q_growth_year": 6.67,
            "roe": 4.71,
            "roe_4q": 20.919999999999998,
            "gross_profit": 187711,
            "gross_margin": 28.77,
            "gross_margin_4q_avg": 27.41,
            "net_income": 111773,
            "revenue": 652452,
            "common_shares": 1755402,
            "book_valuer_per_share": 12.76,
            "book_valuer_per_share_4q_avg": 13.8,
            "equity": 2239468,
            "current_ratio": 164.93,
            "debt_ratio": 41.95,
            "inventory_turnover_ratio": 6.11,
            "account_receivable_turnover_ratio": null,
            "reinvestment_rate": null,
            "research_to_sale_ratio": null,
            "price_fair": 9.18,
            "eps_avg_yearly": 3.06,
            "eps_latest_yearly": 2.64,
            "eps_growth_yearly": -28.02
        },
        "20023": {
            "year_quarter": 20023,
            "year": 2002,
            "quarter": 3,
            "eps": 0.74,
            "eps_growth_year": 15.62,
            "eps_4q": 2.97,
            "eps_4q_growth_year": 13.37,
            "roe": 5.69,
            "roe_4q": 21.810000000000002,
            "gross_profit": 190546,
            "gross_margin": 27.16,
            "gross_margin_4q_avg": 27.35,
            "net_income": 131773,
            "revenue": 701658,
            "common_shares": 1857287,
            "book_valuer_per_share": 12.89,
            "book_valuer_per_share_4q_avg": 13.59,
            "equity": 2394190,
            "current_ratio": 287.64,
            "debt_ratio": 21.75,
            "inventory_turnover_ratio": 5.12,
            "account_receivable_turnover_ratio": null,
            "reinvestment_rate": null,
            "research_to_sale_ratio": null,
            "price_fair": 9.08,
            "eps_avg_yearly": 3.03,
            "eps_latest_yearly": 2.96,
            "eps_growth_yearly": -2.52
        },
        "20024": {
            "year_quarter": 20024,
            "year": 2002,
            "quarter": 4,
            "eps": 0.93,
            "eps_growth_year": 17.72,
            "eps_4q": 3.1,
            "eps_4q_growth_year": 6.28,
            "roe": 6.73,
            "roe_4q": 22.94,
            "gross_profit": 196529,
            "gross_margin": 26.78,
            "gross_margin_4q_avg": 27.77,
            "net_income": 167452,
            "revenue": 733778,
            "common_shares": 1857287,
            "book_valuer_per_share": 13.91,
            "book_valuer_per_share_4q_avg": 13.46,
            "equity": 2583711,
            "current_ratio": 166.54,
            "debt_ratio": 42.84,
            "inventory_turnover_ratio": 3.96,
            "account_receivable_turnover_ratio": null,
            "reinvestment_rate": -27.28,
            "research_to_sale_ratio": null,
            "price_fair": 108.11,
            "eps_avg_yearly": 3.2,
            "eps_latest_yearly": 3.72,
            "eps_growth_yearly": 23.79
        },
        "20031": {
            "year_quarter": 20031,
            "year": 2003,
            "quarter": 1,
            "eps": 1.16,
            "eps_growth_year": 33.33,
            "eps_4q": 3.45,
            "eps_4q_growth_year": 9.9,
            "roe": 7.71,
            "roe_4q": 24.840000000000003,
            "gross_profit": 251433,
            "gross_margin": 32.32,
            "gross_margin_4q_avg": 28.76,
            "net_income": 207777,
            "revenue": 778044,
            "common_shares": 1857287,
            "book_valuer_per_share": 15.1,
            "book_valuer_per_share_4q_avg": 13.67,
            "equity": 2803808,
            "current_ratio": 197.97,
            "debt_ratio": 35.22,
            "inventory_turnover_ratio": 4.89,
            "account_receivable_turnover_ratio": null,
            "reinvestment_rate": -24.23,
            "research_to_sale_ratio": null,
            "price_fair": 122.08,
            "eps_avg_yearly": 3.49,
            "eps_latest_yearly": 4.64,
            "eps_growth_yearly": 38.81
        },
        "20032": {
            "year_quarter": 20032,
            "year": 2003,
            "quarter": 2,
            "eps": 1.16,
            "eps_growth_year": 75.76,
            "eps_4q": 3.92,
            "eps_4q_growth_year": 30.06,
            "roe": 7.94,
            "roe_4q": 28.070000000000004,
            "gross_profit": 260594,
            "gross_margin": 32.42,
            "gross_margin_4q_avg": 29.67,
            "net_income": 213462,
            "revenue": 803772,
            "common_shares": 1857287,
            "book_valuer_per_share": 13.84,
            "book_valuer_per_share_4q_avg": 13.94,
            "equity": 2569917,
            "current_ratio": 161.98,
            "debt_ratio": 44.35,
            "inventory_turnover_ratio": 6.84,
            "account_receivable_turnover_ratio": null,
            "reinvestment_rate": -21.74,
            "research_to_sale_ratio": null,
            "price_fair": 128.8,
            "eps_avg_yearly": 3.68,
            "eps_latest_yearly": 4.64,
            "eps_growth_yearly": 32.34
        },
        "20033": {
            "year_quarter": 20033,
            "year": 2003,
            "quarter": 3,
            "eps": 1.19,
            "eps_growth_year": 60.81,
            "eps_4q": 4.38,
            "eps_4q_growth_year": 47.6,
            "roe": 8.18,
            "roe_4q": 30.560000000000002,
            "gross_profit": 269742,
            "gross_margin": 36.85,
            "gross_margin_4q_avg": 32.09,
            "net_income": 219515,
            "revenue": 731912,
            "common_shares": 1909368,
            "book_valuer_per_share": 14.65,
            "book_valuer_per_share_4q_avg": 14.38,
            "equity": 2796599,
            "current_ratio": 181.96,
            "debt_ratio": 39.19,
            "inventory_turnover_ratio": 5.31,
            "account_receivable_turnover_ratio": null,
            "reinvestment_rate": -19.01,
            "research_to_sale_ratio": null,
            "price_fair": 134.2,
            "eps_avg_yearly": 3.83,
            "eps_latest_yearly": 4.76,
            "eps_growth_yearly": 29.2
        },
        "20034": {
            "year_quarter": 20034,
            "year": 2003,
            "quarter": 4,
            "eps": 1.12,
            "eps_growth_year": 20.43,
            "eps_4q": 4.59,
            "eps_4q_growth_year": 48.39,
            "roe": 7.12,
            "roe_4q": 30.950000000000003,
            "gross_profit": 267057,
            "gross_margin": 41.46,
            "gross_margin_4q_avg": 35.76,
            "net_income": 206566,
            "revenue": 644111,
            "common_shares": 1909368,
            "book_valuer_per_share": 15.73,
            "book_valuer_per_share_4q_avg": 14.83,
            "equity": 3002682,
            "current_ratio": 157.24,
            "debt_ratio": 48.6,
            "inventory_turnover_ratio": 4.65,
            "account_receivable_turnover_ratio": null,
            "reinvestment_rate": -17.49,
            "research_to_sale_ratio": null,
            "price_fair": 127.67,
            "eps_avg_yearly": 3.92,
            "eps_latest_yearly": 4.48,
            "eps_growth_yearly": 22.61
        },
        "20041": {
            "year_quarter": 20041,
            "year": 2004,
            "quarter": 1,
            "eps": 1.28,
            "eps_growth_year": 10.34,
            "eps_4q": 4.75,
            "eps_4q_growth_year": 37.46,
            "roe": 7.58,
            "roe_4q": 30.82,
            "gross_profit": 329919,
            "gross_margin": 35.58,
            "gross_margin_4q_avg": 36.58,
            "net_income": 236016,
            "revenue": 927153,
            "common_shares": 1909368,
            "book_valuer_per_share": 16.89,
            "book_valuer_per_share_4q_avg": 15.28,
            "equity": 3225661,
            "current_ratio": 176.11,
            "debt_ratio": 42.82,
            "inventory_turnover_ratio": 5.9,
            "account_receivable_turnover_ratio": null,
            "reinvestment_rate": -15.18,
            "research_to_sale_ratio": null,
            "price_fair": 141.71,
            "eps_avg_yearly": 4.05,
            "eps_latest_yearly": 5.12,
            "eps_growth_yearly": 26.45
        },
        "20042": {
            "year_quarter": 20042,
            "year": 2004,
            "quarter": 2,
            "eps": 1.45,
            "eps_growth_year": 25,
            "eps_4q": 4.92,
            "eps_4q_growth_year": 25.65,
            "roe": 9.12,
            "roe_4q": 32,
            "gross_profit": 342845,
            "gross_margin": 36.85,
            "gross_margin_4q_avg": 37.69,
            "net_income": 276711,
            "revenue": 930453,
            "common_shares": 1970229,
            "book_valuer_per_share": 14.42,
            "book_valuer_per_share_4q_avg": 15.42,
            "equity": 2840247,
            "current_ratio": 162.01,
            "debt_ratio": 44.11,
            "inventory_turnover_ratio": 5.89,
            "account_receivable_turnover_ratio": null,
            "reinvestment_rate": -14.04,
            "research_to_sale_ratio": null,
            "price_fair": 147.84,
            "eps_avg_yearly": 4.22,
            "eps_latest_yearly": 5.8,
            "eps_growth_yearly": 29.12
        },
        "20043": {
            "year_quarter": 20043,
            "year": 2004,
            "quarter": 3,
            "eps": 1.64,
            "eps_growth_year": 37.82,
            "eps_4q": 5.41,
            "eps_4q_growth_year": 23.43,
            "roe": 10.43,
            "roe_4q": 34.24999999999999,
            "gross_profit": 406396,
            "gross_margin": 35.69,
            "gross_margin_4q_avg": 37.4,
            "net_income": 313093,
            "revenue": 1138594,
            "common_shares": 1970229,
            "book_valuer_per_share": 16.07,
            "book_valuer_per_share_4q_avg": 15.78,
            "equity": 3165337,
            "current_ratio": 244.43,
            "debt_ratio": 27.28,
            "inventory_turnover_ratio": 9.52,
            "account_receivable_turnover_ratio": null,
            "reinvestment_rate": -10.2,
            "research_to_sale_ratio": null,
            "price_fair": 155.27,
            "eps_avg_yearly": 4.44,
            "eps_latest_yearly": 6.56,
            "eps_growth_yearly": 31.23
        },
        "20044": {
            "year_quarter": 20044,
            "year": 2004,
            "quarter": 4,
            "eps": 1.47,
            "eps_growth_year": 31.25,
            "eps_4q": 5.8,
            "eps_4q_growth_year": 26.25,
            "roe": 8.52,
            "roe_4q": 35.65,
            "gross_profit": 382633,
            "gross_margin": 38.85,
            "gross_margin_4q_avg": 36.74,
            "net_income": 280357,
            "revenue": 984853,
            "common_shares": 1970229,
            "book_valuer_per_share": 17.34,
            "book_valuer_per_share_4q_avg": 16.18,
            "equity": 3415890,
            "current_ratio": 178.63,
            "debt_ratio": 40.83,
            "inventory_turnover_ratio": 6.88,
            "account_receivable_turnover_ratio": null,
            "reinvestment_rate": -5.28,
            "research_to_sale_ratio": null,
            "price_fair": 159.48,
            "eps_avg_yearly": 4.56,
            "eps_latest_yearly": 5.88,
            "eps_growth_yearly": 25.18
        },
        "20051": {
            "year_quarter": 20051,
            "year": 2005,
            "quarter": 1,
            "eps": 1.31,
            "eps_growth_year": 2.34,
            "eps_4q": 5.85,
            "eps_4q_growth_year": 23.27,
            "roe": 7.09,
            "roe_4q": 35.16,
            "gross_profit": 385126,
            "gross_margin": 36.22,
            "gross_margin_4q_avg": 36.9,
            "net_income": 250892,
            "revenue": 1063276,
            "common_shares": 1970229,
            "book_valuer_per_share": 18.6,
            "book_valuer_per_share_4q_avg": 16.61,
            "equity": 3664552,
            "current_ratio": 286.73,
            "debt_ratio": 23.21,
            "inventory_turnover_ratio": 7.21,
            "account_receivable_turnover_ratio": null,
            "reinvestment_rate": -2.11,
            "research_to_sale_ratio": null,
            "price_fair": 137.77,
            "eps_avg_yearly": 4.61,
            "eps_latest_yearly": 5.24,
            "eps_growth_yearly": 19.89
        },
        "20052": {
            "year_quarter": 20052,
            "year": 2005,
            "quarter": 2,
            "eps": 1.34,
            "eps_growth_year": -7.59,
            "eps_4q": 5.75,
            "eps_4q_growth_year": 16.9,
            "roe": 7.67,
            "roe_4q": 33.71,
            "gross_profit": 350491,
            "gross_margin": 35.88,
            "gross_margin_4q_avg": 36.66,
            "net_income": 256493,
            "revenue": 976822,
            "common_shares": 1970229,
            "book_valuer_per_share": 15.35,
            "book_valuer_per_share_4q_avg": 16.84,
            "equity": 3024504,
            "current_ratio": 138.37,
            "debt_ratio": 43.22,
            "inventory_turnover_ratio": 5.3,
            "account_receivable_turnover_ratio": null,
            "reinvestment_rate": 0.09,
            "research_to_sale_ratio": null,
            "price_fair": 135.8,
            "eps_avg_yearly": 4.66,
            "eps_latest_yearly": 5.36,
            "eps_growth_yearly": 19.12
        },
        "20053": {
            "year_quarter": 20053,
            "year": 2005,
            "quarter": 3,
            "eps": 1.38,
            "eps_growth_year": -15.85,
            "eps_4q": 5.38,
            "eps_4q_growth_year": -0.48,
            "roe": 8.53,
            "roe_4q": 31.81,
            "gross_profit": 378556,
            "gross_margin": 34.04,
            "gross_margin_4q_avg": 36.25,
            "net_income": 271661,
            "revenue": 1111986,
            "common_shares": 2034734,
            "book_valuer_per_share": 16.43,
            "book_valuer_per_share_4q_avg": 16.93,
            "equity": 3343455,
            "current_ratio": 207.78,
            "debt_ratio": 24.9,
            "inventory_turnover_ratio": 6.04,
            "account_receivable_turnover_ratio": null,
            "reinvestment_rate": 1.63,
            "research_to_sale_ratio": null,
            "price_fair": 135.2,
            "eps_avg_yearly": 4.72,
            "eps_latest_yearly": 5.52,
            "eps_growth_yearly": 18.64
        },
        "20054": {
            "year_quarter": 20054,
            "year": 2005,
            "quarter": 4,
            "eps": 1.41,
            "eps_growth_year": -4.08,
            "eps_4q": 5.36,
            "eps_4q_growth_year": -7.66,
            "roe": 7.99,
            "roe_4q": 31.279999999999998,
            "gross_profit": 274439,
            "gross_margin": 30.21,
            "gross_margin_4q_avg": 34.09,
            "net_income": 278387,
            "revenue": 908482,
            "common_shares": 2034734,
            "book_valuer_per_share": 17.81,
            "book_valuer_per_share_4q_avg": 17.05,
            "equity": 3626538,
            "current_ratio": 263.02,
            "debt_ratio": 23.93,
            "inventory_turnover_ratio": 5.56,
            "account_receivable_turnover_ratio": null,
            "reinvestment_rate": 2.39,
            "research_to_sale_ratio": null,
            "price_fair": 133.88,
            "eps_avg_yearly": 4.78,
            "eps_latest_yearly": 5.64,
            "eps_growth_yearly": 18.02
        },
        "20061": {
            "year_quarter": 20061,
            "year": 2006,
            "quarter": 1,
            "eps": 1.39,
            "eps_growth_year": 6.11,
            "eps_4q": 5.48,
            "eps_4q_growth_year": -6.43,
            "roe": 7.11,
            "roe_4q": 31.300000000000004,
            "gross_profit": 355777,
            "gross_margin": 35.57,
            "gross_margin_4q_avg": 33.93,
            "net_income": 274284,
            "revenue": 1000338,
            "common_shares": 2034734,
            "book_valuer_per_share": 20.07,
            "book_valuer_per_share_4q_avg": 17.42,
            "equity": 4084488,
            "current_ratio": 311.15,
            "debt_ratio": 16.64,
            "inventory_turnover_ratio": 5.07,
            "account_receivable_turnover_ratio": null,
            "reinvestment_rate": 3.16,
            "research_to_sale_ratio": null,
            "price_fair": 123.36,
            "eps_avg_yearly": 4.91,
            "eps_latest_yearly": 5.56,
            "eps_growth_yearly": 15.14
        },
        "20062": {
            "year_quarter": 20062,
            "year": 2006,
            "quarter": 2,
            "eps": 1.57,
            "eps_growth_year": 17.16,
            "eps_4q": 5.74,
            "eps_4q_growth_year": -0.2,
            "roe": 8.26,
            "roe_4q": 31.89,
            "gross_profit": 424511,
            "gross_margin": 36.46,
            "gross_margin_4q_avg": 34.07,
            "net_income": 310393,
            "revenue": 1164163,
            "common_shares": 2034734,
            "book_valuer_per_share": 16.85,
            "book_valuer_per_share_4q_avg": 17.79,
            "equity": 3429147,
            "current_ratio": 173.15,
            "debt_ratio": 30.36,
            "inventory_turnover_ratio": 5.95,
            "account_receivable_turnover_ratio": null,
            "reinvestment_rate": 3.72,
            "research_to_sale_ratio": null,
            "price_fair": 176.69,
            "eps_avg_yearly": 5.14,
            "eps_latest_yearly": 6.28,
            "eps_growth_yearly": 24.41
        },
        "20063": {
            "year_quarter": 20063,
            "year": 2006,
            "quarter": 3,
            "eps": 1.62,
            "eps_growth_year": 17.39,
            "eps_4q": 5.83,
            "eps_4q_growth_year": 8.3,
            "roe": 9.22,
            "roe_4q": 32.58,
            "gross_profit": 383655,
            "gross_margin": 33.18,
            "gross_margin_4q_avg": 33.86,
            "net_income": 332222,
            "revenue": 1156282,
            "common_shares": 2110083,
            "book_valuer_per_share": 17.92,
            "book_valuer_per_share_4q_avg": 18.16,
            "equity": 3781210,
            "current_ratio": 309.49,
            "debt_ratio": 15.48,
            "inventory_turnover_ratio": 5.98,
            "account_receivable_turnover_ratio": null,
            "reinvestment_rate": 3.81,
            "research_to_sale_ratio": null,
            "price_fair": 172.29,
            "eps_avg_yearly": 5.36,
            "eps_latest_yearly": 6.48,
            "eps_growth_yearly": 22.17
        },
        "20064": {
            "year_quarter": 20064,
            "year": 2006,
            "quarter": 4,
            "eps": 1.46,
            "eps_growth_year": 3.55,
            "eps_4q": 5.93,
            "eps_4q_growth_year": 10.68,
            "roe": 7.58,
            "roe_4q": 32.17,
            "gross_profit": 344668,
            "gross_margin": 35.5,
            "gross_margin_4q_avg": 35.18,
            "net_income": 299621,
            "revenue": 970878,
            "common_shares": 2110083,
            "book_valuer_per_share": 19.52,
            "book_valuer_per_share_4q_avg": 18.59,
            "equity": 4121989,
            "current_ratio": 430.92,
            "debt_ratio": 14.32,
            "inventory_turnover_ratio": 3.8,
            "account_receivable_turnover_ratio": null,
            "reinvestment_rate": 4.34,
            "research_to_sale_ratio": null,
            "price_fair": 127.78,
            "eps_avg_yearly": 5.49,
            "eps_latest_yearly": 5.84,
            "eps_growth_yearly": 13.29
        },
        "20071": {
            "year_quarter": 20071,
            "year": 2007,
            "quarter": 1,
            "eps": 1.58,
            "eps_growth_year": 13.67,
            "eps_4q": 6.17,
            "eps_4q_growth_year": 12.66,
            "roe": 7.55,
            "roe_4q": 32.61,
            "gross_profit": 428615,
            "gross_margin": 35.34,
            "gross_margin_4q_avg": 35.12,
            "net_income": 324271,
            "revenue": 1212890,
            "common_shares": 2110083,
            "book_valuer_per_share": 21.16,
            "book_valuer_per_share_4q_avg": 18.86,
            "equity": 4463882,
            "current_ratio": 430.69,
            "debt_ratio": 12.44,
            "inventory_turnover_ratio": 4.27,
            "account_receivable_turnover_ratio": null,
            "reinvestment_rate": 5.15,
            "research_to_sale_ratio": null,
            "price_fair": 107.14,
            "eps_avg_yearly": 5.59,
            "eps_latest_yearly": 6.32,
            "eps_growth_yearly": 9.16
        },
        "20072": {
            "year_quarter": 20072,
            "year": 2007,
            "quarter": 2,
            "eps": 1.85,
            "eps_growth_year": 17.83,
            "eps_4q": 6.51,
            "eps_4q_growth_year": 13.4,
            "roe": 9.07,
            "roe_4q": 33.42,
            "gross_profit": 476163,
            "gross_margin": 38.68,
            "gross_margin_4q_avg": 35.68,
            "net_income": 379675,
            "revenue": 1231002,
            "common_shares": 2110083,
            "book_valuer_per_share": 18.53,
            "book_valuer_per_share_4q_avg": 19.28,
            "equity": 3910764,
            "current_ratio": 187.66,
            "debt_ratio": 28.48,
            "inventory_turnover_ratio": 4.9,
            "account_receivable_turnover_ratio": null,
            "reinvestment_rate": 6.32,
            "research_to_sale_ratio": null,
            "price_fair": 135.07,
            "eps_avg_yearly": 5.77,
            "eps_latest_yearly": 7.4,
            "eps_growth_yearly": 13.43
        },
        "20073": {
            "year_quarter": 20073,
            "year": 2007,
            "quarter": 3,
            "eps": 1.75,
            "eps_growth_year": 8.02,
            "eps_4q": 6.37,
            "eps_4q_growth_year": 9.25,
            "roe": 9.18,
            "roe_4q": 33.38,
            "gross_profit": 512467,
            "gross_margin": 36.81,
            "gross_margin_4q_avg": 36.58,
            "net_income": 380326,
            "revenue": 1392289,
            "common_shares": 2234443,
            "book_valuer_per_share": 19.58,
            "book_valuer_per_share_4q_avg": 19.7,
            "equity": 4373988,
            "current_ratio": 338.26,
            "debt_ratio": 15.04,
            "inventory_turnover_ratio": 6.4,
            "account_receivable_turnover_ratio": null,
            "reinvestment_rate": 6.35,
            "research_to_sale_ratio": null,
            "price_fair": 126.56,
            "eps_avg_yearly": 5.91,
            "eps_latest_yearly": 7,
            "eps_growth_yearly": 11.43
        },
        "20074": {
            "year_quarter": 20074,
            "year": 2007,
            "quarter": 4,
            "eps": 1.69,
            "eps_growth_year": 15.75,
            "eps_4q": 6.69,
            "eps_4q_growth_year": 12.9,
            "roe": 8.06,
            "roe_4q": 33.86,
            "gross_profit": 458440,
            "gross_margin": 37.34,
            "gross_margin_4q_avg": 37.04,
            "net_income": 366311,
            "revenue": 1227764,
            "common_shares": 2234443,
            "book_valuer_per_share": 21.07,
            "book_valuer_per_share_4q_avg": 20.09,
            "equity": 4710484,
            "current_ratio": 386.09,
            "debt_ratio": 16.2,
            "inventory_turnover_ratio": 5.77,
            "account_receivable_turnover_ratio": null,
            "reinvestment_rate": 7.24,
            "research_to_sale_ratio": null,
            "price_fair": 133.32,
            "eps_avg_yearly": 6.05,
            "eps_latest_yearly": 6.76,
            "eps_growth_yearly": 12.05
        },
        "20081": {
            "year_quarter": 20081,
            "year": 2008,
            "quarter": 1,
            "eps": 1.79,
            "eps_growth_year": 13.29,
            "eps_4q": 6.98,
            "eps_4q_growth_year": 13.13,
            "roe": 7.92,
            "roe_4q": 34.230000000000004,
            "gross_profit": 563741,
            "gross_margin": 31.86,
            "gross_margin_4q_avg": 36.17,
            "net_income": 388448,
            "revenue": 1769709,
            "common_shares": 2234443,
            "book_valuer_per_share": 22.8,
            "book_valuer_per_share_4q_avg": 20.5,
            "equity": 5096576,
            "current_ratio": 352.31,
            "debt_ratio": 18.24,
            "inventory_turnover_ratio": 9.41,
            "account_receivable_turnover_ratio": null,
            "reinvestment_rate": 8.35,
            "research_to_sale_ratio": null,
            "price_fair": 123.21,
            "eps_avg_yearly": 6.18,
            "eps_latest_yearly": 7.16,
            "eps_growth_yearly": 9.95
        },
        "20082": {
            "year_quarter": 20082,
            "year": 2008,
            "quarter": 2,
            "eps": 1.81,
            "eps_growth_year": -2.16,
            "eps_4q": 7.04,
            "eps_4q_growth_year": 8.13,
            "roe": 8.37,
            "roe_4q": 33.53,
            "gross_profit": 502178,
            "gross_margin": 21.3,
            "gross_margin_4q_avg": 31.83,
            "net_income": 393130,
            "revenue": 2357548,
            "common_shares": 2234443,
            "book_valuer_per_share": 19.22,
            "book_valuer_per_share_4q_avg": 20.67,
            "equity": 4296417,
            "current_ratio": 192.98,
            "debt_ratio": 34.42,
            "inventory_turnover_ratio": 12.04,
            "account_receivable_turnover_ratio": null,
            "reinvestment_rate": 8.74,
            "research_to_sale_ratio": null,
            "price_fair": 105.96,
            "eps_avg_yearly": 6.27,
            "eps_latest_yearly": 7.24,
            "eps_growth_yearly": 6.91
        },
        "20083": {
            "year_quarter": 20083,
            "year": 2008,
            "quarter": 3,
            "eps": 1.8,
            "eps_growth_year": 2.86,
            "eps_4q": 6.81,
            "eps_4q_growth_year": 6.9,
            "roe": 9.2,
            "roe_4q": 33.550000000000004,
            "gross_profit": 576006,
            "gross_margin": 21.63,
            "gross_margin_4q_avg": 28.03,
            "net_income": 412891,
            "revenue": 2662626,
            "common_shares": 2369044,
            "book_valuer_per_share": 19.75,
            "book_valuer_per_share_4q_avg": 20.71,
            "equity": 4680406,
            "current_ratio": 314.11,
            "debt_ratio": 20.15,
            "inventory_turnover_ratio": 11.21,
            "account_receivable_turnover_ratio": null,
            "reinvestment_rate": 8.7,
            "research_to_sale_ratio": null,
            "price_fair": 85.11,
            "eps_avg_yearly": 6.31,
            "eps_latest_yearly": 7.2,
            "eps_growth_yearly": 3.5
        },
        "20084": {
            "year_quarter": 20084,
            "year": 2008,
            "quarter": 4,
            "eps": 1.08,
            "eps_growth_year": -36.09,
            "eps_4q": 6.26,
            "eps_4q_growth_year": -6.51,
            "roe": 5.36,
            "roe_4q": 30.85,
            "gross_profit": 363576,
            "gross_margin": 20.21,
            "gross_margin_4q_avg": 23.75,
            "net_income": 249313,
            "revenue": 1799359,
            "common_shares": 2369044,
            "book_valuer_per_share": 19.47,
            "book_valuer_per_share_4q_avg": 20.31,
            "equity": 4613630,
            "current_ratio": 413.29,
            "debt_ratio": 15.68,
            "inventory_turnover_ratio": 7.91,
            "account_receivable_turnover_ratio": 10.91,
            "reinvestment_rate": 10.24,
            "research_to_sale_ratio": null,
            "price_fair": 18.62,
            "eps_avg_yearly": 6.21,
            "eps_latest_yearly": 4.32,
            "eps_growth_yearly": -3.91
        },
        "20091": {
            "year_quarter": 20091,
            "year": 2009,
            "quarter": 1,
            "eps": 0.92,
            "eps_growth_year": -48.6,
            "eps_4q": 5.49,
            "eps_4q_growth_year": -21.34,
            "roe": 4.5,
            "roe_4q": 27.43,
            "gross_profit": 288790,
            "gross_margin": 26.92,
            "gross_margin_4q_avg": 22.52,
            "net_income": 212463,
            "revenue": 1072843,
            "common_shares": 2369044,
            "book_valuer_per_share": 20.35,
            "book_valuer_per_share_4q_avg": 19.7,
            "equity": 4822117,
            "current_ratio": 495.25,
            "debt_ratio": 13.29,
            "inventory_turnover_ratio": 4.51,
            "account_receivable_turnover_ratio": 3.32,
            "reinvestment_rate": 10.08,
            "research_to_sale_ratio": null,
            "price_fair": 18.33,
            "eps_avg_yearly": 6.11,
            "eps_latest_yearly": 3.68,
            "eps_growth_yearly": -4.89
        },
        "20092": {
            "year_quarter": 20092,
            "year": 2009,
            "quarter": 2,
            "eps": 1.49,
            "eps_growth_year": -17.68,
            "eps_4q": 5.3,
            "eps_4q_growth_year": -24.75,
            "roe": 7.58,
            "roe_4q": 26.64,
            "gross_profit": 423328,
            "gross_margin": 32.86,
            "gross_margin_4q_avg": 25.41,
            "net_income": 342460,
            "revenue": 1288290,
            "common_shares": 2369044,
            "book_valuer_per_share": 17.77,
            "book_valuer_per_share_4q_avg": 19.34,
            "equity": 4208934,
            "current_ratio": 201.95,
            "debt_ratio": 31,
            "inventory_turnover_ratio": 4.66,
            "account_receivable_turnover_ratio": 3.26,
            "reinvestment_rate": 9.84,
            "research_to_sale_ratio": null,
            "price_fair": 123.1,
            "eps_avg_yearly": 6.15,
            "eps_latest_yearly": 5.96,
            "eps_growth_yearly": 10.02
        },
        "20093": {
            "year_quarter": 20093,
            "year": 2009,
            "quarter": 3,
            "eps": 1.64,
            "eps_growth_year": -8.89,
            "eps_4q": 5.14,
            "eps_4q_growth_year": -24.47,
            "roe": 8.46,
            "roe_4q": 25.9,
            "gross_profit": 481698,
            "gross_margin": 32.67,
            "gross_margin_4q_avg": 28.17,
            "net_income": 376725,
            "revenue": 1474213,
            "common_shares": 2369044,
            "book_valuer_per_share": 19.83,
            "book_valuer_per_share_4q_avg": 19.36,
            "equity": 4698640,
            "current_ratio": 451.81,
            "debt_ratio": 12.9,
            "inventory_turnover_ratio": 4.8,
            "account_receivable_turnover_ratio": 3.16,
            "reinvestment_rate": 9.45,
            "research_to_sale_ratio": null,
            "price_fair": 135.4,
            "eps_avg_yearly": 6.21,
            "eps_latest_yearly": 6.56,
            "eps_growth_yearly": 11.79
        },
        "20094": {
            "year_quarter": 20094,
            "year": 2009,
            "quarter": 4,
            "eps": 1.59,
            "eps_growth_year": 47.22,
            "eps_4q": 5.64,
            "eps_4q_growth_year": -9.81,
            "roe": 7.43,
            "roe_4q": 27.97,
            "gross_profit": 499523,
            "gross_margin": 31.17,
            "gross_margin_4q_avg": 30.91,
            "net_income": 366129,
            "revenue": 1602545,
            "common_shares": 2369044,
            "book_valuer_per_share": 22.4,
            "book_valuer_per_share_4q_avg": 20.09,
            "equity": 5151689,
            "current_ratio": 456.23,
            "debt_ratio": 12.85,
            "inventory_turnover_ratio": 5.14,
            "account_receivable_turnover_ratio": 5.52,
            "reinvestment_rate": 37.81,
            "research_to_sale_ratio": null,
            "price_fair": 128.21,
            "eps_avg_yearly": 6.26,
            "eps_latest_yearly": 6.36,
            "eps_growth_yearly": 10.49
        },
        "20101": {
            "year_quarter": 20101,
            "year": 2010,
            "quarter": 1,
            "eps": 1.79,
            "eps_growth_year": 94.57,
            "eps_4q": 6.51,
            "eps_4q_growth_year": 18.62,
            "roe": 7.71,
            "roe_4q": 31.18,
            "gross_profit": 554352,
            "gross_margin": 30.58,
            "gross_margin_4q_avg": 31.82,
            "net_income": 412684,
            "revenue": 1812959,
            "common_shares": 2369044,
            "book_valuer_per_share": 24.16,
            "book_valuer_per_share_4q_avg": 21.04,
            "equity": 5557012,
            "current_ratio": 430.49,
            "debt_ratio": 13.29,
            "inventory_turnover_ratio": 6.31,
            "account_receivable_turnover_ratio": 3.02,
            "reinvestment_rate": 42.08,
            "research_to_sale_ratio": 0.69,
            "price_fair": 152.5,
            "eps_avg_yearly": 6.36,
            "eps_latest_yearly": 7.16,
            "eps_growth_yearly": 13.99
        },
        "20102": {
            "year_quarter": 20102,
            "year": 2010,
            "quarter": 2,
            "eps": 2.25,
            "eps_growth_year": 51,
            "eps_4q": 7.27,
            "eps_4q_growth_year": 37.34,
            "roe": 10.12,
            "roe_4q": 33.72,
            "gross_profit": 678242,
            "gross_margin": 31.49,
            "gross_margin_4q_avg": 31.48,
            "net_income": 517436,
            "revenue": 2153907,
            "common_shares": 2369044,
            "book_valuer_per_share": 20.32,
            "book_valuer_per_share_4q_avg": 21.68,
            "equity": 4672543,
            "current_ratio": 173.22,
            "debt_ratio": 32.04,
            "inventory_turnover_ratio": 7.58,
            "account_receivable_turnover_ratio": 3.55,
            "reinvestment_rate": 43.55,
            "research_to_sale_ratio": 0.99,
            "price_fair": 177.39,
            "eps_avg_yearly": 6.53,
            "eps_latest_yearly": 9,
            "eps_growth_yearly": 17.18
        },
        "20103": {
            "year_quarter": 20103,
            "year": 2010,
            "quarter": 3,
            "eps": 2.1,
            "eps_growth_year": 28.02,
            "eps_4q": 7.74,
            "eps_4q_growth_year": 50.47,
            "roe": 9.7,
            "roe_4q": 34.96,
            "gross_profit": 660505,
            "gross_margin": 31.13,
            "gross_margin_4q_avg": 31.09,
            "net_income": 482845,
            "revenue": 2121631,
            "common_shares": 2369044,
            "book_valuer_per_share": 22.96,
            "book_valuer_per_share_4q_avg": 22.46,
            "equity": 5280688,
            "current_ratio": 330.36,
            "debt_ratio": 15.23,
            "inventory_turnover_ratio": 6.14,
            "account_receivable_turnover_ratio": 3.29,
            "reinvestment_rate": 44.99,
            "research_to_sale_ratio": 0.75,
            "price_fair": 164.28,
            "eps_avg_yearly": 6.65,
            "eps_latest_yearly": 8.4,
            "eps_growth_yearly": 14.71
        },
        "20104": {
            "year_quarter": 20104,
            "year": 2010,
            "quarter": 4,
            "eps": 2.18,
            "eps_growth_year": 37.05,
            "eps_4q": 8.32,
            "eps_4q_growth_year": 47.45,
            "roe": 9.07,
            "roe_4q": 36.6,
            "gross_profit": 661846,
            "gross_margin": 28.82,
            "gross_margin_4q_avg": 30.51,
            "net_income": 501381,
            "revenue": 2296604,
            "common_shares": 2369044,
            "book_valuer_per_share": 25.11,
            "book_valuer_per_share_4q_avg": 23.14,
            "equity": 5778436,
            "current_ratio": 321.94,
            "debt_ratio": 16.91,
            "inventory_turnover_ratio": 6.3,
            "account_receivable_turnover_ratio": 3.23,
            "reinvestment_rate": 38.3,
            "research_to_sale_ratio": 0.44,
            "price_fair": 192.08,
            "eps_avg_yearly": 6.83,
            "eps_latest_yearly": 8.72,
            "eps_growth_yearly": 18.13
        },
        "20111": {
            "year_quarter": 20111,
            "year": 2011,
            "quarter": 1,
            "eps": 2.62,
            "eps_growth_year": 46.37,
            "eps_4q": 9.14,
            "eps_4q_growth_year": 40.39,
            "roe": 9.87,
            "roe_4q": 38.76,
            "gross_profit": 759556,
            "gross_margin": 30.23,
            "gross_margin_4q_avg": 30.42,
            "net_income": 602420,
            "revenue": 2512939,
            "common_shares": 2369044,
            "book_valuer_per_share": 27.96,
            "book_valuer_per_share_4q_avg": 24.09,
            "equity": 6434688,
            "current_ratio": 376.64,
            "debt_ratio": 15.12,
            "inventory_turnover_ratio": 6.11,
            "account_receivable_turnover_ratio": 3.14,
            "reinvestment_rate": 38.8,
            "research_to_sale_ratio": 0.61,
            "price_fair": 220.6,
            "eps_avg_yearly": 7.09,
            "eps_latest_yearly": 10.48,
            "eps_growth_yearly": 21.12
        },
        "20112": {
            "year_quarter": 20112,
            "year": 2011,
            "quarter": 2,
            "eps": 2.42,
            "eps_growth_year": 7.41,
            "eps_4q": 9.31,
            "eps_4q_growth_year": 28.01,
            "roe": 9.39,
            "roe_4q": 38.03,
            "gross_profit": 654285,
            "gross_margin": 29.24,
            "gross_margin_4q_avg": 29.86,
            "net_income": 556068,
            "revenue": 2237929,
            "common_shares": 2369044,
            "book_valuer_per_share": 22.85,
            "book_valuer_per_share_4q_avg": 24.72,
            "equity": 5404547,
            "current_ratio": 166.35,
            "debt_ratio": 33.77,
            "inventory_turnover_ratio": 4.32,
            "account_receivable_turnover_ratio": 2.88,
            "reinvestment_rate": 38.81,
            "research_to_sale_ratio": 0.54,
            "price_fair": 180.35,
            "eps_avg_yearly": 7.23,
            "eps_latest_yearly": 9.68,
            "eps_growth_yearly": 14.94
        },
        "20113": {
            "year_quarter": 20113,
            "year": 2011,
            "quarter": 3,
            "eps": 2.64,
            "eps_growth_year": 25.96,
            "eps_4q": 9.86,
            "eps_4q_growth_year": 27.42,
            "roe": 10.71,
            "roe_4q": 39.04,
            "gross_profit": 705561,
            "gross_margin": 31.56,
            "gross_margin_4q_avg": 29.96,
            "net_income": 608672,
            "revenue": 2235490,
            "common_shares": 2369044,
            "book_valuer_per_share": 25.25,
            "book_valuer_per_share_4q_avg": 25.29,
            "equity": 5957462,
            "current_ratio": 300.81,
            "debt_ratio": 16.76,
            "inventory_turnover_ratio": 3.73,
            "account_receivable_turnover_ratio": 3.18,
            "reinvestment_rate": 39.01,
            "research_to_sale_ratio": 0.54,
            "price_fair": 212.91,
            "eps_avg_yearly": 7.45,
            "eps_latest_yearly": 10.56,
            "eps_growth_yearly": 18.57
        },
        "20114": {
            "year_quarter": 20114,
            "year": 2011,
            "quarter": 4,
            "eps": 2.08,
            "eps_growth_year": -4.34,
            "eps_4q": 9.76,
            "eps_4q_growth_year": 17.34,
            "roe": 7.77,
            "roe_4q": 37.74,
            "gross_profit": 643634,
            "gross_margin": 31.01,
            "gross_margin_4q_avg": 30.51,
            "net_income": 479856,
            "revenue": 2075412,
            "common_shares": 2369044,
            "book_valuer_per_share": 27.16,
            "book_valuer_per_share_4q_avg": 25.81,
            "equity": 6397453,
            "current_ratio": 349.13,
            "debt_ratio": 15.71,
            "inventory_turnover_ratio": 3.32,
            "account_receivable_turnover_ratio": 2.98,
            "reinvestment_rate": 37.27,
            "research_to_sale_ratio": 0.87,
            "price_fair": 182.13,
            "eps_avg_yearly": 7.55,
            "eps_latest_yearly": 8.32,
            "eps_growth_yearly": 14.12
        },
        "20121": {
            "year_quarter": 20121,
            "year": 2012,
            "quarter": 1,
            "eps": 2.31,
            "eps_growth_year": -11.83,
            "eps_4q": 9.46,
            "eps_4q_growth_year": 3.41,
            "roe": 7.96,
            "roe_4q": 35.83,
            "gross_profit": 682945,
            "gross_margin": 29.84,
            "gross_margin_4q_avg": 30.41,
            "net_income": 531921,
            "revenue": 2288466,
            "common_shares": 2369044,
            "book_valuer_per_share": 29.6,
            "book_valuer_per_share_4q_avg": 26.22,
            "equity": 6960340,
            "current_ratio": 390.57,
            "debt_ratio": 14.83,
            "inventory_turnover_ratio": 3.69,
            "account_receivable_turnover_ratio": 3.06,
            "reinvestment_rate": 36.13,
            "research_to_sale_ratio": 0.82,
            "price_fair": 195.13,
            "eps_avg_yearly": 7.68,
            "eps_latest_yearly": 9.24,
            "eps_growth_yearly": 15.41
        },
        "20122": {
            "year_quarter": 20122,
            "year": 2012,
            "quarter": 2,
            "eps": 2.12,
            "eps_growth_year": -12.09,
            "eps_4q": 9.16,
            "eps_4q_growth_year": -1.59,
            "roe": 7.85,
            "roe_4q": 34.29,
            "gross_profit": 597577,
            "gross_margin": 27.38,
            "gross_margin_4q_avg": 29.95,
            "net_income": 489853,
            "revenue": 2182708,
            "common_shares": 2369044,
            "book_valuer_per_share": 23.31,
            "book_valuer_per_share_4q_avg": 26.33,
            "equity": 5513741,
            "current_ratio": 166.66,
            "debt_ratio": 34.58,
            "inventory_turnover_ratio": 3.48,
            "account_receivable_turnover_ratio": 2.85,
            "reinvestment_rate": 33.65,
            "research_to_sale_ratio": 0.69,
            "price_fair": 178.98,
            "eps_avg_yearly": 7.76,
            "eps_latest_yearly": 8.48,
            "eps_growth_yearly": 13.07
        },
        "20123": {
            "year_quarter": 20123,
            "year": 2012,
            "quarter": 3,
            "eps": 2.27,
            "eps_growth_year": -14.09,
            "eps_4q": 8.79,
            "eps_4q_growth_year": -10.81,
            "roe": 9.04,
            "roe_4q": 32.620000000000005,
            "gross_profit": 632929,
            "gross_margin": 30.26,
            "gross_margin_4q_avg": 29.62,
            "net_income": 523246,
            "revenue": 2091983,
            "common_shares": 2369044,
            "book_valuer_per_share": 25.7,
            "book_valuer_per_share_4q_avg": 26.44,
            "equity": 6063274,
            "current_ratio": 365.98,
            "debt_ratio": 14.12,
            "inventory_turnover_ratio": 3.42,
            "account_receivable_turnover_ratio": 2.86,
            "reinvestment_rate": 32.43,
            "research_to_sale_ratio": 0.78,
            "price_fair": 196.71,
            "eps_avg_yearly": 7.88,
            "eps_latest_yearly": 9.08,
            "eps_growth_yearly": 14.98
        },
        "20124": {
            "year_quarter": 20124,
            "year": 2012,
            "quarter": 4,
            "eps": 1.87,
            "eps_growth_year": -10.33,
            "eps_4q": 8.58,
            "eps_4q_growth_year": -12.16,
            "roe": 6.86,
            "roe_4q": 31.71,
            "gross_profit": 539043,
            "gross_margin": 30.78,
            "gross_margin_4q_avg": 29.57,
            "net_income": 431852,
            "revenue": 1751167,
            "common_shares": 2369044,
            "book_valuer_per_share": 27.71,
            "book_valuer_per_share_4q_avg": 26.58,
            "equity": 6527375,
            "current_ratio": 422.31,
            "debt_ratio": 12.66,
            "inventory_turnover_ratio": 3.26,
            "account_receivable_turnover_ratio": 2.46,
            "reinvestment_rate": 30.34,
            "research_to_sale_ratio": 1.13,
            "price_fair": 246.81,
            "eps_avg_yearly": 8.07,
            "eps_latest_yearly": 7.48,
            "eps_growth_yearly": 20.57
        },
        "20131": {
            "year_quarter": 20131,
            "year": 2013,
            "quarter": 1,
            "eps": 2.29,
            "eps_growth_year": -0.87,
            "eps_4q": 8.55,
            "eps_4q_growth_year": -9.54,
            "roe": 7.82,
            "roe_4q": 31.57,
            "gross_profit": 657500,
            "gross_margin": 31.65,
            "gross_margin_4q_avg": 30.02,
            "net_income": 530189,
            "revenue": 2077489,
            "common_shares": 2369044,
            "book_valuer_per_share": 29.86,
            "book_valuer_per_share_4q_avg": 26.65,
            "equity": 7024600,
            "current_ratio": 417.94,
            "debt_ratio": 14.55,
            "inventory_turnover_ratio": 3.75,
            "account_receivable_turnover_ratio": 2.71,
            "reinvestment_rate": 27.91,
            "research_to_sale_ratio": 1.15,
            "price_fair": 294.53,
            "eps_avg_yearly": 8.42,
            "eps_latest_yearly": 9.16,
            "eps_growth_yearly": 29.89
        },
        "20132": {
            "year_quarter": 20132,
            "year": 2013,
            "quarter": 2,
            "eps": 2.47,
            "eps_growth_year": 16.27,
            "eps_4q": 8.9,
            "eps_4q_growth_year": -2.84,
            "roe": 8.86,
            "roe_4q": 32.58,
            "gross_profit": 720854,
            "gross_margin": 30.02,
            "gross_margin_4q_avg": 30.68,
            "net_income": 568536,
            "revenue": 2400891,
            "common_shares": 2369044,
            "book_valuer_per_share": 24.56,
            "book_valuer_per_share_4q_avg": 26.96,
            "equity": 5803311,
            "current_ratio": 181.28,
            "debt_ratio": 33.04,
            "inventory_turnover_ratio": 4.35,
            "account_receivable_turnover_ratio": 2.72,
            "reinvestment_rate": 25.64,
            "research_to_sale_ratio": 0.89,
            "price_fair": 228.35,
            "eps_avg_yearly": 8.66,
            "eps_latest_yearly": 9.88,
            "eps_growth_yearly": 16.37
        },
        "20133": {
            "year_quarter": 20133,
            "year": 2013,
            "quarter": 3,
            "eps": 2.7,
            "eps_growth_year": 18.84,
            "eps_4q": 9.33,
            "eps_4q_growth_year": 6.15,
            "roe": 10.15,
            "roe_4q": 33.69,
            "gross_profit": 805174,
            "gross_margin": 34.77,
            "gross_margin_4q_avg": 31.81,
            "net_income": 628011,
            "revenue": 2315456,
            "common_shares": 2369044,
            "book_valuer_per_share": 27.85,
            "book_valuer_per_share_4q_avg": 27.5,
            "equity": 6569414,
            "current_ratio": 374.62,
            "debt_ratio": 15.22,
            "inventory_turnover_ratio": 4.01,
            "account_receivable_turnover_ratio": 2.76,
            "reinvestment_rate": 26.41,
            "research_to_sale_ratio": 0.86,
            "price_fair": 233.65,
            "eps_avg_yearly": 8.93,
            "eps_latest_yearly": 10.8,
            "eps_growth_yearly": 16.18
        },
        "20134": {
            "year_quarter": 20134,
            "year": 2013,
            "quarter": 4,
            "eps": 2.14,
            "eps_growth_year": 14.45,
            "eps_4q": 9.6,
            "eps_4q_growth_year": 11.96,
            "roe": 7.21,
            "roe_4q": 34.04,
            "gross_profit": 626468,
            "gross_margin": 30.92,
            "gross_margin_4q_avg": 31.84,
            "net_income": 494246,
            "revenue": 2026117,
            "common_shares": 2369044,
            "book_valuer_per_share": 30.35,
            "book_valuer_per_share_4q_avg": 28.16,
            "equity": 7147363,
            "current_ratio": 433.68,
            "debt_ratio": 13.58,
            "inventory_turnover_ratio": 3.78,
            "account_receivable_turnover_ratio": 2.69,
            "reinvestment_rate": 9.18,
            "research_to_sale_ratio": 0.69,
            "price_fair": 197.17,
            "eps_avg_yearly": 9.06,
            "eps_latest_yearly": 8.56,
            "eps_growth_yearly": 11.76
        },
        "20141": {
            "year_quarter": 20141,
            "year": 2014,
            "quarter": 1,
            "eps": 2.74,
            "eps_growth_year": 19.65,
            "eps_4q": 10.06,
            "eps_4q_growth_year": 17.6,
            "roe": 8.48,
            "roe_4q": 34.7,
            "gross_profit": 811258,
            "gross_margin": 33.93,
            "gross_margin_4q_avg": 32.41,
            "net_income": 630926,
            "revenue": 2390796,
            "common_shares": 2369044,
            "book_valuer_per_share": 32.87,
            "book_valuer_per_share_4q_avg": 28.91,
            "equity": 7725803,
            "current_ratio": 449.84,
            "debt_ratio": 13.66,
            "inventory_turnover_ratio": 4.18,
            "account_receivable_turnover_ratio": 2.9,
            "reinvestment_rate": 5.86,
            "research_to_sale_ratio": 1.57,
            "price_fair": 238.28,
            "eps_avg_yearly": 9.3,
            "eps_latest_yearly": 10.96,
            "eps_growth_yearly": 15.62
        },
        "20142": {
            "year_quarter": 20142,
            "year": 2014,
            "quarter": 2,
            "eps": 2.57,
            "eps_growth_year": 4.05,
            "eps_4q": 10.15,
            "eps_4q_growth_year": 13.99,
            "roe": 8.37,
            "roe_4q": 34.21,
            "gross_profit": 765233,
            "gross_margin": 31.87,
            "gross_margin_4q_avg": 32.87,
            "net_income": 591328,
            "revenue": 2401366,
            "common_shares": 2369044,
            "book_valuer_per_share": 27.16,
            "book_valuer_per_share_4q_avg": 29.56,
            "equity": 6400264,
            "current_ratio": 186.43,
            "debt_ratio": 31.86,
            "inventory_turnover_ratio": 4.07,
            "account_receivable_turnover_ratio": 2.68,
            "reinvestment_rate": 3.76,
            "research_to_sale_ratio": 1.31,
            "price_fair": 165.52,
            "eps_avg_yearly": 9.38,
            "eps_latest_yearly": 10.28,
            "eps_growth_yearly": 7.65
        },
        "20143": {
            "year_quarter": 20143,
            "year": 2014,
            "quarter": 3,
            "eps": 2.64,
            "eps_growth_year": -2.22,
            "eps_4q": 10.09,
            "eps_4q_growth_year": 8.11,
            "roe": 8.99,
            "roe_4q": 33.05,
            "gross_profit": 766301,
            "gross_margin": 33.29,
            "gross_margin_4q_avg": 32.5,
            "net_income": 609784,
            "revenue": 2301688,
            "common_shares": 2369044,
            "book_valuer_per_share": 30.45,
            "book_valuer_per_share_4q_avg": 30.21,
            "equity": 7159726,
            "current_ratio": 463.68,
            "debt_ratio": 11.94,
            "inventory_turnover_ratio": 3.46,
            "account_receivable_turnover_ratio": 2.86,
            "reinvestment_rate": 3.24,
            "research_to_sale_ratio": 0.98,
            "price_fair": 190.24,
            "eps_avg_yearly": 9.52,
            "eps_latest_yearly": 10.56,
            "eps_growth_yearly": 9.99
        },
        "20144": {
            "year_quarter": 20144,
            "year": 2014,
            "quarter": 4,
            "eps": 1.55,
            "eps_growth_year": -27.45,
            "eps_4q": 9.49,
            "eps_4q_growth_year": -1.12,
            "roe": 4.83,
            "roe_4q": 30.669999999999998,
            "gross_profit": 483749,
            "gross_margin": 26.72,
            "gross_margin_4q_avg": 31.45,
            "net_income": 356536,
            "revenue": 1810452,
            "common_shares": 2369044,
            "book_valuer_per_share": 32.32,
            "book_valuer_per_share_4q_avg": 30.7,
            "equity": 7596132,
            "current_ratio": 459.36,
            "debt_ratio": 12.54,
            "inventory_turnover_ratio": 2.92,
            "account_receivable_turnover_ratio": 2.81,
            "reinvestment_rate": 8.04,
            "research_to_sale_ratio": 1.35,
            "price_fair": 28.07,
            "eps_avg_yearly": 9.36,
            "eps_latest_yearly": 6.2,
            "eps_growth_yearly": -1.28
        },
        "20151": {
            "year_quarter": 20151,
            "year": 2015,
            "quarter": 1,
            "eps": 1.7,
            "eps_growth_year": -37.96,
            "eps_4q": 8.45,
            "eps_4q_growth_year": -15.98,
            "roe": 5.04,
            "roe_4q": 27.229999999999997,
            "gross_profit": 432136,
            "gross_margin": 27.23,
            "gross_margin_4q_avg": 29.78,
            "net_income": 392349,
            "revenue": 1586706,
            "common_shares": 2369044,
            "book_valuer_per_share": 33.87,
            "book_valuer_per_share_4q_avg": 30.95,
            "equity": 7957933,
            "current_ratio": 476.12,
            "debt_ratio": 12.54,
            "inventory_turnover_ratio": 2.65,
            "account_receivable_turnover_ratio": 2.73,
            "reinvestment_rate": 6.42,
            "research_to_sale_ratio": 2.25,
            "price_fair": 27.38,
            "eps_avg_yearly": 9.13,
            "eps_latest_yearly": 6.8,
            "eps_growth_yearly": -3.91
        },
        "20152": {
            "year_quarter": 20152,
            "year": 2015,
            "quarter": 2,
            "eps": 1.53,
            "eps_growth_year": -40.47,
            "eps_4q": 7.4,
            "eps_4q_growth_year": -27.07,
            "roe": 4.99,
            "roe_4q": 23.85,
            "gross_profit": 477411,
            "gross_margin": 29.99,
            "gross_margin_4q_avg": 29.31,
            "net_income": 352831,
            "revenue": 1591789,
            "common_shares": 2369044,
            "book_valuer_per_share": 26.74,
            "book_valuer_per_share_4q_avg": 30.85,
            "equity": 6179113,
            "current_ratio": 181.43,
            "debt_ratio": 31.04,
            "inventory_turnover_ratio": 2.72,
            "account_receivable_turnover_ratio": 2.6,
            "reinvestment_rate": 3.39,
            "research_to_sale_ratio": 1.09,
            "price_fair": 26.72,
            "eps_avg_yearly": 8.91,
            "eps_latest_yearly": 6.12,
            "eps_growth_yearly": -4.5
        },
        "20153": {
            "year_quarter": 20153,
            "year": 2015,
            "quarter": 3,
            "eps": 1.3,
            "eps_growth_year": -50.76,
            "eps_4q": 6.08,
            "eps_4q_growth_year": -39.77,
            "roe": 4.82,
            "roe_4q": 19.68,
            "gross_profit": 354063,
            "gross_margin": 25.4,
            "gross_margin_4q_avg": 27.34,
            "net_income": 301418,
            "revenue": 1394042,
            "common_shares": 2369044,
            "book_valuer_per_share": 27.4,
            "book_valuer_per_share_4q_avg": 30.08,
            "equity": 6330519,
            "current_ratio": 218.66,
            "debt_ratio": 20.49,
            "inventory_turnover_ratio": 2.58,
            "account_receivable_turnover_ratio": 2.58,
            "reinvestment_rate": 0.36,
            "research_to_sale_ratio": 1.71,
            "price_fair": 25.71,
            "eps_avg_yearly": 8.57,
            "eps_latest_yearly": 5.2,
            "eps_growth_yearly": -10.53
        },
        "20154": {
            "year_quarter": 20154,
            "year": 2015,
            "quarter": 4,
            "eps": 0.83,
            "eps_growth_year": -46.35,
            "eps_4q": 5.36,
            "eps_4q_growth_year": -43.55,
            "roe": 3.01,
            "roe_4q": 17.86,
            "gross_profit": 281975,
            "gross_margin": 24.2,
            "gross_margin_4q_avg": 26.71,
            "net_income": 192488,
            "revenue": 1165007,
            "common_shares": 2369044,
            "book_valuer_per_share": 27.86,
            "book_valuer_per_share_4q_avg": 28.97,
            "equity": 6439770,
            "current_ratio": 211.97,
            "debt_ratio": 19.28,
            "inventory_turnover_ratio": 2.15,
            "account_receivable_turnover_ratio": 2.58,
            "reinvestment_rate": 14.05,
            "research_to_sale_ratio": 1.83,
            "price_fair": 24.77,
            "eps_avg_yearly": 8.26,
            "eps_latest_yearly": 3.32,
            "eps_growth_yearly": -14.27
        },
        "20161": {
            "year_quarter": 20161,
            "year": 2016,
            "quarter": 1,
            "eps": 1.01,
            "eps_growth_year": -40.59,
            "eps_4q": 4.66,
            "eps_4q_growth_year": -44.81,
            "roe": 3.44,
            "roe_4q": 16.259999999999998,
            "gross_profit": 328018,
            "gross_margin": 26.76,
            "gross_margin_4q_avg": 26.59,
            "net_income": 234088,
            "revenue": 1225971,
            "common_shares": 2369044,
            "book_valuer_per_share": 29.48,
            "book_valuer_per_share_4q_avg": 27.87,
            "equity": 7155338,
            "current_ratio": 177.9,
            "debt_ratio": 23.19,
            "inventory_turnover_ratio": 2.16,
            "account_receivable_turnover_ratio": 2.44,
            "reinvestment_rate": 15.13,
            "research_to_sale_ratio": 2.18,
            "price_fair": 23.8,
            "eps_avg_yearly": 7.93,
            "eps_latest_yearly": 4.04,
            "eps_growth_yearly": -11.61
        },
        "20162": {
            "year_quarter": 20162,
            "year": 2016,
            "quarter": 2,
            "eps": 1.04,
            "eps_growth_year": -32.03,
            "eps_4q": 4.19,
            "eps_4q_growth_year": -43.45,
            "roe": 3.62,
            "roe_4q": 14.89,
            "gross_profit": 347710,
            "gross_margin": 25.93,
            "gross_margin_4q_avg": 25.57,
            "net_income": 242837,
            "revenue": 1340731,
            "common_shares": 2369044,
            "book_valuer_per_share": 25.57,
            "book_valuer_per_share_4q_avg": 27.58,
            "equity": 6250140,
            "current_ratio": 126.17,
            "debt_ratio": 32.21,
            "inventory_turnover_ratio": 2.48,
            "account_receivable_turnover_ratio": 2.26,
            "reinvestment_rate": 15.68,
            "research_to_sale_ratio": 1.49,
            "price_fair": 22.99,
            "eps_avg_yearly": 7.66,
            "eps_latest_yearly": 4.16,
            "eps_growth_yearly": -8.81
        },
        "20163": {
            "year_quarter": 20163,
            "year": 2016,
            "quarter": 3,
            "eps": 1.1,
            "eps_growth_year": -15.38,
            "eps_4q": 3.99,
            "eps_4q_growth_year": -34.37,
            "roe": 4.03,
            "roe_4q": 14.1,
            "gross_profit": 384364,
            "gross_margin": 29.34,
            "gross_margin_4q_avg": 26.56,
            "net_income": 257445,
            "revenue": 1309864,
            "common_shares": 2369044,
            "book_valuer_per_share": 26.79,
            "book_valuer_per_share_4q_avg": 27.43,
            "equity": 6527421,
            "current_ratio": 140.88,
            "debt_ratio": 30.82,
            "inventory_turnover_ratio": 2.38,
            "account_receivable_turnover_ratio": 2.47,
            "reinvestment_rate": 14.58,
            "research_to_sale_ratio": 1.41,
            "price_fair": 22.11,
            "eps_avg_yearly": 7.37,
            "eps_latest_yearly": 4.4,
            "eps_growth_yearly": -9.14
        },
        "20164": {
            "year_quarter": 20164,
            "year": 2016,
            "quarter": 4,
            "eps": 1.29,
            "eps_growth_year": 54.87,
            "eps_4q": 4.45,
            "eps_4q_growth_year": -17.03,
            "roe": 4.56,
            "roe_4q": 15.65,
            "gross_profit": 406175,
            "gross_margin": 32.05,
            "gross_margin_4q_avg": 28.52,
            "net_income": 304590,
            "revenue": 1267174,
            "common_shares": 2369044,
            "book_valuer_per_share": 28.04,
            "book_valuer_per_share_4q_avg": 27.47,
            "equity": 6830660,
            "current_ratio": 153.88,
            "debt_ratio": 28.56,
            "inventory_turnover_ratio": 2,
            "account_receivable_turnover_ratio": 2.74,
            "reinvestment_rate": 14.83,
            "research_to_sale_ratio": 2.04,
            "price_fair": 21.68,
            "eps_avg_yearly": 7.23,
            "eps_latest_yearly": 5.16,
            "eps_growth_yearly": -0.41
        },
        "20171": {
            "year_quarter": 20171,
            "year": 2017,
            "quarter": 1,
            "eps": 1.14,
            "eps_growth_year": 12.87,
            "eps_4q": 4.57,
            "eps_4q_growth_year": -1.98,
            "roe": 4.05,
            "roe_4q": 16.26,
            "gross_profit": 388001,
            "gross_margin": 23,
            "gross_margin_4q_avg": 27.58,
            "net_income": 281477,
            "revenue": 1687246,
            "common_shares": 2369044,
            "book_valuer_per_share": 29.03,
            "book_valuer_per_share_4q_avg": 27.36,
            "equity": 7058811,
            "current_ratio": 152.4,
            "debt_ratio": 29.3,
            "inventory_turnover_ratio": 2.63,
            "account_receivable_turnover_ratio": 3.31,
            "reinvestment_rate": 18.3,
            "research_to_sale_ratio": 1.35,
            "price_fair": 20.81,
            "eps_avg_yearly": 6.94,
            "eps_latest_yearly": 4.56,
            "eps_growth_yearly": -8.93
        },
        "20172": {
            "year_quarter": 20172,
            "year": 2017,
            "quarter": 2,
            "eps": 1.16,
            "eps_growth_year": 11.54,
            "eps_4q": 4.69,
            "eps_4q_growth_year": 11.99,
            "roe": 4.09,
            "roe_4q": 16.73,
            "gross_profit": 360717,
            "gross_margin": 23.82,
            "gross_margin_4q_avg": 27.05,
            "net_income": 272141,
            "revenue": 1514443,
            "common_shares": 2369044,
            "book_valuer_per_share": 25.52,
            "book_valuer_per_share_4q_avg": 27.35,
            "equity": 6248629,
            "current_ratio": 110.68,
            "debt_ratio": 39.25,
            "inventory_turnover_ratio": 2.25,
            "account_receivable_turnover_ratio": 2.92,
            "reinvestment_rate": 23.12,
            "research_to_sale_ratio": 1.63,
            "price_fair": 19.83,
            "eps_avg_yearly": 6.61,
            "eps_latest_yearly": 4.64,
            "eps_growth_yearly": -10.46
        },
        "20173": {
            "year_quarter": 20173,
            "year": 2017,
            "quarter": 3,
            "eps": 1.31,
            "eps_growth_year": 19.09,
            "eps_4q": 4.9,
            "eps_4q_growth_year": 22.76,
            "roe": 4.91,
            "roe_4q": 17.61,
            "gross_profit": 417247,
            "gross_margin": 26.69,
            "gross_margin_4q_avg": 26.39,
            "net_income": 314511,
            "revenue": 1563442,
            "common_shares": 2369044,
            "book_valuer_per_share": 26.84,
            "book_valuer_per_share_4q_avg": 27.36,
            "equity": 6564468,
            "current_ratio": 113.01,
            "debt_ratio": 37.39,
            "inventory_turnover_ratio": 2.23,
            "account_receivable_turnover_ratio": 3.11,
            "reinvestment_rate": 24.53,
            "research_to_sale_ratio": 1.45,
            "price_fair": 18.79,
            "eps_avg_yearly": 6.26,
            "eps_latest_yearly": 5.24,
            "eps_growth_yearly": -9.56
        },
        "20174": {
            "year_quarter": 20174,
            "year": 2017,
            "quarter": 4,
            "eps": 1.4,
            "eps_growth_year": 8.35,
            "eps_4q": 5,
            "eps_4q_growth_year": 12.51,
            "roe": 5.05,
            "roe_4q": 18.1,
            "gross_profit": 424147,
            "gross_margin": 28.72,
            "gross_margin_4q_avg": 25.56,
            "net_income": 339382,
            "revenue": 1476693,
            "common_shares": 2369044,
            "book_valuer_per_share": 28.13,
            "book_valuer_per_share_4q_avg": 27.38,
            "equity": 6873190,
            "current_ratio": 110.41,
            "debt_ratio": 38.83,
            "inventory_turnover_ratio": 1.95,
            "account_receivable_turnover_ratio": 2.72,
            "reinvestment_rate": 28.71,
            "research_to_sale_ratio": 1.71,
            "price_fair": 18.23,
            "eps_avg_yearly": 6.08,
            "eps_latest_yearly": 5.6,
            "eps_growth_yearly": -2.65
        },
        "20181": {
            "year_quarter": 20181,
            "year": 2018,
            "quarter": 1,
            "eps": 1.4,
            "eps_growth_year": 22.81,
            "eps_4q": 5.27,
            "eps_4q_growth_year": 15.19,
            "roe": 4.81,
            "roe_4q": 18.86,
            "gross_profit": 510873,
            "gross_margin": 25.38,
            "gross_margin_4q_avg": 26.15,
            "net_income": 336889,
            "revenue": 2012517,
            "common_shares": 2369044,
            "book_valuer_per_share": 29.27,
            "book_valuer_per_share_4q_avg": 27.44,
            "equity": 7144427,
            "current_ratio": 116,
            "debt_ratio": 37.15,
            "inventory_turnover_ratio": 2.65,
            "account_receivable_turnover_ratio": 3.36,
            "reinvestment_rate": 29.41,
            "research_to_sale_ratio": 1.12,
            "price_fair": 17.23,
            "eps_avg_yearly": 5.74,
            "eps_latest_yearly": 5.6,
            "eps_growth_yearly": -9.66
        },
        "20182": {
            "year_quarter": 20182,
            "year": 2018,
            "quarter": 2,
            "eps": 1.63,
            "eps_growth_year": 40.52,
            "eps_4q": 5.73,
            "eps_4q_growth_year": 22.21,
            "roe": 5.51,
            "roe_4q": 20.28,
            "gross_profit": 532708,
            "gross_margin": 26.38,
            "gross_margin_4q_avg": 26.79,
            "net_income": 376480,
            "revenue": 2019437,
            "common_shares": 2369044,
            "book_valuer_per_share": 26.5,
            "book_valuer_per_share_4q_avg": 27.69,
            "equity": 6522144,
            "current_ratio": 98.59,
            "debt_ratio": 44.43,
            "inventory_turnover_ratio": 2.44,
            "account_receivable_turnover_ratio": 3.43,
            "reinvestment_rate": 33.21,
            "research_to_sale_ratio": 1.59,
            "price_fair": 16.52,
            "eps_avg_yearly": 5.51,
            "eps_latest_yearly": 6.52,
            "eps_growth_yearly": -4
        },
        "20183": {
            "year_quarter": 20183,
            "year": 2018,
            "quarter": 3,
            "eps": 1.92,
            "eps_growth_year": 46.56,
            "eps_4q": 6.34,
            "eps_4q_growth_year": 29.44,
            "roe": 6.55,
            "roe_4q": 21.919999999999998,
            "gross_profit": 600903,
            "gross_margin": 25.94,
            "gross_margin_4q_avg": 26.61,
            "net_income": 444047,
            "revenue": 2316431,
            "common_shares": 2369044,
            "book_valuer_per_share": 28.74,
            "book_valuer_per_share_4q_avg": 28.16,
            "equity": 7043814,
            "current_ratio": 123.38,
            "debt_ratio": 41.13,
            "inventory_turnover_ratio": 2.68,
            "account_receivable_turnover_ratio": 3.48,
            "reinvestment_rate": 37.18,
            "research_to_sale_ratio": 1.2,
            "price_fair": 15.98,
            "eps_avg_yearly": 5.33,
            "eps_latest_yearly": 7.68,
            "eps_growth_yearly": -0.24
        },
        "20184": {
            "year_quarter": 20184,
            "year": 2018,
            "quarter": 4,
            "eps": 1.56,
            "eps_growth_year": 11.4,
            "eps_4q": 6.5,
            "eps_4q_growth_year": 29.88,
            "roe": 4.98,
            "roe_4q": 21.849999999999998,
            "gross_profit": 512028,
            "gross_margin": 23.15,
            "gross_margin_4q_avg": 25.21,
            "net_income": 358294,
            "revenue": 2211358,
            "common_shares": 2369044,
            "book_valuer_per_share": 30.09,
            "book_valuer_per_share_4q_avg": 28.65,
            "equity": 7355542,
            "current_ratio": 126.94,
            "debt_ratio": 37.22,
            "inventory_turnover_ratio": 2.7,
            "account_receivable_turnover_ratio": 3.22,
            "reinvestment_rate": 39.03,
            "research_to_sale_ratio": 0.9,
            "price_fair": 82.07,
            "eps_avg_yearly": 5.33,
            "eps_latest_yearly": 6.24,
            "eps_growth_yearly": 5.4
        },
        "20191": {
            "year_quarter": 20191,
            "year": 2019,
            "quarter": 1,
            "eps": 1.68,
            "eps_growth_year": 20,
            "eps_4q": 6.78,
            "eps_4q_growth_year": 28.76,
            "roe": 5.15,
            "roe_4q": 22.189999999999998,
            "gross_profit": 529680,
            "gross_margin": 26.23,
            "gross_margin_4q_avg": 25.43,
            "net_income": 390410,
            "revenue": 2019127,
            "common_shares": 2369044,
            "book_valuer_per_share": 31.97,
            "book_valuer_per_share_4q_avg": 29.33,
            "equity": 7792425,
            "current_ratio": 132.91,
            "debt_ratio": 39.41,
            "inventory_turnover_ratio": 2.5,
            "account_receivable_turnover_ratio": 3.44,
            "reinvestment_rate": 42.15,
            "research_to_sale_ratio": 1.46,
            "price_fair": 79.35,
            "eps_avg_yearly": 5.33,
            "eps_latest_yearly": 6.72,
            "eps_growth_yearly": 4.9
        },
        "20192": {
            "year_quarter": 20192,
            "year": 2019,
            "quarter": 2,
            "eps": 1.45,
            "eps_growth_year": -11.04,
            "eps_4q": 6.6,
            "eps_4q_growth_year": 15.22,
            "roe": 4.65,
            "roe_4q": 21.330000000000002,
            "gross_profit": 458548,
            "gross_margin": 24.58,
            "gross_margin_4q_avg": 24.98,
            "net_income": 340664,
            "revenue": 1865753,
            "common_shares": 2369044,
            "book_valuer_per_share": 27.96,
            "book_valuer_per_share_4q_avg": 29.69,
            "equity": 6870403,
            "current_ratio": 103.05,
            "debt_ratio": 45.91,
            "inventory_turnover_ratio": 2.25,
            "account_receivable_turnover_ratio": 3.38,
            "reinvestment_rate": 55.18,
            "research_to_sale_ratio": 1.53,
            "price_fair": 74.15,
            "eps_avg_yearly": 5.31,
            "eps_latest_yearly": 5.8,
            "eps_growth_yearly": 3.98
        },
        "20193": {
            "year_quarter": 20193,
            "year": 2019,
            "quarter": 3,
            "eps": 1.78,
            "eps_growth_year": -7.29,
            "eps_4q": 6.46,
            "eps_4q_growth_year": 2.02,
            "roe": 5.86,
            "roe_4q": 20.64,
            "gross_profit": 568831,
            "gross_margin": 26.35,
            "gross_margin_4q_avg": 25.08,
            "net_income": 413320,
            "revenue": 2159028,
            "common_shares": 2369044,
            "book_valuer_per_share": 29.51,
            "book_valuer_per_share_4q_avg": 29.88,
            "equity": 7229591,
            "current_ratio": 123.53,
            "debt_ratio": 42.12,
            "inventory_turnover_ratio": 2.27,
            "account_receivable_turnover_ratio": 3.47,
            "reinvestment_rate": 55.61,
            "research_to_sale_ratio": 1.63,
            "price_fair": 127.09,
            "eps_avg_yearly": 5.43,
            "eps_latest_yearly": 7.12,
            "eps_growth_yearly": 13.43
        },
        "20194": {
            "year_quarter": 20194,
            "year": 2019,
            "quarter": 4,
            "eps": 0.66,
            "eps_growth_year": -57.54,
            "eps_4q": 5.57,
            "eps_4q_growth_year": -14.29,
            "roe": 2.11,
            "roe_4q": 17.770000000000003,
            "gross_profit": 288888,
            "gross_margin": 19.28,
            "gross_margin_4q_avg": 24.11,
            "net_income": 153595,
            "revenue": 1498082,
            "common_shares": 2369044,
            "book_valuer_per_share": 30.12,
            "book_valuer_per_share_4q_avg": 29.89,
            "equity": 7358718,
            "current_ratio": 122.01,
            "debt_ratio": 39.14,
            "inventory_turnover_ratio": 1.54,
            "account_receivable_turnover_ratio": 2.45,
            "reinvestment_rate": 36.15,
            "research_to_sale_ratio": 1.91,
            "price_fair": 90.07,
            "eps_avg_yearly": 5.38,
            "eps_latest_yearly": 2.64,
            "eps_growth_yearly": 6.73
        },
        "20201": {
            "year_quarter": 20201,
            "year": 2020,
            "quarter": 1,
            "eps": 0.78,
            "eps_growth_year": -53.57,
            "eps_4q": 4.67,
            "eps_4q_growth_year": -31.13,
            "roe": 2.47,
            "roe_4q": 15.090000000000002,
            "gross_profit": 303789,
            "gross_margin": 19,
            "gross_margin_4q_avg": 22.3,
            "net_income": 182083,
            "revenue": 1599177,
            "common_shares": 2369044,
            "book_valuer_per_share": 30.1,
            "book_valuer_per_share_4q_avg": 29.42,
            "equity": 7358613,
            "current_ratio": 120.11,
            "debt_ratio": 38.54,
            "inventory_turnover_ratio": 1.52,
            "account_receivable_turnover_ratio": 3.03,
            "reinvestment_rate": 31.77,
            "research_to_sale_ratio": 2.38,
            "price_fair": 84.44,
            "eps_avg_yearly": 5.33,
            "eps_latest_yearly": 3.12,
            "eps_growth_yearly": 5.86
        },
        "20202": {
            "year_quarter": 20202,
            "year": 2020,
            "quarter": 2,
            "eps": 0.7,
            "eps_growth_year": -51.72,
            "eps_4q": 3.93,
            "eps_4q_growth_year": -40.5,
            "roe": 2.39,
            "roe_4q": 12.830000000000002,
            "gross_profit": 223935,
            "gross_margin": 19.48,
            "gross_margin_4q_avg": 21.03,
            "net_income": 163553,
            "revenue": 1149670,
            "common_shares": 2369044,
            "book_valuer_per_share": 25.9,
            "book_valuer_per_share_4q_avg": 28.91,
            "equity": 6309288,
            "current_ratio": 91.01,
            "debt_ratio": 46.08,
            "inventory_turnover_ratio": 1.07,
            "account_receivable_turnover_ratio": 2.5,
            "reinvestment_rate": 32.75,
            "research_to_sale_ratio": 3.14,
            "price_fair": 65.77,
            "eps_avg_yearly": 5.24,
            "eps_latest_yearly": 2.8,
            "eps_growth_yearly": 2.55
        },
        "20203": {
            "year_quarter": 20203,
            "year": 2020,
            "quarter": 3,
            "eps": 0.7,
            "eps_growth_year": -60.67,
            "eps_4q": 2.85,
            "eps_4q_growth_year": -55.97,
            "roe": 2.47,
            "roe_4q": 9.44,
            "gross_profit": 242333,
            "gross_margin": 20.86,
            "gross_margin_4q_avg": 19.66,
            "net_income": 157863,
            "revenue": 1161772,
            "common_shares": 2369044,
            "book_valuer_per_share": 26.59,
            "book_valuer_per_share_4q_avg": 28.18,
            "equity": 6459530,
            "current_ratio": 92.85,
            "debt_ratio": 43.54,
            "inventory_turnover_ratio": 1.01,
            "account_receivable_turnover_ratio": 2.8,
            "reinvestment_rate": 34.67,
            "research_to_sale_ratio": 1.91,
            "price_fair": 57.1,
            "eps_avg_yearly": 5.14,
            "eps_latest_yearly": 2.8,
            "eps_growth_yearly": 1.11
        },
        "20204": {
            "year_quarter": 20204,
            "year": 2020,
            "quarter": 4,
            "eps": 0.9,
            "eps_growth_year": 36.54,
            "eps_4q": 3.09,
            "eps_4q_growth_year": -44.55,
            "roe": 3.08,
            "roe_4q": 10.410000000000002,
            "gross_profit": 349836,
            "gross_margin": 24.07,
            "gross_margin_4q_avg": 20.85,
            "net_income": 204528,
            "revenue": 1453155,
            "common_shares": 2369044,
            "book_valuer_per_share": 28.15,
            "book_valuer_per_share_4q_avg": 27.69,
            "equity": 6810426,
            "current_ratio": 136.12,
            "debt_ratio": 41.51,
            "inventory_turnover_ratio": 1.15,
            "account_receivable_turnover_ratio": 3.23,
            "reinvestment_rate": 35.69,
            "research_to_sale_ratio": 2.39,
            "price_fair": 70.26,
            "eps_avg_yearly": 5.04,
            "eps_latest_yearly": 3.6,
            "eps_growth_yearly": 3.93
        },
        "20211": {
            "year_quarter": 20211,
            "year": 2021,
            "quarter": 1,
            "eps": 1.01,
            "eps_growth_year": 29.49,
            "eps_4q": 3.32,
            "eps_4q_growth_year": -28.96,
            "roe": 3.37,
            "roe_4q": 11.31,
            "gross_profit": 349663,
            "gross_margin": 20.95,
            "gross_margin_4q_avg": 21.34,
            "net_income": 234022,
            "revenue": 1668856,
            "common_shares": 2369044,
            "book_valuer_per_share": 29.35,
            "book_valuer_per_share_4q_avg": 27.5,
            "equity": 7089847,
            "current_ratio": 136.19,
            "debt_ratio": 38.87,
            "inventory_turnover_ratio": 1.32,
            "account_receivable_turnover_ratio": 3.26,
            "reinvestment_rate": 34.48,
            "research_to_sale_ratio": 2.01,
            "price_fair": 99.68,
            "eps_avg_yearly": 5.01,
            "eps_latest_yearly": 4.04,
            "eps_growth_yearly": 9.9
        },
        "20212": {
            "year_quarter": 20212,
            "year": 2021,
            "quarter": 2,
            "eps": 1.25,
            "eps_growth_year": 78.57,
            "eps_4q": 3.86,
            "eps_4q_growth_year": -1.73,
            "roe": 4.05,
            "roe_4q": 12.97,
            "gross_profit": 414640,
            "gross_margin": 21.24,
            "gross_margin_4q_avg": 21.78,
            "net_income": 289365,
            "revenue": 1951885,
            "common_shares": 2369044,
            "book_valuer_per_share": 29.8,
            "book_valuer_per_share_4q_avg": 28.47,
            "equity": 7187734,
            "current_ratio": 113.37,
            "debt_ratio": 40,
            "inventory_turnover_ratio": 1.45,
            "account_receivable_turnover_ratio": 3.25,
            "reinvestment_rate": 37.85,
            "research_to_sale_ratio": 1.95,
            "price_fair": 127.82,
            "eps_avg_yearly": 5.03,
            "eps_latest_yearly": 5,
            "eps_growth_yearly": 15.4
        },
        "20213": {
            "year_quarter": 20213,
            "year": 2021,
            "quarter": 3,
            "eps": 1.42,
            "eps_growth_year": 102.86,
            "eps_4q": 4.58,
            "eps_4q_growth_year": 61.02,
            "roe": 4.51,
            "roe_4q": 15.01,
            "gross_profit": 483547,
            "gross_margin": 21.06,
            "gross_margin_4q_avg": 21.83,
            "net_income": 329434,
            "revenue": 2295800,
            "common_shares": 2369044,
            "book_valuer_per_share": 30.77,
            "book_valuer_per_share_4q_avg": 29.52,
            "equity": 7412468,
            "current_ratio": 153.52,
            "debt_ratio": 37.05,
            "inventory_turnover_ratio": 1.7,
            "account_receivable_turnover_ratio": 3.75,
            "reinvestment_rate": 31.36,
            "research_to_sale_ratio": 2.04,
            "price_fair": 129.36,
            "eps_avg_yearly": 5.06,
            "eps_latest_yearly": 5.68,
            "eps_growth_yearly": 15.57
        },
        "20214": {
            "year_quarter": 20214,
            "year": 2021,
            "quarter": 4,
            "eps": 1.05,
            "eps_growth_year": 16.4,
            "eps_4q": 4.73,
            "eps_4q_growth_year": 53.22,
            "roe": 3.24,
            "roe_4q": 15.170000000000002,
            "gross_profit": 366095,
            "gross_margin": 17.72,
            "gross_margin_4q_avg": 20.24,
            "net_income": 243793,
            "revenue": 2065900,
            "common_shares": 2369044,
            "book_valuer_per_share": 31.67,
            "book_valuer_per_share_4q_avg": 30.4,
            "equity": 7617907,
            "current_ratio": 164.13,
            "debt_ratio": 35.07,
            "inventory_turnover_ratio": 1.68,
            "account_receivable_turnover_ratio": 3.19,
            "reinvestment_rate": 24.03,
            "research_to_sale_ratio": 2.08,
            "price_fair": 86.19,
            "eps_avg_yearly": 4.97,
            "eps_latest_yearly": 4.2,
            "eps_growth_yearly": 7.33
        },
        "20221": {
            "year_quarter": 20221,
            "year": 2022,
            "quarter": 1,
            "eps": 1.48,
            "eps_growth_year": 46.53,
            "eps_4q": 5.2,
            "eps_4q_growth_year": 56.68,
            "roe": 4.37,
            "roe_4q": 16.17,
            "gross_profit": 513514,
            "gross_margin": 21.64,
            "gross_margin_4q_avg": 20.42,
            "net_income": 343413,
            "revenue": 2372912,
            "common_shares": 2369044,
            "book_valuer_per_share": 33.73,
            "book_valuer_per_share_4q_avg": 31.49,
            "equity": 8107123,
            "current_ratio": 171.18,
            "debt_ratio": 33.3,
            "inventory_turnover_ratio": 1.93,
            "account_receivable_turnover_ratio": 3.13,
            "reinvestment_rate": 26.52,
            "research_to_sale_ratio": 2.05,
            "price_fair": 137.65,
            "eps_avg_yearly": 4.99,
            "eps_latest_yearly": 5.92,
            "eps_growth_yearly": 17.57
        },
        "20222": {
            "year_quarter": 20222,
            "year": 2022,
            "quarter": 2,
            "eps": 2.41,
            "eps_growth_year": 92.8,
            "eps_4q": 6.36,
            "eps_4q_growth_year": 64.69,
            "roe": 7.22,
            "roe_4q": 19.34,
            "gross_profit": 779699,
            "gross_margin": 24.05,
            "gross_margin_4q_avg": 21.12,
            "net_income": 558517,
            "revenue": 3242128,
            "common_shares": 2369044,
            "book_valuer_per_share": 30.5,
            "book_valuer_per_share_4q_avg": 31.67,
            "equity": 7366020,
            "current_ratio": 120.56,
            "debt_ratio": 36.34,
            "inventory_turnover_ratio": 2.7,
            "account_receivable_turnover_ratio": 3.7,
            "reinvestment_rate": 14.95,
            "research_to_sale_ratio": 1.99,
            "price_fair": 181.56,
            "eps_avg_yearly": 5.19,
            "eps_latest_yearly": 9.64,
            "eps_growth_yearly": 29.17
        },
        "20223": {
            "year_quarter": 20223,
            "year": 2022,
            "quarter": 3,
            "eps": 1.93,
            "eps_growth_year": 35.92,
            "eps_4q": 6.87,
            "eps_4q_growth_year": 49.79,
            "roe": 5.91,
            "roe_4q": 20.740000000000002,
            "gross_profit": 569415,
            "gross_margin": 21.83,
            "gross_margin_4q_avg": 21.31,
            "net_income": 448409,
            "revenue": 2608663,
            "common_shares": 2369044,
            "book_valuer_per_share": 32.35,
            "book_valuer_per_share_4q_avg": 32.06,
            "equity": 7816193,
            "current_ratio": 145.71,
            "debt_ratio": 34.84,
            "inventory_turnover_ratio": 2.17,
            "account_receivable_turnover_ratio": 3.16,
            "reinvestment_rate": 10.78,
            "research_to_sale_ratio": 2.34,
            "price_fair": 154.39,
            "eps_avg_yearly": 5.19,
            "eps_latest_yearly": 7.72,
            "eps_growth_yearly": 19.75
        },
        "20224": {
            "year_quarter": 20224,
            "year": 2022,
            "quarter": 4,
            "eps": 1.52,
            "eps_growth_year": 44.68,
            "eps_4q": 7.33,
            "eps_4q_growth_year": 55.03,
            "roe": 4.44,
            "roe_4q": 21.94,
            "gross_profit": 503208,
            "gross_margin": 22.5,
            "gross_margin_4q_avg": 22.51,
            "net_income": 352540,
            "revenue": 2236094,
            "common_shares": 2369044,
            "book_valuer_per_share": 34.44,
            "book_valuer_per_share_4q_avg": 32.76,
            "equity": 8075552,
            "current_ratio": 218.65,
            "debt_ratio": 27.95,
            "inventory_turnover_ratio": 1.71,
            "account_receivable_turnover_ratio": 3.26,
            "reinvestment_rate": 9.16,
            "research_to_sale_ratio": 2.14,
            "price_fair": 150.86,
            "eps_avg_yearly": 5.18,
            "eps_latest_yearly": 6.08,
            "eps_growth_yearly": 19.12
        },
        "20231": {
            "year_quarter": 20231,
            "year": 2023,
            "quarter": 1,
            "eps": 1.4,
            "eps_growth_year": -5.41,
            "eps_4q": 7.26,
            "eps_4q_growth_year": 39.68,
            "roe": 3.95,
            "roe_4q": 21.52,
            "gross_profit": 512929,
            "gross_margin": 22.58,
            "gross_margin_4q_avg": 22.74,
            "net_income": 326587,
            "revenue": 2271108,
            "common_shares": 2369044,
            "book_valuer_per_share": 36.17,
            "book_valuer_per_share_4q_avg": 33.37,
            "equity": 8477190,
            "current_ratio": 222.44,
            "debt_ratio": 23.8,
            "inventory_turnover_ratio": 1.63,
            "account_receivable_turnover_ratio": 3.64,
            "reinvestment_rate": 7.16,
            "research_to_sale_ratio": 2.75,
            "price_fair": 128.91,
            "eps_avg_yearly": 5.11,
            "eps_latest_yearly": 5.6,
            "eps_growth_yearly": 15.23
        },
        "20232": {
            "year_quarter": 20232,
            "year": 2023,
            "quarter": 2,
            "eps": 2.08,
            "eps_growth_year": -13.69,
            "eps_4q": 6.93,
            "eps_4q_growth_year": 9.04,
            "roe": 5.97,
            "roe_4q": 20.27,
            "gross_profit": 678316,
            "gross_margin": 29.57,
            "gross_margin_4q_avg": 24.12,
            "net_income": 481856,
            "revenue": 2293761,
            "common_shares": 2369044,
            "book_valuer_per_share": 32.96,
            "book_valuer_per_share_4q_avg": 33.98,
            "equity": 7652833,
            "current_ratio": 144.12,
            "debt_ratio": 28.07,
            "inventory_turnover_ratio": 1.49,
            "account_receivable_turnover_ratio": 3.83,
            "reinvestment_rate": -4.38,
            "research_to_sale_ratio": 2.96,
            "price_fair": 184.36,
            "eps_avg_yearly": 5.27,
            "eps_latest_yearly": 8.32,
            "eps_growth_yearly": 30.79
        }
    },
    "months": {
        "2001-06": {
            "month": "2001-06",
            "price": "30.40",
            "revenue": 235224
        },
        "2001-07": {
            "month": "2001-07",
            "price": "23.64",
            "revenue": 204251
        },
        "2001-08": {
            "month": "2001-08",
            "price": "24.55",
            "revenue": 194229
        },
        "2001-09": {
            "month": "2001-09",
            "price": "25.62",
            "revenue": 195010
        },
        "2001-10": {
            "month": "2001-10",
            "price": "25.03",
            "revenue": 217129
        },
        "2001-11": {
            "month": "2001-11",
            "price": "26.11",
            "revenue": 182018
        },
        "2001-12": {
            "month": "2001-12",
            "price": "28.28",
            "revenue": 157840
        },
        "2002-01": {
            "month": "2002-01",
            "price": "30.91",
            "revenue": 217093
        },
        "2002-02": {
            "month": "2002-02",
            "price": "30.61",
            "revenue": 179361
        },
        "2002-03": {
            "month": "2002-03",
            "price": "34.81",
            "revenue": 218958
        },
        "2002-04": {
            "month": "2002-04",
            "price": "35.84",
            "revenue": 213829
        },
        "2002-05": {
            "month": "2002-05",
            "price": "33.09",
            "revenue": 227779
        },
        "2002-06": {
            "month": "2002-06",
            "price": "34.41",
            "revenue": 210843
        },
        "2002-07": {
            "month": "2002-07",
            "price": "35.60",
            "revenue": 231820
        },
        "2002-08": {
            "month": "2002-08",
            "price": "33.17",
            "revenue": 226100
        },
        "2002-09": {
            "month": "2002-09",
            "price": "31.44",
            "revenue": 243737
        },
        "2002-10": {
            "month": "2002-10",
            "price": "31.11",
            "revenue": 268036
        },
        "2002-11": {
            "month": "2002-11",
            "price": "32.99",
            "revenue": 178179
        },
        "2002-12": {
            "month": "2002-12",
            "price": "34.29",
            "revenue": 287563
        },
        "2003-01": {
            "month": "2003-01",
            "price": "39.66",
            "revenue": 270441
        },
        "2003-02": {
            "month": "2003-02",
            "price": "38.66",
            "revenue": 254003
        },
        "2003-03": {
            "month": "2003-03",
            "price": "37.38",
            "revenue": 253600
        },
        "2003-04": {
            "month": "2003-04",
            "price": "37.32",
            "revenue": 259857
        },
        "2003-05": {
            "month": "2003-05",
            "price": "36.21",
            "revenue": 264607
        },
        "2003-06": {
            "month": "2003-06",
            "price": "38.91",
            "revenue": 282364
        },
        "2003-07": {
            "month": "2003-07",
            "price": "39.52",
            "revenue": 262237
        },
        "2003-08": {
            "month": "2003-08",
            "price": "40.20",
            "revenue": 248654
        },
        "2003-09": {
            "month": "2003-09",
            "price": "40.72",
            "revenue": 221020
        },
        "2003-10": {
            "month": "2003-10",
            "price": "41.79",
            "revenue": 207900
        },
        "2003-11": {
            "month": "2003-11",
            "price": "43.11",
            "revenue": 193262
        },
        "2003-12": {
            "month": "2003-12",
            "price": "42.85",
            "revenue": 242950
        },
        "2004-01": {
            "month": "2004-01",
            "price": "44.37",
            "revenue": 253007
        },
        "2004-02": {
            "month": "2004-02",
            "price": "44.40",
            "revenue": 328179
        },
        "2004-03": {
            "month": "2004-03",
            "price": "47.03",
            "revenue": 345966
        },
        "2004-04": {
            "month": "2004-04",
            "price": "47.83",
            "revenue": 356334
        },
        "2004-05": {
            "month": "2004-05",
            "price": "45.47",
            "revenue": 274595
        },
        "2004-06": {
            "month": "2004-06",
            "price": "44.55",
            "revenue": 288105
        },
        "2004-07": {
            "month": "2004-07",
            "price": "43.84",
            "revenue": 412381
        },
        "2004-08": {
            "month": "2004-08",
            "price": "44.84",
            "revenue": 391783
        },
        "2004-09": {
            "month": "2004-09",
            "price": "46.72",
            "revenue": 334430
        },
        "2004-10": {
            "month": "2004-10",
            "price": "49.32",
            "revenue": 356782
        },
        "2004-11": {
            "month": "2004-11",
            "price": "47.82",
            "revenue": 330788
        },
        "2004-12": {
            "month": "2004-12",
            "price": "48.65",
            "revenue": 297282
        },
        "2005-01": {
            "month": "2005-01",
            "price": "50.17",
            "revenue": 340768
        },
        "2005-02": {
            "month": "2005-02",
            "price": "50.50",
            "revenue": 342482
        },
        "2005-03": {
            "month": "2005-03",
            "price": "51.65",
            "revenue": 380026
        },
        "2005-04": {
            "month": "2005-04",
            "price": "50.32",
            "revenue": 334557
        },
        "2005-05": {
            "month": "2005-05",
            "price": "48.09",
            "revenue": 317596
        },
        "2005-06": {
            "month": "2005-06",
            "price": "49.21",
            "revenue": 324669
        },
        "2005-07": {
            "month": "2005-07",
            "price": "48.68",
            "revenue": 316317
        },
        "2005-08": {
            "month": "2005-08",
            "price": "47.18",
            "revenue": 386040
        },
        "2005-09": {
            "month": "2005-09",
            "price": "47.07",
            "revenue": 409629
        },
        "2005-10": {
            "month": "2005-10",
            "price": "46.25",
            "revenue": 268525
        },
        "2005-11": {
            "month": "2005-11",
            "price": "44.14",
            "revenue": 344569
        },
        "2005-12": {
            "month": "2005-12",
            "price": "41.89",
            "revenue": 295388
        },
        "2006-01": {
            "month": "2006-01",
            "price": "42.75",
            "revenue": 342069
        },
        "2006-02": {
            "month": "2006-02",
            "price": "44.13",
            "revenue": 326052
        },
        "2006-03": {
            "month": "2006-03",
            "price": "44.32",
            "revenue": 332217
        },
        "2006-04": {
            "month": "2006-04",
            "price": "46.66",
            "revenue": 384455
        },
        "2006-05": {
            "month": "2006-05",
            "price": "48.87",
            "revenue": 407238
        },
        "2006-06": {
            "month": "2006-06",
            "price": "48.63",
            "revenue": 372470
        },
        "2006-07": {
            "month": "2006-07",
            "price": "49.52",
            "revenue": 441171
        },
        "2006-08": {
            "month": "2006-08",
            "price": "46.73",
            "revenue": 359339
        },
        "2006-09": {
            "month": "2006-09",
            "price": "47.22",
            "revenue": 355773
        },
        "2006-10": {
            "month": "2006-10",
            "price": "48.48",
            "revenue": 360558
        },
        "2006-11": {
            "month": "2006-11",
            "price": "50.10",
            "revenue": 273321
        },
        "2006-12": {
            "month": "2006-12",
            "price": "51.27",
            "revenue": 336998
        },
        "2007-01": {
            "month": "2007-01",
            "price": "54.92",
            "revenue": 450447
        },
        "2007-02": {
            "month": "2007-02",
            "price": "56.82",
            "revenue": 314680
        },
        "2007-03": {
            "month": "2007-03",
            "price": "58.20",
            "revenue": 447763
        },
        "2007-04": {
            "month": "2007-04",
            "price": "66.62",
            "revenue": 375737
        },
        "2007-05": {
            "month": "2007-05",
            "price": "68.46",
            "revenue": 437578
        },
        "2007-06": {
            "month": "2007-06",
            "price": "69.00",
            "revenue": 417687
        },
        "2007-07": {
            "month": "2007-07",
            "price": "79.70",
            "revenue": 434971
        },
        "2007-08": {
            "month": "2007-08",
            "price": "74.74",
            "revenue": 498699
        },
        "2007-09": {
            "month": "2007-09",
            "price": "79.98",
            "revenue": 458619
        },
        "2007-10": {
            "month": "2007-10",
            "price": "89.21",
            "revenue": 408277
        },
        "2007-11": {
            "month": "2007-11",
            "price": "82.16",
            "revenue": 373098
        },
        "2007-12": {
            "month": "2007-12",
            "price": "77.17",
            "revenue": 446389
        },
        "2008-01": {
            "month": "2008-01",
            "price": "77.85",
            "revenue": 538365
        },
        "2008-02": {
            "month": "2008-02",
            "price": "76.90",
            "revenue": 518846
        },
        "2008-03": {
            "month": "2008-03",
            "price": "82.30",
            "revenue": 461036
        },
        "2008-04": {
            "month": "2008-04",
            "price": "83.83",
            "revenue": 562329
        },
        "2008-05": {
            "month": "2008-05",
            "price": "84.24",
            "revenue": 759130
        },
        "2008-06": {
            "month": "2008-06",
            "price": "89.36",
            "revenue": 694845
        },
        "2008-07": {
            "month": "2008-07",
            "price": "88.77",
            "revenue": 700791
        },
        "2008-08": {
            "month": "2008-08",
            "price": "73.88",
            "revenue": 837802
        },
        "2008-09": {
            "month": "2008-09",
            "price": "66.14",
            "revenue": 843027
        },
        "2008-10": {
            "month": "2008-10",
            "price": "55.31",
            "revenue": 792912
        },
        "2008-11": {
            "month": "2008-11",
            "price": "50.56",
            "revenue": 466926
        },
        "2008-12": {
            "month": "2008-12",
            "price": "49.26",
            "revenue": 365024
        },
        "2009-01": {
            "month": "2009-01",
            "price": "50.86",
            "revenue": 252217
        },
        "2009-02": {
            "month": "2009-02",
            "price": "53.24",
            "revenue": 286017
        },
        "2009-03": {
            "month": "2009-03",
            "price": "54.90",
            "revenue": 405800
        },
        "2009-04": {
            "month": "2009-04",
            "price": "60.44",
            "revenue": 382553
        },
        "2009-05": {
            "month": "2009-05",
            "price": "61.69",
            "revenue": 335226
        },
        "2009-06": {
            "month": "2009-06",
            "price": "63.76",
            "revenue": 353134
        },
        "2009-07": {
            "month": "2009-07",
            "price": "63.77",
            "revenue": 421726
        },
        "2009-08": {
            "month": "2009-08",
            "price": "69.17",
            "revenue": 437632
        },
        "2009-09": {
            "month": "2009-09",
            "price": "78.60",
            "revenue": 493703
        },
        "2009-10": {
            "month": "2009-10",
            "price": "86.76",
            "revenue": 460443
        },
        "2009-11": {
            "month": "2009-11",
            "price": "83.92",
            "revenue": 476009
        },
        "2009-12": {
            "month": "2009-12",
            "price": "85.25",
            "revenue": 569615
        },
        "2010-01": {
            "month": "2010-01",
            "price": "84.76",
            "revenue": 581449
        },
        "2010-02": {
            "month": "2010-02",
            "price": "83.62",
            "revenue": 439755
        },
        "2010-03": {
            "month": "2010-03",
            "price": "87.82",
            "revenue": 648702
        },
        "2010-04": {
            "month": "2010-04",
            "price": "92.21",
            "revenue": 702718
        },
        "2010-05": {
            "month": "2010-05",
            "price": "94.68",
            "revenue": 651112
        },
        "2010-06": {
            "month": "2010-06",
            "price": "93.97",
            "revenue": 707493
        },
        "2010-07": {
            "month": "2010-07",
            "price": "94.91",
            "revenue": 734914
        },
        "2010-08": {
            "month": "2010-08",
            "price": "101.81",
            "revenue": 574871
        },
        "2010-09": {
            "month": "2010-09",
            "price": "105.24",
            "revenue": 754437
        },
        "2010-10": {
            "month": "2010-10",
            "price": "113.33",
            "revenue": 735669
        },
        "2010-11": {
            "month": "2010-11",
            "price": "113.02",
            "revenue": 653341
        },
        "2010-12": {
            "month": "2010-12",
            "price": "120.41",
            "revenue": 854907
        },
        "2011-01": {
            "month": "2011-01",
            "price": "120.35",
            "revenue": 821409
        },
        "2011-02": {
            "month": "2011-02",
            "price": "125.21",
            "revenue": 764862
        },
        "2011-03": {
            "month": "2011-03",
            "price": "143.39",
            "revenue": 872295
        },
        "2011-04": {
            "month": "2011-04",
            "price": "161.34",
            "revenue": 729185
        },
        "2011-05": {
            "month": "2011-05",
            "price": "166.60",
            "revenue": 785406
        },
        "2011-06": {
            "month": "2011-06",
            "price": "154.45",
            "revenue": 663321
        },
        "2011-07": {
            "month": "2011-07",
            "price": "163.67",
            "revenue": 730115
        },
        "2011-08": {
            "month": "2011-08",
            "price": "154.02",
            "revenue": 758207
        },
        "2011-09": {
            "month": "2011-09",
            "price": "132.26",
            "revenue": 722070
        },
        "2011-10": {
            "month": "2011-10",
            "price": "134.25",
            "revenue": 810160
        },
        "2011-11": {
            "month": "2011-11",
            "price": "132.64",
            "revenue": 530120
        },
        "2011-12": {
            "month": "2011-12",
            "price": "114.00",
            "revenue": 728733
        },
        "2012-01": {
            "month": "2012-01",
            "price": "120.97",
            "revenue": 689063
        },
        "2012-02": {
            "month": "2012-02",
            "price": "135.38",
            "revenue": 778157
        },
        "2012-03": {
            "month": "2012-03",
            "price": "137.72",
            "revenue": 809040
        },
        "2012-04": {
            "month": "2012-04",
            "price": "136.95",
            "revenue": 656437
        },
        "2012-05": {
            "month": "2012-05",
            "price": "134.57",
            "revenue": 825011
        },
        "2012-06": {
            "month": "2012-06",
            "price": "134.26",
            "revenue": 697026
        },
        "2012-07": {
            "month": "2012-07",
            "price": "134.57",
            "revenue": 651619
        },
        "2012-08": {
            "month": "2012-08",
            "price": "127.27",
            "revenue": 706591
        },
        "2012-09": {
            "month": "2012-09",
            "price": "127.08",
            "revenue": 707333
        },
        "2012-10": {
            "month": "2012-10",
            "price": "127.75",
            "revenue": 585613
        },
        "2012-11": {
            "month": "2012-11",
            "price": "127.32",
            "revenue": 546679
        },
        "2012-12": {
            "month": "2012-12",
            "price": "129.17",
            "revenue": 603975
        },
        "2013-01": {
            "month": "2013-01",
            "price": "136.50",
            "revenue": 708413
        },
        "2013-02": {
            "month": "2013-02",
            "price": "142.96",
            "revenue": 565580
        },
        "2013-03": {
            "month": "2013-03",
            "price": "144.83",
            "revenue": 803169
        },
        "2013-04": {
            "month": "2013-04",
            "price": "145.60",
            "revenue": 732914
        },
        "2013-05": {
            "month": "2013-05",
            "price": "150.07",
            "revenue": 820817
        },
        "2013-06": {
            "month": "2013-06",
            "price": "150.79",
            "revenue": 847488
        },
        "2013-07": {
            "month": "2013-07",
            "price": "159.28",
            "revenue": 726776
        },
        "2013-08": {
            "month": "2013-08",
            "price": "170.00",
            "revenue": 837281
        },
        "2013-09": {
            "month": "2013-09",
            "price": "171.25",
            "revenue": 751399
        },
        "2013-10": {
            "month": "2013-10",
            "price": "175.45",
            "revenue": 772277
        },
        "2013-11": {
            "month": "2013-11",
            "price": "170.52",
            "revenue": 487381
        },
        "2013-12": {
            "month": "2013-12",
            "price": "164.18",
            "revenue": 765499
        },
        "2014-01": {
            "month": "2014-01",
            "price": "167.06",
            "revenue": 863026
        },
        "2014-02": {
            "month": "2014-02",
            "price": "171.62",
            "revenue": 741066
        },
        "2014-03": {
            "month": "2014-03",
            "price": "176.21",
            "revenue": 786704
        },
        "2014-04": {
            "month": "2014-04",
            "price": "175.26",
            "revenue": 884649
        },
        "2014-05": {
            "month": "2014-05",
            "price": "177.93",
            "revenue": 792968
        },
        "2014-06": {
            "month": "2014-06",
            "price": "189.52",
            "revenue": 723749
        },
        "2014-07": {
            "month": "2014-07",
            "price": "191.55",
            "revenue": 853224
        },
        "2014-08": {
            "month": "2014-08",
            "price": "186.14",
            "revenue": 741670
        },
        "2014-09": {
            "month": "2014-09",
            "price": "181.64",
            "revenue": 706794
        },
        "2014-10": {
            "month": "2014-10",
            "price": "166.70",
            "revenue": 717381
        },
        "2014-11": {
            "month": "2014-11",
            "price": "157.40",
            "revenue": 553649
        },
        "2014-12": {
            "month": "2014-12",
            "price": "153.21",
            "revenue": 539091
        },
        "2015-01": {
            "month": "2015-01",
            "price": "153.90",
            "revenue": 522952
        },
        "2015-02": {
            "month": "2015-02",
            "price": "149.96",
            "revenue": 483543
        },
        "2015-03": {
            "month": "2015-03",
            "price": "148.36",
            "revenue": 580212
        },
        "2015-04": {
            "month": "2015-04",
            "price": "148.52",
            "revenue": 561067
        },
        "2015-05": {
            "month": "2015-05",
            "price": "148.18",
            "revenue": 489683
        },
        "2015-06": {
            "month": "2015-06",
            "price": "140.98",
            "revenue": 541038
        },
        "2015-07": {
            "month": "2015-07",
            "price": "128.84",
            "revenue": 485647
        },
        "2015-08": {
            "month": "2015-08",
            "price": "104.80",
            "revenue": 474265
        },
        "2015-09": {
            "month": "2015-09",
            "price": "103.49",
            "revenue": 434130
        },
        "2015-10": {
            "month": "2015-10",
            "price": "116.21",
            "revenue": 472108
        },
        "2015-11": {
            "month": "2015-11",
            "price": "117.21",
            "revenue": 313467
        },
        "2015-12": {
            "month": "2015-12",
            "price": "107.35",
            "revenue": 379087
        },
        "2016-01": {
            "month": "2016-01",
            "price": "105.48",
            "revenue": 412419
        },
        "2016-02": {
            "month": "2016-02",
            "price": "113.85",
            "revenue": 394262
        },
        "2016-03": {
            "month": "2016-03",
            "price": "115.91",
            "revenue": 419290
        },
        "2016-04": {
            "month": "2016-04",
            "price": "111.55",
            "revenue": 404258
        },
        "2016-05": {
            "month": "2016-05",
            "price": "106.45",
            "revenue": 426617
        },
        "2016-06": {
            "month": "2016-06",
            "price": "106.50",
            "revenue": 509856
        },
        "2016-07": {
            "month": "2016-07",
            "price": "105.58",
            "revenue": 469737
        },
        "2016-08": {
            "month": "2016-08",
            "price": "101.80",
            "revenue": 437669
        },
        "2016-09": {
            "month": "2016-09",
            "price": "104.08",
            "revenue": 402458
        },
        "2016-10": {
            "month": "2016-10",
            "price": "109.50",
            "revenue": 452017
        },
        "2016-11": {
            "month": "2016-11",
            "price": "108.11",
            "revenue": 348969
        },
        "2016-12": {
            "month": "2016-12",
            "price": "117.98",
            "revenue": 465890
        },
        "2017-01": {
            "month": "2017-01",
            "price": "121.34",
            "revenue": 582273
        },
        "2017-02": {
            "month": "2017-02",
            "price": "128.28",
            "revenue": 488621
        },
        "2017-03": {
            "month": "2017-03",
            "price": "122.67",
            "revenue": 616352
        },
        "2017-04": {
            "month": "2017-04",
            "price": "118.39",
            "revenue": 534801
        },
        "2017-05": {
            "month": "2017-05",
            "price": "116.10",
            "revenue": 496725
        },
        "2017-06": {
            "month": "2017-06",
            "price": "119.65",
            "revenue": 482917
        },
        "2017-07": {
            "month": "2017-07",
            "price": "115.83",
            "revenue": 519021
        },
        "2017-08": {
            "month": "2017-08",
            "price": "114.93",
            "revenue": 502623
        },
        "2017-09": {
            "month": "2017-09",
            "price": "117.70",
            "revenue": 541798
        },
        "2017-10": {
            "month": "2017-10",
            "price": "124.08",
            "revenue": 504040
        },
        "2017-11": {
            "month": "2017-11",
            "price": "123.16",
            "revenue": 368596
        },
        "2017-12": {
            "month": "2017-12",
            "price": "123.67",
            "revenue": 604500
        },
        "2018-01": {
            "month": "2018-01",
            "price": "132.82",
            "revenue": 708454
        },
        "2018-02": {
            "month": "2018-02",
            "price": "142.23",
            "revenue": 583994
        },
        "2018-03": {
            "month": "2018-03",
            "price": "153.28",
            "revenue": 720069
        },
        "2018-04": {
            "month": "2018-04",
            "price": "155.75",
            "revenue": 675634
        },
        "2018-05": {
            "month": "2018-05",
            "price": "157.41",
            "revenue": 678831
        },
        "2018-06": {
            "month": "2018-06",
            "price": "149.95",
            "revenue": 664972
        },
        "2018-07": {
            "month": "2018-07",
            "price": "147.25",
            "revenue": 743662
        },
        "2018-08": {
            "month": "2018-08",
            "price": "143.61",
            "revenue": 779066
        },
        "2018-09": {
            "month": "2018-09",
            "price": "143.50",
            "revenue": 793703
        },
        "2018-10": {
            "month": "2018-10",
            "price": "134.27",
            "revenue": 754445
        },
        "2018-11": {
            "month": "2018-11",
            "price": "127.61",
            "revenue": 768359
        },
        "2018-12": {
            "month": "2018-12",
            "price": "135.12",
            "revenue": 688781
        },
        "2019-01": {
            "month": "2019-01",
            "price": "135.02",
            "revenue": 689967
        },
        "2019-02": {
            "month": "2019-02",
            "price": "136.92",
            "revenue": 584475
        },
        "2019-03": {
            "month": "2019-03",
            "price": "135.18",
            "revenue": 744685
        },
        "2019-04": {
            "month": "2019-04",
            "price": "135.52",
            "revenue": 631257
        },
        "2019-05": {
            "month": "2019-05",
            "price": "131.86",
            "revenue": 648487
        },
        "2019-06": {
            "month": "2019-06",
            "price": "133.16",
            "revenue": 586009
        },
        "2019-07": {
            "month": "2019-07",
            "price": "130.74",
            "revenue": 758858
        },
        "2019-08": {
            "month": "2019-08",
            "price": "126.40",
            "revenue": 712468
        },
        "2019-09": {
            "month": "2019-09",
            "price": "126.61",
            "revenue": 687702
        },
        "2019-10": {
            "month": "2019-10",
            "price": "125.95",
            "revenue": 607351
        },
        "2019-11": {
            "month": "2019-11",
            "price": "124.40",
            "revenue": 377379
        },
        "2019-12": {
            "month": "2019-12",
            "price": "122.09",
            "revenue": 513243
        },
        "2020-01": {
            "month": "2020-01",
            "price": "123.40",
            "revenue": 554160
        },
        "2020-02": {
            "month": "2020-02",
            "price": "118.11",
            "revenue": 518292
        },
        "2020-03": {
            "month": "2020-03",
            "price": "101.96",
            "revenue": 526725
        },
        "2020-04": {
            "month": "2020-04",
            "price": "97.84",
            "revenue": 332281
        },
        "2020-05": {
            "month": "2020-05",
            "price": "101.40",
            "revenue": 394598
        },
        "2020-06": {
            "month": "2020-06",
            "price": "105.42",
            "revenue": 422791
        },
        "2020-07": {
            "month": "2020-07",
            "price": "102.68",
            "revenue": 335847
        },
        "2020-08": {
            "month": "2020-08",
            "price": "94.40",
            "revenue": 432718
        },
        "2020-09": {
            "month": "2020-09",
            "price": "92.61",
            "revenue": 393207
        },
        "2020-10": {
            "month": "2020-10",
            "price": "92.97",
            "revenue": 452816
        },
        "2020-11": {
            "month": "2020-11",
            "price": "96.64",
            "revenue": 496347
        },
        "2020-12": {
            "month": "2020-12",
            "price": "104.00",
            "revenue": 503615
        },
        "2021-01": {
            "month": "2021-01",
            "price": "104.70",
            "revenue": 456534
        },
        "2021-02": {
            "month": "2021-02",
            "price": "103.50",
            "revenue": 505420
        },
        "2021-03": {
            "month": "2021-03",
            "price": "107.64",
            "revenue": 706902
        },
        "2021-04": {
            "month": "2021-04",
            "price": "115.16",
            "revenue": 649410
        },
        "2021-05": {
            "month": "2021-05",
            "price": "109.93",
            "revenue": 642982
        },
        "2021-06": {
            "month": "2021-06",
            "price": "110.38",
            "revenue": 659493
        },
        "2021-07": {
            "month": "2021-07",
            "price": "113.84",
            "revenue": 749190
        },
        "2021-08": {
            "month": "2021-08",
            "price": "108.73",
            "revenue": 751480
        },
        "2021-09": {
            "month": "2021-09",
            "price": "110.05",
            "revenue": 795130
        },
        "2021-10": {
            "month": "2021-10",
            "price": "118.62",
            "revenue": 655718
        },
        "2021-11": {
            "month": "2021-11",
            "price": "116.77",
            "revenue": 711800
        },
        "2021-12": {
            "month": "2021-12",
            "price": "115.95",
            "revenue": 698785
        },
        "2022-01": {
            "month": "2022-01",
            "price": "115.86",
            "revenue": 830092
        },
        "2022-02": {
            "month": "2022-02",
            "price": "118.40",
            "revenue": 656535
        },
        "2022-03": {
            "month": "2022-03",
            "price": "118.48",
            "revenue": 885939
        },
        "2022-04": {
            "month": "2022-04",
            "price": "114.32",
            "revenue": 1258776
        },
        "2022-05": {
            "month": "2022-05",
            "price": "122.00",
            "revenue": 916336
        },
        "2022-06": {
            "month": "2022-06",
            "price": "121.81",
            "revenue": 1067016
        },
        "2022-07": {
            "month": "2022-07",
            "price": "115.07",
            "revenue": 964882
        },
        "2022-08": {
            "month": "2022-08",
            "price": "115.83",
            "revenue": 865016
        },
        "2022-09": {
            "month": "2022-09",
            "price": "112.10",
            "revenue": 778765
        },
        "2022-10": {
            "month": "2022-10",
            "price": "103.20",
            "revenue": 977671
        },
        "2022-11": {
            "month": "2022-11",
            "price": "106.48",
            "revenue": 527891
        },
        "2022-12": {
            "month": "2022-12",
            "price": "106.59",
            "revenue": 730532
        },
        "2023-01": {
            "month": "2023-01",
            "price": "106.35",
            "revenue": 672027
        },
        "2023-02": {
            "month": "2023-02",
            "price": "110.58",
            "revenue": 839791
        },
        "2023-03": {
            "month": "2023-03",
            "price": "113.04",
            "revenue": 759290
        },
        "2023-04": {
            "month": "2023-04",
            "price": "114.32",
            "revenue": 971662
        },
        "2023-05": {
            "month": "2023-05",
            "price": "113.50",
            "revenue": 584378
        },
        "2023-06": {
            "month": "2023-06",
            "price": "115.80",
            "revenue": 737721
        },
        "2023-07": {
            "month": "2023-07",
            "price": "110.93",
            "revenue": 642568
        },
        "2023-08": {
            "month": "2023-08",
            "price": "110.16",
            "revenue": 666121
        }
    }
}
