{
    "summary": {
        "stock_name": "台硝",
        "stock_id": "1724",
        "category": "化工",
        "main_business": "化工產品:硝化纖維素電子化學品試藥顏料",
        "website_url": "http://www.tnc.com.tw",
        "ceo": "林耿步",
        "pe_ratio": 0,
        "report_year_from": 2001,
        "report_year_to": 2021,
        "age": 23,
        "eps_negative_percentage": 10,
        "eps_growth_avg": {
            "last_all": -16.76,
            "last_2y": -64.13,
            "last_4y": -46.97,
            "last_8y": -24.33,
            "last_12y": -15.3,
            "last_16y": -12.92,
            "last_20y": null,
            "at_2006_last_3y": -57.72,
            "at_2007_last_3y": -30.04,
            "at_2008_last_3y": -2.63,
            "at_2009_last_3y": -20.56,
            "at_2010_last_3y": -0.47,
            "at_2011_last_3y": 13.82,
            "at_2012_last_3y": 5.02,
            "at_2013_last_3y": 2.6,
            "at_2014_last_3y": -5.67,
            "at_2015_last_3y": -5.67,
            "at_2016_last_3y": 3.98,
            "at_2017_last_3y": 12.22,
            "at_2018_last_3y": 10.79,
            "at_2019_last_3y": -20.79,
            "at_2020_last_3y": -33.72,
            "at_2021_last_3y": -45.95,
            "at_2022_last_3y": -45.95,
            "at_2023_last_3y": -45.95,
            "at_2024_last_3y": -45.95,
            "at_2006_last_all": -36.14,
            "at_2007_last_all": -20.34,
            "at_2008_last_all": -19.92,
            "at_2009_last_all": -27.69,
            "at_2010_last_all": -18.31,
            "at_2011_last_all": -5.16,
            "at_2012_last_all": -9.94,
            "at_2013_last_all": -16.67,
            "at_2014_last_all": -14.09,
            "at_2015_last_all": -5.32,
            "at_2016_last_all": -5.96,
            "at_2017_last_all": -8.97,
            "at_2018_last_all": -7.87,
            "at_2019_last_all": -8.96,
            "at_2020_last_all": -12.13,
            "at_2021_last_all": -16.76,
            "at_2022_last_all": -16.76,
            "at_2023_last_all": -16.76,
            "at_2024_last_all": -16.76
        },
        "latest_eps": -0,
        "latest_price": 15.6,
        "latest_roe": -0.02,
        "latest_gross_margin": 15.92,
        "latest_equity": 1944519,
        "latest_revenue": 538967,
        "latest_gross_profit": 85830,
        "latest_net_income": 32154,
        "latest_debt_ratio": 37.25,
        "latest_current_ratio": 136.07,
        "latest_account_receivable_turnover_ratio": 1.24,
        "latest_inventory_turnover_ratio": 2.49,
        "latest_reinvestment_rate": -46.76,
        "latest_research_to_sale_ratio": 0.14
    },
    "eps_dividends": {
        "1993": {
            "cash": 1,
            "stock": 1,
            "eps": 0
        },
        "1994": {
            "cash": 1,
            "stock": 0.5,
            "eps": 0
        },
        "1995": {
            "cash": 0,
            "stock": 2,
            "eps": 0
        },
        "1996": {
            "cash": 0,
            "stock": 2,
            "eps": 0
        },
        "1998": {
            "cash": 0,
            "stock": 2,
            "eps": 0
        },
        "2001": {
            "cash": 0,
            "stock": 0,
            "eps": 0.91
        },
        "2002": {
            "cash": 0,
            "stock": 0,
            "eps": 1.17
        },
        "2003": {
            "cash": 0.08,
            "stock": 0.72,
            "eps": 0.7
        },
        "2004": {
            "cash": 0.6,
            "stock": 0,
            "eps": -2.73
        },
        "2005": {
            "cash": 0,
            "stock": 0,
            "eps": 0.94
        },
        "2006": {
            "cash": 0.88,
            "stock": 0,
            "eps": 0.63
        },
        "2007": {
            "cash": 0.86,
            "stock": 0,
            "eps": 0.9
        },
        "2008": {
            "cash": 0.73,
            "stock": 0,
            "eps": 0.74
        },
        "2009": {
            "cash": 0.66,
            "stock": 0.01,
            "eps": 0.19
        },
        "2010": {
            "cash": 0.19,
            "stock": 0,
            "eps": 0.28
        },
        "2011": {
            "cash": 2.25,
            "stock": 0,
            "eps": 3.72
        },
        "2012": {
            "cash": 0,
            "stock": 0,
            "eps": 1.75
        },
        "2013": {
            "cash": 1,
            "stock": 0,
            "eps": 0.28
        },
        "2014": {
            "cash": 0.2,
            "stock": 0,
            "eps": 0.32
        },
        "2015": {
            "cash": 0.2,
            "stock": 0,
            "eps": 1.67
        },
        "2016": {
            "cash": 1,
            "stock": 0,
            "eps": 1.43
        },
        "2017": {
            "cash": 1,
            "stock": 0,
            "eps": 0.7
        },
        "2018": {
            "cash": 0.6,
            "stock": 0,
            "eps": 0.76
        },
        "2019": {
            "cash": 0.5,
            "stock": 0,
            "eps": 0.56
        },
        "2020": {
            "cash": 0.5,
            "stock": 0,
            "eps": 0.19
        },
        "2021": {
            "cash": 0.25,
            "stock": 0,
            "eps": -0.02
        }
    },
    "dividends": {
        "1993-03-20": {
            "cash": 1,
            "stock": 1
        },
        "1994-04-30": {
            "cash": 1,
            "stock": 0.5
        },
        "1995-04-18": {
            "cash": 0,
            "stock": 2
        },
        "1996-04-27": {
            "cash": 0,
            "stock": 2
        },
        "1998-04-18": {
            "cash": 0,
            "stock": 2
        },
        "2003-03-27": {
            "cash": 0.08,
            "stock": 0.72
        },
        "2004-03-22": {
            "cash": 0.6,
            "stock": 0
        },
        "2006-04-28": {
            "cash": 0.88,
            "stock": 0
        },
        "2007-04-02": {
            "cash": 0.86,
            "stock": 0
        },
        "2008-04-28": {
            "cash": 0.73,
            "stock": 0
        },
        "2009-04-24": {
            "cash": 0.66,
            "stock": 0.01
        },
        "2010-04-29": {
            "cash": 0.19,
            "stock": 0
        },
        "2011-01-01": {
            "cash": 2,
            "stock": 0
        },
        "2011-04-28": {
            "cash": 0.25,
            "stock": 0
        },
        "2013-03-21": {
            "cash": 1,
            "stock": 0
        },
        "2014-09-18": {
            "cash": 0.2,
            "stock": 0
        },
        "2015-09-18": {
            "cash": 0.2,
            "stock": 0
        },
        "2016-08-18": {
            "cash": 1,
            "stock": 0
        },
        "2017-08-17": {
            "cash": 1,
            "stock": 0
        },
        "2018-08-15": {
            "cash": 0.6,
            "stock": 0
        },
        "2019-08-27": {
            "cash": 0.5,
            "stock": 0
        },
        "2020-07-29": {
            "cash": 0.5,
            "stock": 0
        },
        "2021-10-26": {
            "cash": 0.25,
            "stock": 0
        }
    },
    "prices": {
        "200101": "5.58",
        "200102": "6.77",
        "200103": "6.84",
        "200104": "6.52",
        "200105": "6.00",
        "200106": "5.78",
        "200107": "5.11",
        "200108": "4.90",
        "200109": "4.82",
        "200110": "4.19",
        "200111": "4.59",
        "200112": "6.98",
        "200201": "10.71",
        "200202": "12.80",
        "200203": "11.98",
        "200204": "11.67",
        "200205": "11.56",
        "200206": "11.56",
        "200207": "10.75",
        "200208": "10.61",
        "200209": "10.09",
        "200210": "10.57",
        "200211": "11.72",
        "200212": "11.43",
        "200301": "13.11",
        "200302": "11.39",
        "200303": "10.52",
        "200304": "10.35",
        "200305": "9.45",
        "200306": "10.13",
        "200307": "9.95",
        "200308": "9.47",
        "200309": "9.10",
        "200310": "9.28",
        "200311": "9.52",
        "200312": "9.55",
        "200401": "9.86",
        "200402": "12.00",
        "200403": "12.09",
        "200404": "11.06",
        "200405": "9.69",
        "200406": "9.34",
        "200407": "8.90",
        "200408": "8.09",
        "200409": "8.15",
        "200410": "7.75",
        "200411": "7.66",
        "200412": "7.70",
        "200501": "7.60",
        "200502": "7.00",
        "200503": "6.74",
        "200504": "6.20",
        "200505": "5.97",
        "200506": "5.97",
        "200507": "6.27",
        "200508": "6.68",
        "200509": "7.56",
        "200510": "7.92",
        "200511": "8.09",
        "200512": "12.45",
        "200601": "13.06",
        "200602": "11.46",
        "200603": "11.73",
        "200604": "12.09",
        "200605": "13.74",
        "200606": "15.28",
        "200607": "14.24",
        "200608": "14.06",
        "200609": "16.30",
        "200610": "16.83",
        "200611": "16.09",
        "200612": "15.59",
        "200701": "15.06",
        "200702": "15.10",
        "200703": "14.59",
        "200704": "14.86",
        "200705": "14.97",
        "200706": "15.16",
        "200707": "16.11",
        "200708": "14.40",
        "200709": "14.07",
        "200710": "14.08",
        "200711": "13.52",
        "200712": "13.21",
        "200801": "12.45",
        "200802": "12.05",
        "200803": "13.48",
        "200804": "15.53",
        "200805": "17.36",
        "200806": "14.16",
        "200807": "12.80",
        "200808": "12.40",
        "200809": "9.96",
        "200810": "8.84",
        "200811": "7.46",
        "200812": "6.91",
        "200901": "6.72",
        "200902": "6.60",
        "200903": "7.37",
        "200904": "9.39",
        "200905": "9.82",
        "200906": "9.83",
        "200907": "10.04",
        "200908": "10.58",
        "200909": "10.40",
        "200910": "10.41",
        "200911": "10.53",
        "200912": "11.63",
        "201001": "12.47",
        "201002": "11.38",
        "201003": "12.05",
        "201004": "13.38",
        "201005": "12.42",
        "201006": "11.82",
        "201007": "12.30",
        "201008": "13.80",
        "201009": "13.89",
        "201010": "14.08",
        "201011": "13.92",
        "201012": "13.77",
        "201101": "14.02",
        "201102": "14.20",
        "201103": "14.20",
        "201104": "18.07",
        "201105": "23.80",
        "201106": "27.25",
        "201107": "32.66",
        "201108": "31.23",
        "201109": "29.19",
        "201110": "26.94",
        "201111": "29.26",
        "201112": "24.04",
        "201201": "24.22",
        "201202": "28.53",
        "201203": "28.94",
        "201204": "25.95",
        "201205": "23.72",
        "201206": "22.87",
        "201207": "23.14",
        "201208": "25.29",
        "201209": "22.48",
        "201210": "21.14",
        "201211": "21.18",
        "201212": "21.60",
        "201301": "21.41",
        "201302": "21.97",
        "201303": "21.44",
        "201304": "18.95",
        "201305": "19.00",
        "201306": "18.50",
        "201307": "19.50",
        "201308": "17.43",
        "201309": "16.55",
        "201310": "16.77",
        "201311": "15.40",
        "201312": "14.91",
        "201401": "16.00",
        "201402": "16.74",
        "201403": "16.36",
        "201404": "18.31",
        "201405": "16.92",
        "201406": "17.40",
        "201407": "16.80",
        "201408": "15.72",
        "201409": "15.36",
        "201410": "15.30",
        "201411": "14.98",
        "201412": "16.94",
        "201501": "16.80",
        "201502": "16.51",
        "201503": "16.49",
        "201504": "16.90",
        "201505": "16.68",
        "201506": "14.56",
        "201507": "14.65",
        "201508": "12.89",
        "201509": "12.90",
        "201510": "14.30",
        "201511": "15.48",
        "201512": "15.40",
        "201601": "14.18",
        "201602": "14.82",
        "201603": "16.30",
        "201604": "17.22",
        "201605": "16.48",
        "201606": "16.77",
        "201607": "17.20",
        "201608": "16.17",
        "201609": "16.36",
        "201610": "16.08",
        "201611": "16.42",
        "201612": "16.66",
        "201701": "16.48",
        "201702": "16.78",
        "201703": "17.69",
        "201704": "17.06",
        "201705": "16.22",
        "201706": "16.04",
        "201707": "15.79",
        "201708": "14.55",
        "201709": "14.35",
        "201710": "14.25",
        "201711": "14.20",
        "201712": "14.09",
        "201801": "14.54",
        "201802": "14.22",
        "201803": "14.10",
        "201804": "14.05",
        "201805": "14.11",
        "201806": "14.02",
        "201807": "13.75",
        "201808": "13.57",
        "201809": "13.53",
        "201810": "13.17",
        "201811": "12.99",
        "201812": "12.95",
        "201901": "13.06",
        "201902": "13.29",
        "201903": "13.32",
        "201904": "13.27",
        "201905": "13.26",
        "201906": "13.22",
        "201907": "13.48",
        "201908": "13.08",
        "201909": "12.98",
        "201910": "12.81",
        "201911": "12.78",
        "201912": "12.98",
        "202001": "13.15",
        "202002": "12.87",
        "202003": "11.32",
        "202004": "11.18",
        "202005": "12.14",
        "202006": "12.42",
        "202007": "12.88",
        "202008": "12.56",
        "202009": "12.82",
        "202010": "12.87",
        "202011": "12.75",
        "202012": "12.93",
        "202101": "12.90",
        "202102": "12.48",
        "202103": "12.72",
        "202104": "15.76",
        "202105": "15.81",
        "202106": "15.80",
        "202107": "15.82",
        "202108": "15.86",
        "202109": "15.88",
        "202110": "15.68",
        "202111": "無",
        "202112": "無",
        "202201": "無",
        "202202": "無",
        "202203": "無",
        "202204": "無",
        "202205": "無",
        "202206": "無",
        "202207": "無",
        "202208": "無",
        "202209": "無",
        "202210": "無",
        "202211": "無",
        "202212": "無",
        "202301": "無",
        "202302": "無",
        "202303": "無",
        "202304": "無",
        "202305": "無",
        "202306": "無",
        "202307": "無",
        "202308": "無",
        "202309": "無",
        "202310": "無",
        "202311": "無",
        "202312": "無"
    },
    "quarters": {
        "20011": {
            "year_quarter": 20011,
            "year": 2001,
            "quarter": 1,
            "eps": 0.17,
            "eps_growth_year": -77.63,
            "eps_4q": -0.46,
            "eps_4q_growth_year": null,
            "roe": 1.91,
            "roe_4q": 1.91,
            "gross_profit": 74137,
            "gross_margin": 21.13,
            "gross_margin_4q_avg": 21.13,
            "net_income": 28122,
            "net_income_4q": null,
            "revenue": 350896,
            "revenue_4q": null,
            "common_shares": 1649140,
            "book_valuer_per_share": 9.28,
            "book_valuer_per_share_4q_avg": 9.28,
            "equity": 1530695,
            "current_ratio": 108.34,
            "debt_ratio": 41.65,
            "inventory_turnover_ratio": 0.86,
            "account_receivable_turnover_ratio": null,
            "reinvestment_rate": null,
            "research_to_sale_ratio": null,
            "price_fair": 0,
            "eps_avg_yearly": 0,
            "eps_latest_yearly": 0,
            "eps_growth_yearly": 0
        },
        "20012": {
            "year_quarter": 20012,
            "year": 2001,
            "quarter": 2,
            "eps": 0.15,
            "eps_growth_year": null,
            "eps_4q": 0.07,
            "eps_4q_growth_year": null,
            "roe": 1.55,
            "roe_4q": 3.46,
            "gross_profit": 136935,
            "gross_margin": 27.41,
            "gross_margin_4q_avg": 24.27,
            "net_income": 23914,
            "net_income_4q": null,
            "revenue": 499594,
            "revenue_4q": null,
            "common_shares": 1649140,
            "book_valuer_per_share": 9.46,
            "book_valuer_per_share_4q_avg": 9.37,
            "equity": 1559541,
            "current_ratio": 94.47,
            "debt_ratio": 41.77,
            "inventory_turnover_ratio": 2.19,
            "account_receivable_turnover_ratio": null,
            "reinvestment_rate": null,
            "research_to_sale_ratio": null,
            "price_fair": 0,
            "eps_avg_yearly": 0,
            "eps_latest_yearly": 0,
            "eps_growth_yearly": 0
        },
        "20013": {
            "year_quarter": 20013,
            "year": 2001,
            "quarter": 3,
            "eps": 0.06,
            "eps_growth_year": null,
            "eps_4q": 0.16,
            "eps_4q_growth_year": null,
            "roe": 0.67,
            "roe_4q": 4.13,
            "gross_profit": 126881,
            "gross_margin": 27.11,
            "gross_margin_4q_avg": 25.22,
            "net_income": 10486,
            "net_income_4q": null,
            "revenue": 467941,
            "revenue_4q": null,
            "common_shares": 1649140,
            "book_valuer_per_share": 9.41,
            "book_valuer_per_share_4q_avg": 9.38,
            "equity": 1552644,
            "current_ratio": 109.71,
            "debt_ratio": 44.61,
            "inventory_turnover_ratio": 2.53,
            "account_receivable_turnover_ratio": null,
            "reinvestment_rate": null,
            "research_to_sale_ratio": null,
            "price_fair": 0,
            "eps_avg_yearly": 0,
            "eps_latest_yearly": 0,
            "eps_growth_yearly": 0
        },
        "20014": {
            "year_quarter": 20014,
            "year": 2001,
            "quarter": 4,
            "eps": 0.53,
            "eps_growth_year": null,
            "eps_4q": 0.91,
            "eps_4q_growth_year": 1319.24,
            "roe": 5.35,
            "roe_4q": 9.479999999999999,
            "gross_profit": 128358,
            "gross_margin": 26.89,
            "gross_margin_4q_avg": 25.64,
            "net_income": 86674,
            "net_income_4q": null,
            "revenue": 477275,
            "revenue_4q": null,
            "common_shares": 1649140,
            "book_valuer_per_share": 10.23,
            "book_valuer_per_share_4q_avg": 9.6,
            "equity": 1687029,
            "current_ratio": 125.32,
            "debt_ratio": 51.93,
            "inventory_turnover_ratio": 1.28,
            "account_receivable_turnover_ratio": null,
            "reinvestment_rate": null,
            "research_to_sale_ratio": null,
            "price_fair": 0,
            "eps_avg_yearly": 0,
            "eps_latest_yearly": 0,
            "eps_growth_yearly": 0
        },
        "20021": {
            "year_quarter": 20021,
            "year": 2002,
            "quarter": 1,
            "eps": 0.32,
            "eps_growth_year": 88.24,
            "eps_4q": 1.05,
            "eps_4q_growth_year": null,
            "roe": 3.1,
            "roe_4q": 10.67,
            "gross_profit": 94531,
            "gross_margin": 27.09,
            "gross_margin_4q_avg": 27.13,
            "net_income": 53291,
            "net_income_4q": null,
            "revenue": 348942,
            "revenue_4q": null,
            "common_shares": 1649140,
            "book_valuer_per_share": 10.64,
            "book_valuer_per_share_4q_avg": 9.94,
            "equity": 1753997,
            "current_ratio": 132.74,
            "debt_ratio": 39.1,
            "inventory_turnover_ratio": 0.93,
            "account_receivable_turnover_ratio": null,
            "reinvestment_rate": null,
            "research_to_sale_ratio": null,
            "price_fair": 3.84,
            "eps_avg_yearly": 1.28,
            "eps_latest_yearly": 1.28,
            "eps_growth_yearly": -158.49
        },
        "20022": {
            "year_quarter": 20022,
            "year": 2002,
            "quarter": 2,
            "eps": 0.29,
            "eps_growth_year": 93.33,
            "eps_4q": 1.21,
            "eps_4q_growth_year": 1592.38,
            "roe": 2.67,
            "roe_4q": 11.79,
            "gross_profit": 130627,
            "gross_margin": 27.25,
            "gross_margin_4q_avg": 27.09,
            "net_income": 47199,
            "net_income_4q": null,
            "revenue": 479291,
            "revenue_4q": null,
            "common_shares": 1649140,
            "book_valuer_per_share": 10.82,
            "book_valuer_per_share_4q_avg": 10.28,
            "equity": 1783801,
            "current_ratio": 152.41,
            "debt_ratio": 41.03,
            "inventory_turnover_ratio": 2.61,
            "account_receivable_turnover_ratio": null,
            "reinvestment_rate": null,
            "research_to_sale_ratio": null,
            "price_fair": 3.66,
            "eps_avg_yearly": 1.22,
            "eps_latest_yearly": 1.16,
            "eps_growth_yearly": -98
        },
        "20023": {
            "year_quarter": 20023,
            "year": 2002,
            "quarter": 3,
            "eps": 0.39,
            "eps_growth_year": 550,
            "eps_4q": 1.53,
            "eps_4q_growth_year": 842.01,
            "roe": 3.52,
            "roe_4q": 14.639999999999999,
            "gross_profit": 92522,
            "gross_margin": 31.59,
            "gross_margin_4q_avg": 28.21,
            "net_income": 63946,
            "net_income_4q": null,
            "revenue": 292883,
            "revenue_4q": null,
            "common_shares": 1649140,
            "book_valuer_per_share": 11.24,
            "book_valuer_per_share_4q_avg": 10.73,
            "equity": 1854356,
            "current_ratio": 158.86,
            "debt_ratio": 40.21,
            "inventory_turnover_ratio": 1.44,
            "account_receivable_turnover_ratio": null,
            "reinvestment_rate": null,
            "research_to_sale_ratio": null,
            "price_fair": 4,
            "eps_avg_yearly": 1.33,
            "eps_latest_yearly": 1.56,
            "eps_growth_yearly": -19.35
        },
        "20024": {
            "year_quarter": 20024,
            "year": 2002,
            "quarter": 4,
            "eps": 0.17,
            "eps_growth_year": -67.92,
            "eps_4q": 1.15,
            "eps_4q_growth_year": 26.18,
            "roe": 1.54,
            "roe_4q": 10.83,
            "gross_profit": 112577,
            "gross_margin": 29.43,
            "gross_margin_4q_avg": 28.84,
            "net_income": 28490,
            "net_income_4q": null,
            "revenue": 382560,
            "revenue_4q": null,
            "common_shares": 1649140,
            "book_valuer_per_share": 11.14,
            "book_valuer_per_share_4q_avg": 10.96,
            "equity": 1836406,
            "current_ratio": 152.04,
            "debt_ratio": 52.33,
            "inventory_turnover_ratio": 0.65,
            "account_receivable_turnover_ratio": null,
            "reinvestment_rate": 43.05,
            "research_to_sale_ratio": null,
            "price_fair": 3.51,
            "eps_avg_yearly": 1.17,
            "eps_latest_yearly": 0.68,
            "eps_growth_yearly": -70.93
        },
        "20031": {
            "year_quarter": 20031,
            "year": 2003,
            "quarter": 1,
            "eps": 0.28,
            "eps_growth_year": -12.5,
            "eps_4q": 1.14,
            "eps_4q_growth_year": 9.31,
            "roe": 2.44,
            "roe_4q": 10.17,
            "gross_profit": 89578,
            "gross_margin": 24.99,
            "gross_margin_4q_avg": 28.32,
            "net_income": 45226,
            "net_income_4q": null,
            "revenue": 358392,
            "revenue_4q": null,
            "common_shares": 1649140,
            "book_valuer_per_share": 11.38,
            "book_valuer_per_share_4q_avg": 11.15,
            "equity": 1876054,
            "current_ratio": 223.07,
            "debt_ratio": 34.64,
            "inventory_turnover_ratio": 0.64,
            "account_receivable_turnover_ratio": null,
            "reinvestment_rate": -2.43,
            "research_to_sale_ratio": null,
            "price_fair": 3.48,
            "eps_avg_yearly": 1.16,
            "eps_latest_yearly": 1.12,
            "eps_growth_yearly": -4.98
        },
        "20032": {
            "year_quarter": 20032,
            "year": 2003,
            "quarter": 2,
            "eps": 0.1,
            "eps_growth_year": -65.52,
            "eps_4q": 0.89,
            "eps_4q_growth_year": -27.01,
            "roe": 0.94,
            "roe_4q": 8.44,
            "gross_profit": 91423,
            "gross_margin": 23.51,
            "gross_margin_4q_avg": 27.38,
            "net_income": 17506,
            "net_income_4q": null,
            "revenue": 388825,
            "revenue_4q": null,
            "common_shares": 1649140,
            "book_valuer_per_share": 11.32,
            "book_valuer_per_share_4q_avg": 11.27,
            "equity": 1866222,
            "current_ratio": 221.29,
            "debt_ratio": 35.46,
            "inventory_turnover_ratio": 1.94,
            "account_receivable_turnover_ratio": null,
            "reinvestment_rate": -3.82,
            "research_to_sale_ratio": null,
            "price_fair": 3.1,
            "eps_avg_yearly": 1.03,
            "eps_latest_yearly": 0.4,
            "eps_growth_yearly": -47
        },
        "20033": {
            "year_quarter": 20033,
            "year": 2003,
            "quarter": 3,
            "eps": 0.17,
            "eps_growth_year": -56.41,
            "eps_4q": 0.7,
            "eps_4q_growth_year": -54.28,
            "roe": 1.56,
            "roe_4q": 6.4799999999999995,
            "gross_profit": 110421,
            "gross_margin": 24.68,
            "gross_margin_4q_avg": 25.65,
            "net_income": 29250,
            "net_income_4q": null,
            "revenue": 447440,
            "revenue_4q": null,
            "common_shares": 1765446,
            "book_valuer_per_share": 10.69,
            "book_valuer_per_share_4q_avg": 11.13,
            "equity": 1887472,
            "current_ratio": 204.74,
            "debt_ratio": 37.22,
            "inventory_turnover_ratio": 2.2,
            "account_receivable_turnover_ratio": null,
            "reinvestment_rate": -1.44,
            "research_to_sale_ratio": null,
            "price_fair": 2.95,
            "eps_avg_yearly": 0.98,
            "eps_latest_yearly": 0.68,
            "eps_growth_yearly": -0.29
        },
        "20034": {
            "year_quarter": 20034,
            "year": 2003,
            "quarter": 4,
            "eps": 0.15,
            "eps_growth_year": -11.76,
            "eps_4q": 0.67,
            "eps_4q_growth_year": -42.09,
            "roe": 1.41,
            "roe_4q": 6.35,
            "gross_profit": 107287,
            "gross_margin": 25.81,
            "gross_margin_4q_avg": 24.75,
            "net_income": 26708,
            "net_income_4q": null,
            "revenue": 415756,
            "revenue_4q": null,
            "common_shares": 1765446,
            "book_valuer_per_share": 10.83,
            "book_valuer_per_share_4q_avg": 11.06,
            "equity": 1912384,
            "current_ratio": 238.23,
            "debt_ratio": 34.84,
            "inventory_turnover_ratio": 2.28,
            "account_receivable_turnover_ratio": null,
            "reinvestment_rate": -60.57,
            "research_to_sale_ratio": null,
            "price_fair": 2.81,
            "eps_avg_yearly": 0.94,
            "eps_latest_yearly": 0.6,
            "eps_growth_yearly": -6.13
        },
        "20041": {
            "year_quarter": 20041,
            "year": 2004,
            "quarter": 1,
            "eps": 0.1,
            "eps_growth_year": -64.29,
            "eps_4q": 0.53,
            "eps_4q_growth_year": -53.53,
            "roe": 0.88,
            "roe_4q": 4.79,
            "gross_profit": 97522,
            "gross_margin": 24.46,
            "gross_margin_4q_avg": 24.62,
            "net_income": 17010,
            "net_income_4q": null,
            "revenue": 398725,
            "revenue_4q": null,
            "common_shares": 1765446,
            "book_valuer_per_share": 10.97,
            "book_valuer_per_share_4q_avg": 10.95,
            "equity": 1936657,
            "current_ratio": 254.69,
            "debt_ratio": 32.66,
            "inventory_turnover_ratio": 2.61,
            "account_receivable_turnover_ratio": null,
            "reinvestment_rate": 24.16,
            "research_to_sale_ratio": null,
            "price_fair": 2.63,
            "eps_avg_yearly": 0.88,
            "eps_latest_yearly": 0.4,
            "eps_growth_yearly": -20.27
        },
        "20042": {
            "year_quarter": 20042,
            "year": 2004,
            "quarter": 2,
            "eps": -0.19,
            "eps_growth_year": -290,
            "eps_4q": 0.23,
            "eps_4q_growth_year": -73.84,
            "roe": -1.72,
            "roe_4q": 2.13,
            "gross_profit": 120653,
            "gross_margin": 25.85,
            "gross_margin_4q_avg": 25.2,
            "net_income": -32036,
            "net_income_4q": null,
            "revenue": 466710,
            "revenue_4q": null,
            "common_shares": 1765446,
            "book_valuer_per_share": 10.18,
            "book_valuer_per_share_4q_avg": 10.67,
            "equity": 1796411,
            "current_ratio": 175.61,
            "debt_ratio": 39.2,
            "inventory_turnover_ratio": 2.85,
            "account_receivable_turnover_ratio": null,
            "reinvestment_rate": 21.95,
            "research_to_sale_ratio": null,
            "price_fair": 2.63,
            "eps_avg_yearly": 0.88,
            "eps_latest_yearly": 0.4,
            "eps_growth_yearly": -20.27
        },
        "20043": {
            "year_quarter": 20043,
            "year": 2004,
            "quarter": 3,
            "eps": 0.21,
            "eps_growth_year": 23.53,
            "eps_4q": 0.28,
            "eps_4q_growth_year": -60.21,
            "roe": 1.97,
            "roe_4q": 2.54,
            "gross_profit": 112643,
            "gross_margin": 24.69,
            "gross_margin_4q_avg": 25.2,
            "net_income": 35768,
            "net_income_4q": null,
            "revenue": 456152,
            "revenue_4q": null,
            "common_shares": 1765446,
            "book_valuer_per_share": 10.41,
            "book_valuer_per_share_4q_avg": 10.6,
            "equity": 1838699,
            "current_ratio": 204.05,
            "debt_ratio": 38.27,
            "inventory_turnover_ratio": 2.71,
            "account_receivable_turnover_ratio": null,
            "reinvestment_rate": 2.95,
            "research_to_sale_ratio": null,
            "price_fair": 2.63,
            "eps_avg_yearly": 0.88,
            "eps_latest_yearly": 0.4,
            "eps_growth_yearly": -20.27
        },
        "20044": {
            "year_quarter": 20044,
            "year": 2004,
            "quarter": 4,
            "eps": -2.85,
            "eps_growth_year": -2000,
            "eps_4q": -2.73,
            "eps_4q_growth_year": -509.54,
            "roe": -31.16,
            "roe_4q": -30.03,
            "gross_profit": 88749,
            "gross_margin": 20.79,
            "gross_margin_4q_avg": 23.95,
            "net_income": -493040,
            "net_income_4q": null,
            "revenue": 426881,
            "revenue_4q": null,
            "common_shares": 1765446,
            "book_valuer_per_share": 7.51,
            "book_valuer_per_share_4q_avg": 9.77,
            "equity": 1326114,
            "current_ratio": 234.59,
            "debt_ratio": 40.83,
            "inventory_turnover_ratio": 2.31,
            "account_receivable_turnover_ratio": null,
            "reinvestment_rate": null,
            "research_to_sale_ratio": null,
            "price_fair": 2.63,
            "eps_avg_yearly": 0.88,
            "eps_latest_yearly": 0.4,
            "eps_growth_yearly": -20.27
        },
        "20051": {
            "year_quarter": 20051,
            "year": 2005,
            "quarter": 1,
            "eps": 0.16,
            "eps_growth_year": 60,
            "eps_4q": -2.6,
            "eps_4q_growth_year": -589.11,
            "roe": 2.12,
            "roe_4q": -28.79,
            "gross_profit": 89293,
            "gross_margin": 22.16,
            "gross_margin_4q_avg": 23.37,
            "net_income": 28350,
            "net_income_4q": null,
            "revenue": 402929,
            "revenue_4q": null,
            "common_shares": 1765446,
            "book_valuer_per_share": 7.66,
            "book_valuer_per_share_4q_avg": 8.94,
            "equity": 1351835,
            "current_ratio": 261.67,
            "debt_ratio": 38.04,
            "inventory_turnover_ratio": 1.85,
            "account_receivable_turnover_ratio": null,
            "reinvestment_rate": null,
            "research_to_sale_ratio": null,
            "price_fair": 2.63,
            "eps_avg_yearly": 0.88,
            "eps_latest_yearly": 0.4,
            "eps_growth_yearly": -20.27
        },
        "20052": {
            "year_quarter": 20052,
            "year": 2005,
            "quarter": 2,
            "eps": 0.11,
            "eps_growth_year": null,
            "eps_4q": -2.36,
            "eps_4q_growth_year": -1119.28,
            "roe": 1.4,
            "roe_4q": -25.67,
            "gross_profit": 108611,
            "gross_margin": 25.16,
            "gross_margin_4q_avg": 23.2,
            "net_income": 19077,
            "net_income_4q": null,
            "revenue": 431723,
            "revenue_4q": null,
            "common_shares": 1765446,
            "book_valuer_per_share": 7.76,
            "book_valuer_per_share_4q_avg": 8.34,
            "equity": 1369491,
            "current_ratio": 200.08,
            "debt_ratio": 36.26,
            "inventory_turnover_ratio": 1.85,
            "account_receivable_turnover_ratio": null,
            "reinvestment_rate": null,
            "research_to_sale_ratio": null,
            "price_fair": 2.5,
            "eps_avg_yearly": 0.83,
            "eps_latest_yearly": 0.44,
            "eps_growth_yearly": -30.74
        },
        "20053": {
            "year_quarter": 20053,
            "year": 2005,
            "quarter": 3,
            "eps": 0.37,
            "eps_growth_year": 76.19,
            "eps_4q": -3.08,
            "eps_4q_growth_year": -1204.27,
            "roe": 3.41,
            "roe_4q": -24.23,
            "gross_profit": 111482,
            "gross_margin": 25.66,
            "gross_margin_4q_avg": 23.44,
            "net_income": 47841,
            "net_income_4q": null,
            "revenue": 434376,
            "revenue_4q": null,
            "common_shares": 1765446,
            "book_valuer_per_share": 8.15,
            "book_valuer_per_share_4q_avg": 7.77,
            "equity": 1438472,
            "current_ratio": 217.77,
            "debt_ratio": 35.42,
            "inventory_turnover_ratio": 1.77,
            "account_receivable_turnover_ratio": null,
            "reinvestment_rate": -48.35,
            "research_to_sale_ratio": null,
            "price_fair": 31.18,
            "eps_avg_yearly": 0.89,
            "eps_latest_yearly": 1.48,
            "eps_growth_yearly": 58
        },
        "20054": {
            "year_quarter": 20054,
            "year": 2005,
            "quarter": 4,
            "eps": 0.3,
            "eps_growth_year": null,
            "eps_4q": 1.04,
            "eps_4q_growth_year": null,
            "roe": 2.66,
            "roe_4q": 9.59,
            "gross_profit": 92525,
            "gross_margin": 24.86,
            "gross_margin_4q_avg": 24.46,
            "net_income": 38869,
            "net_income_4q": null,
            "revenue": 372212,
            "revenue_4q": null,
            "common_shares": 1282488,
            "book_valuer_per_share": 11.5,
            "book_valuer_per_share_4q_avg": 8.77,
            "equity": 1488310,
            "current_ratio": 229.96,
            "debt_ratio": 32.92,
            "inventory_turnover_ratio": 1.46,
            "account_receivable_turnover_ratio": null,
            "reinvestment_rate": null,
            "research_to_sale_ratio": null,
            "price_fair": 32.08,
            "eps_avg_yearly": 0.92,
            "eps_latest_yearly": 1.2,
            "eps_growth_yearly": 46.86
        },
        "20061": {
            "year_quarter": 20061,
            "year": 2006,
            "quarter": 1,
            "eps": -0.37,
            "eps_growth_year": -331.25,
            "eps_4q": 0.46,
            "eps_4q_growth_year": null,
            "roe": -3.14,
            "roe_4q": 4.33,
            "gross_profit": 71568,
            "gross_margin": 22.2,
            "gross_margin_4q_avg": 24.47,
            "net_income": -47044,
            "net_income_4q": null,
            "revenue": 322422,
            "revenue_4q": null,
            "common_shares": 1282488,
            "book_valuer_per_share": 11.74,
            "book_valuer_per_share_4q_avg": 9.79,
            "equity": 1506016,
            "current_ratio": 297.48,
            "debt_ratio": 28.52,
            "inventory_turnover_ratio": 1.32,
            "account_receivable_turnover_ratio": null,
            "reinvestment_rate": null,
            "research_to_sale_ratio": null,
            "price_fair": 30.93,
            "eps_avg_yearly": 0.88,
            "eps_latest_yearly": 1.2,
            "eps_growth_yearly": 65.53
        },
        "20062": {
            "year_quarter": 20062,
            "year": 2006,
            "quarter": 2,
            "eps": 0.51,
            "eps_growth_year": 363.64,
            "eps_4q": 0.82,
            "eps_4q_growth_year": null,
            "roe": 4.34,
            "roe_4q": 7.27,
            "gross_profit": 71034,
            "gross_margin": 19.06,
            "gross_margin_4q_avg": 22.95,
            "net_income": 64695,
            "net_income_4q": null,
            "revenue": 372661,
            "revenue_4q": null,
            "common_shares": 1277500,
            "book_valuer_per_share": 11.54,
            "book_valuer_per_share_4q_avg": 10.73,
            "equity": 1474419,
            "current_ratio": 170.31,
            "debt_ratio": 31.84,
            "inventory_turnover_ratio": 1.64,
            "account_receivable_turnover_ratio": null,
            "reinvestment_rate": null,
            "research_to_sale_ratio": null,
            "price_fair": 29.96,
            "eps_avg_yearly": 0.86,
            "eps_latest_yearly": 1.2,
            "eps_growth_yearly": 75.84
        },
        "20063": {
            "year_quarter": 20063,
            "year": 2006,
            "quarter": 3,
            "eps": 0.3,
            "eps_growth_year": -18.92,
            "eps_4q": 0.74,
            "eps_4q_growth_year": null,
            "roe": 2.58,
            "roe_4q": 6.4399999999999995,
            "gross_profit": 67120,
            "gross_margin": 17.01,
            "gross_margin_4q_avg": 20.78,
            "net_income": 38379,
            "net_income_4q": null,
            "revenue": 394489,
            "revenue_4q": null,
            "common_shares": 1277500,
            "book_valuer_per_share": 11.76,
            "book_valuer_per_share_4q_avg": 11.64,
            "equity": 1502213,
            "current_ratio": 143.26,
            "debt_ratio": 28.83,
            "inventory_turnover_ratio": 1.81,
            "account_receivable_turnover_ratio": null,
            "reinvestment_rate": null,
            "research_to_sale_ratio": null,
            "price_fair": 28.7,
            "eps_avg_yearly": 0.82,
            "eps_latest_yearly": 1.2,
            "eps_growth_yearly": 45.57
        },
        "20064": {
            "year_quarter": 20064,
            "year": 2006,
            "quarter": 4,
            "eps": 0.19,
            "eps_growth_year": -36.67,
            "eps_4q": 0.64,
            "eps_4q_growth_year": -38.19,
            "roe": 1.56,
            "roe_4q": 5.34,
            "gross_profit": 67864,
            "gross_margin": 18.47,
            "gross_margin_4q_avg": 19.19,
            "net_income": 23660,
            "net_income_4q": null,
            "revenue": 367508,
            "revenue_4q": null,
            "common_shares": 1277500,
            "book_valuer_per_share": 11.85,
            "book_valuer_per_share_4q_avg": 11.72,
            "equity": 1530161,
            "current_ratio": 150.26,
            "debt_ratio": 29.62,
            "inventory_turnover_ratio": 1.69,
            "account_receivable_turnover_ratio": null,
            "reinvestment_rate": null,
            "research_to_sale_ratio": null,
            "price_fair": 28.98,
            "eps_avg_yearly": 0.83,
            "eps_latest_yearly": 0.76,
            "eps_growth_yearly": 53.47
        },
        "20071": {
            "year_quarter": 20071,
            "year": 2007,
            "quarter": 1,
            "eps": 0.42,
            "eps_growth_year": null,
            "eps_4q": 1.41,
            "eps_4q_growth_year": 204.11,
            "roe": 3.49,
            "roe_4q": 11.97,
            "gross_profit": 58516,
            "gross_margin": 17.24,
            "gross_margin_4q_avg": 17.95,
            "net_income": 54037,
            "net_income_4q": null,
            "revenue": 339491,
            "revenue_4q": null,
            "common_shares": 1277500,
            "book_valuer_per_share": 12.27,
            "book_valuer_per_share_4q_avg": 11.86,
            "equity": 1568036,
            "current_ratio": 156.7,
            "debt_ratio": 26.26,
            "inventory_turnover_ratio": 1.66,
            "account_receivable_turnover_ratio": null,
            "reinvestment_rate": null,
            "research_to_sale_ratio": null,
            "price_fair": 30.94,
            "eps_avg_yearly": 0.88,
            "eps_latest_yearly": 1.68,
            "eps_growth_yearly": 76.01
        },
        "20072": {
            "year_quarter": 20072,
            "year": 2007,
            "quarter": 2,
            "eps": 0.2,
            "eps_growth_year": -60.78,
            "eps_4q": 1.11,
            "eps_4q_growth_year": 35.27,
            "roe": 1.68,
            "roe_4q": 9.31,
            "gross_profit": 52854,
            "gross_margin": 14.45,
            "gross_margin_4q_avg": 16.79,
            "net_income": 25431,
            "net_income_4q": null,
            "revenue": 365720,
            "revenue_4q": null,
            "common_shares": 1277500,
            "book_valuer_per_share": 11.48,
            "book_valuer_per_share_4q_avg": 11.84,
            "equity": 1466594,
            "current_ratio": 138.08,
            "debt_ratio": 31.23,
            "inventory_turnover_ratio": 1.93,
            "account_receivable_turnover_ratio": null,
            "reinvestment_rate": null,
            "research_to_sale_ratio": null,
            "price_fair": 32.34,
            "eps_avg_yearly": 0.92,
            "eps_latest_yearly": 0.8,
            "eps_growth_yearly": 80.77
        },
        "20073": {
            "year_quarter": 20073,
            "year": 2007,
            "quarter": 3,
            "eps": 0.44,
            "eps_growth_year": 46.67,
            "eps_4q": 1.25,
            "eps_4q_growth_year": 68.45,
            "roe": 3.72,
            "roe_4q": 10.450000000000001,
            "gross_profit": 70732,
            "gross_margin": 17.49,
            "gross_margin_4q_avg": 16.91,
            "net_income": 56050,
            "net_income_4q": null,
            "revenue": 404476,
            "revenue_4q": null,
            "common_shares": 1277500,
            "book_valuer_per_share": 12.11,
            "book_valuer_per_share_4q_avg": 11.93,
            "equity": 1547380,
            "current_ratio": 133.54,
            "debt_ratio": 27.88,
            "inventory_turnover_ratio": 2.01,
            "account_receivable_turnover_ratio": null,
            "reinvestment_rate": null,
            "research_to_sale_ratio": null,
            "price_fair": 36.12,
            "eps_avg_yearly": 1.03,
            "eps_latest_yearly": 1.76,
            "eps_growth_yearly": 100.77
        },
        "20074": {
            "year_quarter": 20074,
            "year": 2007,
            "quarter": 4,
            "eps": -0.16,
            "eps_growth_year": -184.21,
            "eps_4q": 0.88,
            "eps_4q_growth_year": 37.23,
            "roe": -1.31,
            "roe_4q": 7.58,
            "gross_profit": 51346,
            "gross_margin": 11.18,
            "gross_margin_4q_avg": 15.09,
            "net_income": -20246,
            "net_income_4q": null,
            "revenue": 459151,
            "revenue_4q": null,
            "common_shares": 1277500,
            "book_valuer_per_share": 11.93,
            "book_valuer_per_share_4q_avg": 11.95,
            "equity": 1548666,
            "current_ratio": 141.92,
            "debt_ratio": 29.42,
            "inventory_turnover_ratio": 2.55,
            "account_receivable_turnover_ratio": null,
            "reinvestment_rate": null,
            "research_to_sale_ratio": null,
            "price_fair": 37.8,
            "eps_avg_yearly": 1.08,
            "eps_latest_yearly": 1.76,
            "eps_growth_yearly": 117.2
        },
        "20081": {
            "year_quarter": 20081,
            "year": 2008,
            "quarter": 1,
            "eps": 0.23,
            "eps_growth_year": -45.24,
            "eps_4q": 0.72,
            "eps_4q_growth_year": -48.53,
            "roe": 1.85,
            "roe_4q": 5.9399999999999995,
            "gross_profit": 63352,
            "gross_margin": 14.12,
            "gross_margin_4q_avg": 14.31,
            "net_income": 28932,
            "net_income_4q": null,
            "revenue": 448638,
            "revenue_4q": null,
            "common_shares": 1277500,
            "book_valuer_per_share": 12.13,
            "book_valuer_per_share_4q_avg": 11.91,
            "equity": 1572927,
            "current_ratio": 143.43,
            "debt_ratio": 29.23,
            "inventory_turnover_ratio": 2.19,
            "account_receivable_turnover_ratio": null,
            "reinvestment_rate": null,
            "research_to_sale_ratio": null,
            "price_fair": 40.78,
            "eps_avg_yearly": 1.17,
            "eps_latest_yearly": 1.76,
            "eps_growth_yearly": 148.51
        },
        "20082": {
            "year_quarter": 20082,
            "year": 2008,
            "quarter": 2,
            "eps": 0.42,
            "eps_growth_year": 110,
            "eps_4q": 0.93,
            "eps_4q_growth_year": -16.03,
            "roe": 3.47,
            "roe_4q": 7.73,
            "gross_profit": 50619,
            "gross_margin": 10.4,
            "gross_margin_4q_avg": 13.3,
            "net_income": 53693,
            "net_income_4q": null,
            "revenue": 486871,
            "revenue_4q": null,
            "common_shares": 1277500,
            "book_valuer_per_share": 11.74,
            "book_valuer_per_share_4q_avg": 11.98,
            "equity": 1523512,
            "current_ratio": 152.04,
            "debt_ratio": 29.87,
            "inventory_turnover_ratio": 1.92,
            "account_receivable_turnover_ratio": null,
            "reinvestment_rate": null,
            "research_to_sale_ratio": null,
            "price_fair": 42.78,
            "eps_avg_yearly": 1.22,
            "eps_latest_yearly": 1.68,
            "eps_growth_yearly": 168.73
        },
        "20083": {
            "year_quarter": 20083,
            "year": 2008,
            "quarter": 3,
            "eps": -0.02,
            "eps_growth_year": -104.55,
            "eps_4q": 0.47,
            "eps_4q_growth_year": -62.25,
            "roe": -0.19,
            "roe_4q": 3.8200000000000007,
            "gross_profit": 56565,
            "gross_margin": 10.27,
            "gross_margin_4q_avg": 11.49,
            "net_income": -2883,
            "net_income_4q": null,
            "revenue": 550593,
            "revenue_4q": null,
            "common_shares": 1277500,
            "book_valuer_per_share": 11.91,
            "book_valuer_per_share_4q_avg": 11.93,
            "equity": 1546929,
            "current_ratio": 215.19,
            "debt_ratio": 35.93,
            "inventory_turnover_ratio": 1.8,
            "account_receivable_turnover_ratio": null,
            "reinvestment_rate": null,
            "research_to_sale_ratio": null,
            "price_fair": 42.78,
            "eps_avg_yearly": 1.22,
            "eps_latest_yearly": 1.68,
            "eps_growth_yearly": 168.73
        },
        "20084": {
            "year_quarter": 20084,
            "year": 2008,
            "quarter": 4,
            "eps": 0.11,
            "eps_growth_year": null,
            "eps_4q": 0.71,
            "eps_4q_growth_year": -19.61,
            "roe": 0.96,
            "roe_4q": 6.09,
            "gross_profit": 46642,
            "gross_margin": 12.4,
            "gross_margin_4q_avg": 11.8,
            "net_income": 14798,
            "net_income_4q": null,
            "revenue": 376292,
            "revenue_4q": null,
            "common_shares": 1277500,
            "book_valuer_per_share": 11.93,
            "book_valuer_per_share_4q_avg": 11.93,
            "equity": 1549890,
            "current_ratio": 183.6,
            "debt_ratio": 32.63,
            "inventory_turnover_ratio": 1.04,
            "account_receivable_turnover_ratio": 2,
            "reinvestment_rate": 6.47,
            "research_to_sale_ratio": null,
            "price_fair": 42.78,
            "eps_avg_yearly": 1.22,
            "eps_latest_yearly": 1.68,
            "eps_growth_yearly": 168.73
        },
        "20091": {
            "year_quarter": 20091,
            "year": 2009,
            "quarter": 1,
            "eps": 0.09,
            "eps_growth_year": -60.87,
            "eps_4q": 0.59,
            "eps_4q_growth_year": -19.09,
            "roe": 0.75,
            "roe_4q": 4.99,
            "gross_profit": 41470,
            "gross_margin": 13.67,
            "gross_margin_4q_avg": 11.69,
            "net_income": 11808,
            "net_income_4q": null,
            "revenue": 303335,
            "revenue_4q": null,
            "common_shares": 1277500,
            "book_valuer_per_share": 12.17,
            "book_valuer_per_share_4q_avg": 11.94,
            "equity": 1580861,
            "current_ratio": 165.02,
            "debt_ratio": 29.36,
            "inventory_turnover_ratio": 0.85,
            "account_receivable_turnover_ratio": 0.88,
            "reinvestment_rate": 5.94,
            "research_to_sale_ratio": null,
            "price_fair": 39.76,
            "eps_avg_yearly": 1.14,
            "eps_latest_yearly": 0.36,
            "eps_growth_yearly": 144.58
        },
        "20092": {
            "year_quarter": 20092,
            "year": 2009,
            "quarter": 2,
            "eps": 0.02,
            "eps_growth_year": -95.24,
            "eps_4q": 0.14,
            "eps_4q_growth_year": -85.32,
            "roe": 0.25,
            "roe_4q": 1.77,
            "gross_profit": 74420,
            "gross_margin": 19.67,
            "gross_margin_4q_avg": 14,
            "net_income": 3789,
            "net_income_4q": null,
            "revenue": 378406,
            "revenue_4q": null,
            "common_shares": 1277500,
            "book_valuer_per_share": 11.43,
            "book_valuer_per_share_4q_avg": 11.86,
            "equity": 1486491,
            "current_ratio": 206.1,
            "debt_ratio": 30.12,
            "inventory_turnover_ratio": 1.23,
            "account_receivable_turnover_ratio": 1.14,
            "reinvestment_rate": 17.47,
            "research_to_sale_ratio": null,
            "price_fair": 38.5,
            "eps_avg_yearly": 1.1,
            "eps_latest_yearly": 0.08,
            "eps_growth_yearly": 125.97
        },
        "20093": {
            "year_quarter": 20093,
            "year": 2009,
            "quarter": 3,
            "eps": 0.2,
            "eps_growth_year": null,
            "eps_4q": 0.42,
            "eps_4q_growth_year": -11.56,
            "roe": 1.77,
            "roe_4q": 3.73,
            "gross_profit": 79647,
            "gross_margin": 18.83,
            "gross_margin_4q_avg": 16.14,
            "net_income": 26399,
            "net_income_4q": null,
            "revenue": 422891,
            "revenue_4q": null,
            "common_shares": 1278139,
            "book_valuer_per_share": 11.57,
            "book_valuer_per_share_4q_avg": 11.78,
            "equity": 1504480,
            "current_ratio": 172.43,
            "debt_ratio": 30.48,
            "inventory_turnover_ratio": 1.67,
            "account_receivable_turnover_ratio": 1.16,
            "reinvestment_rate": 21.27,
            "research_to_sale_ratio": null,
            "price_fair": 36.12,
            "eps_avg_yearly": 1.03,
            "eps_latest_yearly": 0.8,
            "eps_growth_yearly": 391.42
        },
        "20094": {
            "year_quarter": 20094,
            "year": 2009,
            "quarter": 4,
            "eps": -0.12,
            "eps_growth_year": -209.09,
            "eps_4q": 0.2,
            "eps_4q_growth_year": -71.8,
            "roe": -1.03,
            "roe_4q": 1.74,
            "gross_profit": 76023,
            "gross_margin": 18.77,
            "gross_margin_4q_avg": 17.74,
            "net_income": -15362,
            "net_income_4q": null,
            "revenue": 404957,
            "revenue_4q": null,
            "common_shares": 1278139,
            "book_valuer_per_share": 11.41,
            "book_valuer_per_share_4q_avg": 11.65,
            "equity": 1484499,
            "current_ratio": 180.44,
            "debt_ratio": 27.62,
            "inventory_turnover_ratio": 1.54,
            "account_receivable_turnover_ratio": 2.46,
            "reinvestment_rate": 133.98,
            "research_to_sale_ratio": null,
            "price_fair": 35.47,
            "eps_avg_yearly": 1.01,
            "eps_latest_yearly": 0.8,
            "eps_growth_yearly": 443.32
        },
        "20101": {
            "year_quarter": 20101,
            "year": 2010,
            "quarter": 1,
            "eps": 0.23,
            "eps_growth_year": 155.56,
            "eps_4q": 0.34,
            "eps_4q_growth_year": -41.87,
            "roe": 1.93,
            "roe_4q": 2.92,
            "gross_profit": 73080,
            "gross_margin": 18.24,
            "gross_margin_4q_avg": 18.88,
            "net_income": 28972,
            "net_income_4q": null,
            "revenue": 400704,
            "revenue_4q": null,
            "common_shares": 1278139,
            "book_valuer_per_share": 11.64,
            "book_valuer_per_share_4q_avg": 11.51,
            "equity": 1513271,
            "current_ratio": 187.46,
            "debt_ratio": 27.89,
            "inventory_turnover_ratio": 1.47,
            "account_receivable_turnover_ratio": 1.22,
            "reinvestment_rate": 117.04,
            "research_to_sale_ratio": 1.06,
            "price_fair": 35.47,
            "eps_avg_yearly": 1.01,
            "eps_latest_yearly": 0.8,
            "eps_growth_yearly": 443.32
        },
        "20102": {
            "year_quarter": 20102,
            "year": 2010,
            "quarter": 2,
            "eps": 0.23,
            "eps_growth_year": 1039.74,
            "eps_4q": 0.54,
            "eps_4q_growth_year": 296.22,
            "roe": 1.97,
            "roe_4q": 4.640000000000001,
            "gross_profit": 90592,
            "gross_margin": 17.86,
            "gross_margin_4q_avg": 18.43,
            "net_income": 29833,
            "net_income_4q": null,
            "revenue": 507153,
            "revenue_4q": null,
            "common_shares": 1278139,
            "book_valuer_per_share": 11.69,
            "book_valuer_per_share_4q_avg": 11.58,
            "equity": 1519117,
            "current_ratio": 195.53,
            "debt_ratio": 32.32,
            "inventory_turnover_ratio": 1.88,
            "account_receivable_turnover_ratio": 1.33,
            "reinvestment_rate": 130.89,
            "research_to_sale_ratio": 0.97,
            "price_fair": 35.14,
            "eps_avg_yearly": 1,
            "eps_latest_yearly": 0.92,
            "eps_growth_yearly": 398.99
        },
        "20103": {
            "year_quarter": 20103,
            "year": 2010,
            "quarter": 3,
            "eps": -0.21,
            "eps_growth_year": -203.96,
            "eps_4q": 0.13,
            "eps_4q_growth_year": -68.15,
            "roe": -1.76,
            "roe_4q": 1.1099999999999997,
            "gross_profit": 113651,
            "gross_margin": 19.82,
            "gross_margin_4q_avg": 18.67,
            "net_income": -26480,
            "net_income_4q": null,
            "revenue": 573415,
            "revenue_4q": null,
            "common_shares": 1278139,
            "book_valuer_per_share": 11.43,
            "book_valuer_per_share_4q_avg": 11.54,
            "equity": 1485530,
            "current_ratio": 185.76,
            "debt_ratio": 30.63,
            "inventory_turnover_ratio": 2.05,
            "account_receivable_turnover_ratio": 1.3,
            "reinvestment_rate": 128.17,
            "research_to_sale_ratio": 0.83,
            "price_fair": 34.38,
            "eps_avg_yearly": 0.98,
            "eps_latest_yearly": 0.92,
            "eps_growth_yearly": 461.62
        },
        "20104": {
            "year_quarter": 20104,
            "year": 2010,
            "quarter": 4,
            "eps": 0.03,
            "eps_growth_year": null,
            "eps_4q": 0.28,
            "eps_4q_growth_year": 42.5,
            "roe": 0.28,
            "roe_4q": 2.42,
            "gross_profit": 107889,
            "gross_margin": 19.7,
            "gross_margin_4q_avg": 18.91,
            "net_income": 4100,
            "net_income_4q": null,
            "revenue": 547796,
            "revenue_4q": null,
            "common_shares": 1278139,
            "book_valuer_per_share": 11.35,
            "book_valuer_per_share_4q_avg": 11.53,
            "equity": 1473129,
            "current_ratio": 184.81,
            "debt_ratio": 30.19,
            "inventory_turnover_ratio": 1.97,
            "account_receivable_turnover_ratio": 1.23,
            "reinvestment_rate": 110.58,
            "research_to_sale_ratio": 0.82,
            "price_fair": 35.35,
            "eps_avg_yearly": 1.01,
            "eps_latest_yearly": 0.92,
            "eps_growth_yearly": 537.66
        },
        "20111": {
            "year_quarter": 20111,
            "year": 2011,
            "quarter": 1,
            "eps": 0.91,
            "eps_growth_year": 295.65,
            "eps_4q": 0.97,
            "eps_4q_growth_year": 184.16,
            "roe": 7.64,
            "roe_4q": 8.13,
            "gross_profit": 182188,
            "gross_margin": 28.52,
            "gross_margin_4q_avg": 21.48,
            "net_income": 117012,
            "net_income_4q": null,
            "revenue": 638762,
            "revenue_4q": null,
            "common_shares": 1278139,
            "book_valuer_per_share": 12.26,
            "book_valuer_per_share_4q_avg": 11.68,
            "equity": 1590471,
            "current_ratio": 196.98,
            "debt_ratio": 30.02,
            "inventory_turnover_ratio": 1.77,
            "account_receivable_turnover_ratio": 1.35,
            "reinvestment_rate": 120.35,
            "research_to_sale_ratio": 0.78,
            "price_fair": 43.93,
            "eps_avg_yearly": 1.26,
            "eps_latest_yearly": 3.64,
            "eps_growth_yearly": 1943.8
        },
        "20112": {
            "year_quarter": 20112,
            "year": 2011,
            "quarter": 2,
            "eps": 1.04,
            "eps_growth_year": 356.72,
            "eps_4q": 1.78,
            "eps_4q_growth_year": 227.46,
            "roe": 8.1,
            "roe_4q": 14.26,
            "gross_profit": 203797,
            "gross_margin": 29.92,
            "gross_margin_4q_avg": 24.49,
            "net_income": 132807,
            "net_income_4q": null,
            "revenue": 681229,
            "revenue_4q": null,
            "common_shares": 1278139,
            "book_valuer_per_share": 13.04,
            "book_valuer_per_share_4q_avg": 12.02,
            "equity": 1689304,
            "current_ratio": 173.96,
            "debt_ratio": 33.58,
            "inventory_turnover_ratio": 1.21,
            "account_receivable_turnover_ratio": 1.3,
            "reinvestment_rate": 111.09,
            "research_to_sale_ratio": 0.69,
            "price_fair": 58.63,
            "eps_avg_yearly": 1.68,
            "eps_latest_yearly": 4.16,
            "eps_growth_yearly": 1977.13
        },
        "20113": {
            "year_quarter": 20113,
            "year": 2011,
            "quarter": 3,
            "eps": 1.05,
            "eps_growth_year": null,
            "eps_4q": 3.04,
            "eps_4q_growth_year": 2188.41,
            "roe": 7.61,
            "roe_4q": 23.630000000000003,
            "gross_profit": 178144,
            "gross_margin": 25.52,
            "gross_margin_4q_avg": 25.92,
            "net_income": 134207,
            "net_income_4q": null,
            "revenue": 697988,
            "revenue_4q": null,
            "common_shares": 1278139,
            "book_valuer_per_share": 14.19,
            "book_valuer_per_share_4q_avg": 12.71,
            "equity": 1837344,
            "current_ratio": 189.12,
            "debt_ratio": 36.37,
            "inventory_turnover_ratio": 1.09,
            "account_receivable_turnover_ratio": 1.22,
            "reinvestment_rate": 111.66,
            "research_to_sale_ratio": 0.84,
            "price_fair": 69.3,
            "eps_avg_yearly": 1.98,
            "eps_latest_yearly": 4.2,
            "eps_growth_yearly": 1917.61
        },
        "20114": {
            "year_quarter": 20114,
            "year": 2011,
            "quarter": 4,
            "eps": 0.72,
            "eps_growth_year": 2134.93,
            "eps_4q": 3.73,
            "eps_4q_growth_year": 1215.33,
            "roe": 4.86,
            "roe_4q": 28.21,
            "gross_profit": 147909,
            "gross_margin": 24.87,
            "gross_margin_4q_avg": 27.21,
            "net_income": 91692,
            "net_income_4q": null,
            "revenue": 594785,
            "revenue_4q": null,
            "common_shares": 1278139,
            "book_valuer_per_share": 14.97,
            "book_valuer_per_share_4q_avg": 13.62,
            "equity": 1936487,
            "current_ratio": 188.73,
            "debt_ratio": 30.76,
            "inventory_turnover_ratio": 0.99,
            "account_receivable_turnover_ratio": 1.08,
            "reinvestment_rate": 122.29,
            "research_to_sale_ratio": 0.82,
            "price_fair": 72.8,
            "eps_avg_yearly": 2.08,
            "eps_latest_yearly": 2.88,
            "eps_growth_yearly": 1690.58
        },
        "20121": {
            "year_quarter": 20121,
            "year": 2012,
            "quarter": 1,
            "eps": 0.53,
            "eps_growth_year": -41.76,
            "eps_4q": 3.34,
            "eps_4q_growth_year": 245.94,
            "roe": 3.39,
            "roe_4q": 23.96,
            "gross_profit": 133341,
            "gross_margin": 23.6,
            "gross_margin_4q_avg": 25.98,
            "net_income": 66813,
            "net_income_4q": null,
            "revenue": 565095,
            "revenue_4q": null,
            "common_shares": 1278139,
            "book_valuer_per_share": 15.49,
            "book_valuer_per_share_4q_avg": 14.42,
            "equity": 2001947,
            "current_ratio": 181.69,
            "debt_ratio": 25.56,
            "inventory_turnover_ratio": 1.08,
            "account_receivable_turnover_ratio": 1.13,
            "reinvestment_rate": 114.55,
            "research_to_sale_ratio": 0.96,
            "price_fair": 72.94,
            "eps_avg_yearly": 2.08,
            "eps_latest_yearly": 2.12,
            "eps_growth_yearly": 1510.96
        },
        "20122": {
            "year_quarter": 20122,
            "year": 2012,
            "quarter": 2,
            "eps": 0.47,
            "eps_growth_year": -55.28,
            "eps_4q": 2.77,
            "eps_4q_growth_year": 55.55,
            "roe": 3.12,
            "roe_4q": 18.98,
            "gross_profit": 134724,
            "gross_margin": 22.94,
            "gross_margin_4q_avg": 24.23,
            "net_income": 59312,
            "net_income_4q": null,
            "revenue": 587279,
            "revenue_4q": null,
            "common_shares": 1278139,
            "book_valuer_per_share": 13.96,
            "book_valuer_per_share_4q_avg": 14.65,
            "equity": 1806056,
            "current_ratio": 137.22,
            "debt_ratio": 33.09,
            "inventory_turnover_ratio": 1.35,
            "account_receivable_turnover_ratio": 1.15,
            "reinvestment_rate": 108.9,
            "research_to_sale_ratio": 0.91,
            "price_fair": 73.64,
            "eps_avg_yearly": 2.1,
            "eps_latest_yearly": 1.88,
            "eps_growth_yearly": 1473.39
        },
        "20123": {
            "year_quarter": 20123,
            "year": 2012,
            "quarter": 3,
            "eps": 0.72,
            "eps_growth_year": -31.49,
            "eps_4q": 2.44,
            "eps_4q_growth_year": -19.85,
            "roe": 4.13,
            "roe_4q": 15.5,
            "gross_profit": 180192,
            "gross_margin": 26.01,
            "gross_margin_4q_avg": 24.36,
            "net_income": 76079,
            "net_income_4q": null,
            "revenue": 692818,
            "revenue_4q": null,
            "common_shares": 1278139,
            "book_valuer_per_share": 14.67,
            "book_valuer_per_share_4q_avg": 14.77,
            "equity": 1881553,
            "current_ratio": 139.31,
            "debt_ratio": 33.09,
            "inventory_turnover_ratio": 1.59,
            "account_receivable_turnover_ratio": 1.27,
            "reinvestment_rate": 99.85,
            "research_to_sale_ratio": 0.77,
            "price_fair": 76.11,
            "eps_avg_yearly": 2.17,
            "eps_latest_yearly": 2.88,
            "eps_growth_yearly": 1358.79
        },
        "20124": {
            "year_quarter": 20124,
            "year": 2012,
            "quarter": 4,
            "eps": 0.03,
            "eps_growth_year": -95.64,
            "eps_4q": 1.75,
            "eps_4q_growth_year": -53.23,
            "roe": 0.01,
            "roe_4q": 10.65,
            "gross_profit": 115406,
            "gross_margin": 21.05,
            "gross_margin_4q_avg": 23.4,
            "net_income": 237,
            "net_income_4q": null,
            "revenue": 548328,
            "revenue_4q": null,
            "common_shares": 1278139,
            "book_valuer_per_share": 14.73,
            "book_valuer_per_share_4q_avg": 14.71,
            "equity": 1884861,
            "current_ratio": 179.77,
            "debt_ratio": 26.79,
            "inventory_turnover_ratio": 1.45,
            "account_receivable_turnover_ratio": 1.04,
            "reinvestment_rate": 100.02,
            "research_to_sale_ratio": 0.97,
            "price_fair": 70.12,
            "eps_avg_yearly": 2,
            "eps_latest_yearly": 0.12,
            "eps_growth_yearly": 1213.61
        },
        "20131": {
            "year_quarter": 20131,
            "year": 2013,
            "quarter": 1,
            "eps": 0.52,
            "eps_growth_year": -1.89,
            "eps_4q": 1.74,
            "eps_4q_growth_year": -48.02,
            "roe": 3.49,
            "roe_4q": 10.75,
            "gross_profit": 82595,
            "gross_margin": 19.13,
            "gross_margin_4q_avg": 22.28,
            "net_income": 66536,
            "net_income_4q": null,
            "revenue": 431820,
            "revenue_4q": null,
            "common_shares": 1278139,
            "book_valuer_per_share": 15.05,
            "book_valuer_per_share_4q_avg": 14.6,
            "equity": 1923324,
            "current_ratio": 172.67,
            "debt_ratio": 26.28,
            "inventory_turnover_ratio": 1.23,
            "account_receivable_turnover_ratio": 0.98,
            "reinvestment_rate": 93.18,
            "research_to_sale_ratio": 1.25,
            "price_fair": 75.13,
            "eps_avg_yearly": 2.15,
            "eps_latest_yearly": 2.08,
            "eps_growth_yearly": 1764.12
        },
        "20132": {
            "year_quarter": 20132,
            "year": 2013,
            "quarter": 2,
            "eps": 0.38,
            "eps_growth_year": -18.38,
            "eps_4q": 1.65,
            "eps_4q_growth_year": -40.22,
            "roe": 2.59,
            "roe_4q": 10.219999999999999,
            "gross_profit": 115206,
            "gross_margin": 22.06,
            "gross_margin_4q_avg": 22.06,
            "net_income": 48869,
            "net_income_4q": null,
            "revenue": 522260,
            "revenue_4q": null,
            "common_shares": 1278139,
            "book_valuer_per_share": 14.44,
            "book_valuer_per_share_4q_avg": 14.72,
            "equity": 1845021,
            "current_ratio": 135.86,
            "debt_ratio": 32,
            "inventory_turnover_ratio": 1.27,
            "account_receivable_turnover_ratio": 1.2,
            "reinvestment_rate": 88.09,
            "research_to_sale_ratio": 1.19,
            "price_fair": 79.33,
            "eps_avg_yearly": 2.27,
            "eps_latest_yearly": 1.52,
            "eps_growth_yearly": 1781.07
        },
        "20133": {
            "year_quarter": 20133,
            "year": 2013,
            "quarter": 3,
            "eps": -1.63,
            "eps_growth_year": -326.03,
            "eps_4q": -0.69,
            "eps_4q_growth_year": -128.48,
            "roe": -11.96,
            "roe_4q": -5.870000000000001,
            "gross_profit": 49351,
            "gross_margin": 13.35,
            "gross_margin_4q_avg": 18.9,
            "net_income": -208055,
            "net_income_4q": null,
            "revenue": 369558,
            "revenue_4q": null,
            "common_shares": 1278139,
            "book_valuer_per_share": 12.8,
            "book_valuer_per_share_4q_avg": 14.26,
            "equity": 1635414,
            "current_ratio": 147.99,
            "debt_ratio": 31.43,
            "inventory_turnover_ratio": 1.23,
            "account_receivable_turnover_ratio": 0.97,
            "reinvestment_rate": 97.49,
            "research_to_sale_ratio": 1.44,
            "price_fair": 84,
            "eps_avg_yearly": 2.4,
            "eps_latest_yearly": 1.52,
            "eps_growth_yearly": 1615.71
        },
        "20134": {
            "year_quarter": 20134,
            "year": 2013,
            "quarter": 4,
            "eps": 1.01,
            "eps_growth_year": 3111.82,
            "eps_4q": 0.29,
            "eps_4q_growth_year": -83.6,
            "roe": 7.58,
            "roe_4q": 1.6999999999999993,
            "gross_profit": -37120,
            "gross_margin": -29.16,
            "gross_margin_4q_avg": 6.35,
            "net_income": 129308,
            "net_income_4q": null,
            "revenue": 127276,
            "revenue_4q": null,
            "common_shares": 1278139,
            "book_valuer_per_share": 13.88,
            "book_valuer_per_share_4q_avg": 14.04,
            "equity": 1774153,
            "current_ratio": 132.58,
            "debt_ratio": 26.95,
            "inventory_turnover_ratio": 0.95,
            "account_receivable_turnover_ratio": 0.61,
            "reinvestment_rate": 53.28,
            "research_to_sale_ratio": 3.7,
            "price_fair": 84,
            "eps_avg_yearly": 2.4,
            "eps_latest_yearly": 1.52,
            "eps_growth_yearly": 1615.71
        },
        "20141": {
            "year_quarter": 20141,
            "year": 2014,
            "quarter": 1,
            "eps": 0.03,
            "eps_growth_year": -94.23,
            "eps_4q": -0.2,
            "eps_4q_growth_year": -111.59,
            "roe": 0.23,
            "roe_4q": -1.5600000000000005,
            "gross_profit": 807,
            "gross_margin": 0.43,
            "gross_margin_4q_avg": 1.67,
            "net_income": 4126,
            "net_income_4q": null,
            "revenue": 188427,
            "revenue_4q": null,
            "common_shares": 1278139,
            "book_valuer_per_share": 13.92,
            "book_valuer_per_share_4q_avg": 13.76,
            "equity": 1779542,
            "current_ratio": 132.21,
            "debt_ratio": 27.93,
            "inventory_turnover_ratio": 0.98,
            "account_receivable_turnover_ratio": 1.24,
            "reinvestment_rate": 60.98,
            "research_to_sale_ratio": 3.07,
            "price_fair": 77.35,
            "eps_avg_yearly": 2.21,
            "eps_latest_yearly": 0.12,
            "eps_growth_yearly": 1448.73
        },
        "20142": {
            "year_quarter": 20142,
            "year": 2014,
            "quarter": 2,
            "eps": -0.22,
            "eps_growth_year": -157.89,
            "eps_4q": -0.8,
            "eps_4q_growth_year": -148.55,
            "roe": -1.6,
            "roe_4q": -5.750000000000001,
            "gross_profit": 43650,
            "gross_margin": 12.61,
            "gross_margin_4q_avg": -0.69,
            "net_income": -28080,
            "net_income_4q": null,
            "revenue": 346282,
            "revenue_4q": null,
            "common_shares": 1278139,
            "book_valuer_per_share": 13.49,
            "book_valuer_per_share_4q_avg": 13.52,
            "equity": 1723784,
            "current_ratio": 120.68,
            "debt_ratio": 29.16,
            "inventory_turnover_ratio": 1.32,
            "account_receivable_turnover_ratio": 1.49,
            "reinvestment_rate": 59.89,
            "research_to_sale_ratio": 1.67,
            "price_fair": 81.45,
            "eps_avg_yearly": 2.33,
            "eps_latest_yearly": 0.12,
            "eps_growth_yearly": 1580.43
        },
        "20143": {
            "year_quarter": 20143,
            "year": 2014,
            "quarter": 3,
            "eps": 0.26,
            "eps_growth_year": null,
            "eps_4q": 1.09,
            "eps_4q_growth_year": null,
            "roe": 1.92,
            "roe_4q": 8.129999999999999,
            "gross_profit": 76115,
            "gross_margin": 18.44,
            "gross_margin_4q_avg": 0.58,
            "net_income": 33449,
            "net_income_4q": null,
            "revenue": 412822,
            "revenue_4q": null,
            "common_shares": 1278139,
            "book_valuer_per_share": 13.76,
            "book_valuer_per_share_4q_avg": 13.76,
            "equity": 1759207,
            "current_ratio": 131.88,
            "debt_ratio": 27.78,
            "inventory_turnover_ratio": 1.33,
            "account_receivable_turnover_ratio": 1.32,
            "reinvestment_rate": 64.09,
            "research_to_sale_ratio": 1.29,
            "price_fair": 81.45,
            "eps_avg_yearly": 2.33,
            "eps_latest_yearly": 0.12,
            "eps_growth_yearly": 1580.43
        },
        "20144": {
            "year_quarter": 20144,
            "year": 2014,
            "quarter": 4,
            "eps": 0.25,
            "eps_growth_year": -75.75,
            "eps_4q": 0.32,
            "eps_4q_growth_year": 11.68,
            "roe": 1.77,
            "roe_4q": 2.32,
            "gross_profit": 58771,
            "gross_margin": 14.6,
            "gross_margin_4q_avg": 11.52,
            "net_income": 31362,
            "net_income_4q": null,
            "revenue": 402631,
            "revenue_4q": null,
            "common_shares": 1278139,
            "book_valuer_per_share": 14.01,
            "book_valuer_per_share_4q_avg": 13.8,
            "equity": 1790197,
            "current_ratio": 135.02,
            "debt_ratio": 29.02,
            "inventory_turnover_ratio": 1.33,
            "account_receivable_turnover_ratio": 1.14,
            "reinvestment_rate": 64.66,
            "research_to_sale_ratio": 1.41,
            "price_fair": 77.58,
            "eps_avg_yearly": 2.22,
            "eps_latest_yearly": 1,
            "eps_growth_yearly": 1447.44
        },
        "20151": {
            "year_quarter": 20151,
            "year": 2015,
            "quarter": 1,
            "eps": 0.08,
            "eps_growth_year": 166.67,
            "eps_4q": 0.37,
            "eps_4q_growth_year": null,
            "roe": 0.58,
            "roe_4q": 2.6699999999999995,
            "gross_profit": 59685,
            "gross_margin": 14.87,
            "gross_margin_4q_avg": 15.13,
            "net_income": 10337,
            "net_income_4q": null,
            "revenue": 401327,
            "revenue_4q": null,
            "common_shares": 1278139,
            "book_valuer_per_share": 14.07,
            "book_valuer_per_share_4q_avg": 13.83,
            "equity": 1797780,
            "current_ratio": 142,
            "debt_ratio": 27.62,
            "inventory_turnover_ratio": 1.48,
            "account_receivable_turnover_ratio": 1.11,
            "reinvestment_rate": 61.76,
            "research_to_sale_ratio": 1.59,
            "price_fair": 67.9,
            "eps_avg_yearly": 1.94,
            "eps_latest_yearly": 0.32,
            "eps_growth_yearly": 447
        },
        "20152": {
            "year_quarter": 20152,
            "year": 2015,
            "quarter": 2,
            "eps": 0.2,
            "eps_growth_year": null,
            "eps_4q": 0.79,
            "eps_4q_growth_year": null,
            "roe": 1.41,
            "roe_4q": 5.68,
            "gross_profit": 74235,
            "gross_margin": 17.38,
            "gross_margin_4q_avg": 16.32,
            "net_income": 25276,
            "net_income_4q": null,
            "revenue": 427129,
            "revenue_4q": null,
            "common_shares": 1278139,
            "book_valuer_per_share": 14.06,
            "book_valuer_per_share_4q_avg": 13.98,
            "equity": 1796836,
            "current_ratio": 142.42,
            "debt_ratio": 27.97,
            "inventory_turnover_ratio": 1.57,
            "account_receivable_turnover_ratio": 1.16,
            "reinvestment_rate": 55.06,
            "research_to_sale_ratio": 1.36,
            "price_fair": 58.1,
            "eps_avg_yearly": 1.66,
            "eps_latest_yearly": 0.8,
            "eps_growth_yearly": 492.24
        },
        "20153": {
            "year_quarter": 20153,
            "year": 2015,
            "quarter": 3,
            "eps": 0.44,
            "eps_growth_year": 69.23,
            "eps_4q": 0.96,
            "eps_4q_growth_year": -11.33,
            "roe": 3.07,
            "roe_4q": 6.83,
            "gross_profit": 90635,
            "gross_margin": 19.61,
            "gross_margin_4q_avg": 16.62,
            "net_income": 56095,
            "net_income_4q": null,
            "revenue": 462141,
            "revenue_4q": null,
            "common_shares": 1278139,
            "book_valuer_per_share": 14.52,
            "book_valuer_per_share_4q_avg": 14.17,
            "equity": 1856025,
            "current_ratio": 162.7,
            "debt_ratio": 24.74,
            "inventory_turnover_ratio": 1.57,
            "account_receivable_turnover_ratio": 1.17,
            "reinvestment_rate": 45.87,
            "research_to_sale_ratio": 1.42,
            "price_fair": 50.98,
            "eps_avg_yearly": 1.46,
            "eps_latest_yearly": 1.76,
            "eps_growth_yearly": 531.92
        },
        "20154": {
            "year_quarter": 20154,
            "year": 2015,
            "quarter": 4,
            "eps": 0.95,
            "eps_growth_year": 289.11,
            "eps_4q": 1.67,
            "eps_4q_growth_year": 423.15,
            "roe": 6.37,
            "roe_4q": 11.43,
            "gross_profit": 108131,
            "gross_margin": 22.81,
            "gross_margin_4q_avg": 18.67,
            "net_income": 122034,
            "net_income_4q": null,
            "revenue": 474057,
            "revenue_4q": null,
            "common_shares": 1278139,
            "book_valuer_per_share": 15.48,
            "book_valuer_per_share_4q_avg": 14.53,
            "equity": 1977952,
            "current_ratio": 159.97,
            "debt_ratio": 25.93,
            "inventory_turnover_ratio": 1.52,
            "account_receivable_turnover_ratio": 1.15,
            "reinvestment_rate": 25.08,
            "research_to_sale_ratio": 1.65,
            "price_fair": 53.67,
            "eps_avg_yearly": 1.53,
            "eps_latest_yearly": 3.8,
            "eps_growth_yearly": 581.03
        },
        "20161": {
            "year_quarter": 20161,
            "year": 2016,
            "quarter": 1,
            "eps": 0.35,
            "eps_growth_year": 337.5,
            "eps_4q": 1.95,
            "eps_4q_growth_year": 428.18,
            "roe": 2.26,
            "roe_4q": 13.11,
            "gross_profit": 104036,
            "gross_margin": 21.94,
            "gross_margin_4q_avg": 20.44,
            "net_income": 45201,
            "net_income_4q": null,
            "revenue": 474156,
            "revenue_4q": null,
            "common_shares": 1278139,
            "book_valuer_per_share": 15.8,
            "book_valuer_per_share_4q_avg": 14.97,
            "equity": 2019831,
            "current_ratio": 160.04,
            "debt_ratio": 25.16,
            "inventory_turnover_ratio": 1.56,
            "account_receivable_turnover_ratio": 1.2,
            "reinvestment_rate": 22.16,
            "research_to_sale_ratio": 0.96,
            "price_fair": 51.57,
            "eps_avg_yearly": 1.47,
            "eps_latest_yearly": 1.4,
            "eps_growth_yearly": 568.77
        },
        "20162": {
            "year_quarter": 20162,
            "year": 2016,
            "quarter": 2,
            "eps": 0.35,
            "eps_growth_year": 75,
            "eps_4q": 2.1,
            "eps_4q_growth_year": 166.66,
            "roe": 2.25,
            "roe_4q": 13.95,
            "gross_profit": 104894,
            "gross_margin": 19.02,
            "gross_margin_4q_avg": 20.85,
            "net_income": 44465,
            "net_income_4q": null,
            "revenue": 551352,
            "revenue_4q": null,
            "common_shares": 1278139,
            "book_valuer_per_share": 15.16,
            "book_valuer_per_share_4q_avg": 15.24,
            "equity": 1937653,
            "current_ratio": 135.31,
            "debt_ratio": 28.29,
            "inventory_turnover_ratio": 1.89,
            "account_receivable_turnover_ratio": 1.38,
            "reinvestment_rate": 33.51,
            "research_to_sale_ratio": 0.62,
            "price_fair": 50.17,
            "eps_avg_yearly": 1.43,
            "eps_latest_yearly": 1.4,
            "eps_growth_yearly": 572.55
        },
        "20163": {
            "year_quarter": 20163,
            "year": 2016,
            "quarter": 3,
            "eps": 0.43,
            "eps_growth_year": -2.27,
            "eps_4q": 2.08,
            "eps_4q_growth_year": 116.29,
            "roe": 2.79,
            "roe_4q": 13.67,
            "gross_profit": 100854,
            "gross_margin": 18.41,
            "gross_margin_4q_avg": 20.55,
            "net_income": 54485,
            "net_income_4q": null,
            "revenue": 547951,
            "revenue_4q": null,
            "common_shares": 1278139,
            "book_valuer_per_share": 15.39,
            "book_valuer_per_share_4q_avg": 15.46,
            "equity": 1967659,
            "current_ratio": 157.53,
            "debt_ratio": 26.09,
            "inventory_turnover_ratio": 1.78,
            "account_receivable_turnover_ratio": 1.27,
            "reinvestment_rate": 5.8,
            "research_to_sale_ratio": 0.51,
            "price_fair": 46.78,
            "eps_avg_yearly": 1.34,
            "eps_latest_yearly": 1.72,
            "eps_growth_yearly": 562.44
        },
        "20164": {
            "year_quarter": 20164,
            "year": 2016,
            "quarter": 4,
            "eps": 0.3,
            "eps_growth_year": -69.02,
            "eps_4q": 1.42,
            "eps_4q_growth_year": -14.87,
            "roe": 1.9,
            "roe_4q": 9.2,
            "gross_profit": 84133,
            "gross_margin": 15.95,
            "gross_margin_4q_avg": 18.83,
            "net_income": 37802,
            "net_income_4q": null,
            "revenue": 527431,
            "revenue_4q": null,
            "common_shares": 1278139,
            "book_valuer_per_share": 15.7,
            "book_valuer_per_share_4q_avg": 15.51,
            "equity": 2006074,
            "current_ratio": 153.2,
            "debt_ratio": 28.43,
            "inventory_turnover_ratio": 1.67,
            "account_receivable_turnover_ratio": 1.19,
            "reinvestment_rate": 13.31,
            "research_to_sale_ratio": 0.5,
            "price_fair": 49.93,
            "eps_avg_yearly": 1.43,
            "eps_latest_yearly": 1.2,
            "eps_growth_yearly": 584.3
        },
        "20171": {
            "year_quarter": 20171,
            "year": 2017,
            "quarter": 1,
            "eps": 0.02,
            "eps_growth_year": -94.29,
            "eps_4q": 1.09,
            "eps_4q_growth_year": -44.16,
            "roe": 0.1,
            "roe_4q": 7.04,
            "gross_profit": 71785,
            "gross_margin": 13.18,
            "gross_margin_4q_avg": 16.64,
            "net_income": 2063,
            "net_income_4q": null,
            "revenue": 544604,
            "revenue_4q": null,
            "common_shares": 1278139,
            "book_valuer_per_share": 15.71,
            "book_valuer_per_share_4q_avg": 15.49,
            "equity": 2007646,
            "current_ratio": 159.45,
            "debt_ratio": 26.54,
            "inventory_turnover_ratio": 1.67,
            "account_receivable_turnover_ratio": 1.24,
            "reinvestment_rate": 14.02,
            "research_to_sale_ratio": 0.47,
            "price_fair": 23.62,
            "eps_avg_yearly": 1.26,
            "eps_latest_yearly": 0.08,
            "eps_growth_yearly": 8.75
        },
        "20172": {
            "year_quarter": 20172,
            "year": 2017,
            "quarter": 2,
            "eps": 0.22,
            "eps_growth_year": -37.14,
            "eps_4q": 0.95,
            "eps_4q_growth_year": -54.49,
            "roe": 1.41,
            "roe_4q": 6.2,
            "gross_profit": 78846,
            "gross_margin": 14.21,
            "gross_margin_4q_avg": 15.44,
            "net_income": 27533,
            "net_income_4q": null,
            "revenue": 555014,
            "revenue_4q": null,
            "common_shares": 1278139,
            "book_valuer_per_share": 14.92,
            "book_valuer_per_share_4q_avg": 15.43,
            "equity": 1907385,
            "current_ratio": 132.3,
            "debt_ratio": 30.34,
            "inventory_turnover_ratio": 1.8,
            "account_receivable_turnover_ratio": 1.26,
            "reinvestment_rate": 14.77,
            "research_to_sale_ratio": 0.45,
            "price_fair": 42.23,
            "eps_avg_yearly": 1.21,
            "eps_latest_yearly": 0.88,
            "eps_growth_yearly": 351.06
        },
        "20173": {
            "year_quarter": 20173,
            "year": 2017,
            "quarter": 3,
            "eps": 0.14,
            "eps_growth_year": -67.44,
            "eps_4q": 0.66,
            "eps_4q_growth_year": -68.11,
            "roe": 0.91,
            "roe_4q": 4.32,
            "gross_profit": 56880,
            "gross_margin": 11.88,
            "gross_margin_4q_avg": 13.81,
            "net_income": 17486,
            "net_income_4q": null,
            "revenue": 478753,
            "revenue_4q": null,
            "common_shares": 1278139,
            "book_valuer_per_share": 15.06,
            "book_valuer_per_share_4q_avg": 15.35,
            "equity": 1924627,
            "current_ratio": 133.55,
            "debt_ratio": 28.57,
            "inventory_turnover_ratio": 1.69,
            "account_receivable_turnover_ratio": 1.1,
            "reinvestment_rate": 32.83,
            "research_to_sale_ratio": 0.53,
            "price_fair": 40.49,
            "eps_avg_yearly": 1.16,
            "eps_latest_yearly": 0.56,
            "eps_growth_yearly": 312.86
        },
        "20174": {
            "year_quarter": 20174,
            "year": 2017,
            "quarter": 4,
            "eps": 0.32,
            "eps_growth_year": 6.63,
            "eps_4q": 0.68,
            "eps_4q_growth_year": -51.97,
            "roe": 2.07,
            "roe_4q": 4.489999999999999,
            "gross_profit": 92255,
            "gross_margin": 17.67,
            "gross_margin_4q_avg": 14.24,
            "net_income": 40307,
            "net_income_4q": null,
            "revenue": 522206,
            "revenue_4q": null,
            "common_shares": 1278139,
            "book_valuer_per_share": 15.37,
            "book_valuer_per_share_4q_avg": 15.27,
            "equity": 1964731,
            "current_ratio": 118,
            "debt_ratio": 31.96,
            "inventory_turnover_ratio": 1.53,
            "account_receivable_turnover_ratio": 1.18,
            "reinvestment_rate": 19.78,
            "research_to_sale_ratio": 0.5,
            "price_fair": 40.8,
            "eps_avg_yearly": 1.17,
            "eps_latest_yearly": 1.28,
            "eps_growth_yearly": 327.25
        },
        "20181": {
            "year_quarter": 20181,
            "year": 2018,
            "quarter": 1,
            "eps": 0.1,
            "eps_growth_year": 400,
            "eps_4q": 0.77,
            "eps_4q_growth_year": -28.92,
            "roe": 0.68,
            "roe_4q": 5.07,
            "gross_profit": 67164,
            "gross_margin": 14.28,
            "gross_margin_4q_avg": 14.51,
            "net_income": 13349,
            "net_income_4q": null,
            "revenue": 470471,
            "revenue_4q": null,
            "common_shares": 1278139,
            "book_valuer_per_share": 15.51,
            "book_valuer_per_share_4q_avg": 15.22,
            "equity": 1982028,
            "current_ratio": 120.55,
            "debt_ratio": 28.63,
            "inventory_turnover_ratio": 1.31,
            "account_receivable_turnover_ratio": 1.14,
            "reinvestment_rate": 18.02,
            "research_to_sale_ratio": 0.52,
            "price_fair": 41.5,
            "eps_avg_yearly": 1.19,
            "eps_latest_yearly": 0.4,
            "eps_growth_yearly": 335.33
        },
        "20182": {
            "year_quarter": 20182,
            "year": 2018,
            "quarter": 2,
            "eps": 0.25,
            "eps_growth_year": 13.64,
            "eps_4q": 0.8,
            "eps_4q_growth_year": -15.85,
            "roe": 1.6,
            "roe_4q": 5.26,
            "gross_profit": 50816,
            "gross_margin": 10.43,
            "gross_margin_4q_avg": 13.57,
            "net_income": 31423,
            "net_income_4q": null,
            "revenue": 487319,
            "revenue_4q": null,
            "common_shares": 1278139,
            "book_valuer_per_share": 15.17,
            "book_valuer_per_share_4q_avg": 15.28,
            "equity": 1939093,
            "current_ratio": 110.14,
            "debt_ratio": 31.09,
            "inventory_turnover_ratio": 1.41,
            "account_receivable_turnover_ratio": 1.22,
            "reinvestment_rate": 28.84,
            "research_to_sale_ratio": 0.47,
            "price_fair": 41.07,
            "eps_avg_yearly": 1.17,
            "eps_latest_yearly": 1,
            "eps_growth_yearly": 352.97
        },
        "20183": {
            "year_quarter": 20183,
            "year": 2018,
            "quarter": 3,
            "eps": 0.08,
            "eps_growth_year": -42.86,
            "eps_4q": 0.74,
            "eps_4q_growth_year": 11.85,
            "roe": 0.51,
            "roe_4q": 4.86,
            "gross_profit": 53858,
            "gross_margin": 10.46,
            "gross_margin_4q_avg": 13.21,
            "net_income": 9867,
            "net_income_4q": null,
            "revenue": 515034,
            "revenue_4q": null,
            "common_shares": 1278139,
            "book_valuer_per_share": 15.23,
            "book_valuer_per_share_4q_avg": 15.32,
            "equity": 1946780,
            "current_ratio": 106.67,
            "debt_ratio": 31.79,
            "inventory_turnover_ratio": 1.59,
            "account_receivable_turnover_ratio": 1.2,
            "reinvestment_rate": 34.08,
            "research_to_sale_ratio": 0.45,
            "price_fair": 39.2,
            "eps_avg_yearly": 1.12,
            "eps_latest_yearly": 0.32,
            "eps_growth_yearly": 313.91
        },
        "20184": {
            "year_quarter": 20184,
            "year": 2018,
            "quarter": 4,
            "eps": 0.33,
            "eps_growth_year": 5.24,
            "eps_4q": 0.76,
            "eps_4q_growth_year": 11.06,
            "roe": 2.16,
            "roe_4q": 4.949999999999999,
            "gross_profit": 78125,
            "gross_margin": 14.52,
            "gross_margin_4q_avg": 12.42,
            "net_income": 42419,
            "net_income_4q": null,
            "revenue": 537991,
            "revenue_4q": null,
            "common_shares": 1278139,
            "book_valuer_per_share": 15.54,
            "book_valuer_per_share_4q_avg": 15.36,
            "equity": 1986039,
            "current_ratio": 113.55,
            "debt_ratio": 31.62,
            "inventory_turnover_ratio": 1.77,
            "account_receivable_turnover_ratio": 1.23,
            "reinvestment_rate": 49.42,
            "research_to_sale_ratio": 0.46,
            "price_fair": 39.9,
            "eps_avg_yearly": 1.14,
            "eps_latest_yearly": 1.32,
            "eps_growth_yearly": 393
        },
        "20191": {
            "year_quarter": 20191,
            "year": 2019,
            "quarter": 1,
            "eps": 0.12,
            "eps_growth_year": 20,
            "eps_4q": 0.78,
            "eps_4q_growth_year": 0.45,
            "roe": 0.77,
            "roe_4q": 5.040000000000001,
            "gross_profit": 48337,
            "gross_margin": 10.86,
            "gross_margin_4q_avg": 11.57,
            "net_income": 15407,
            "net_income_4q": null,
            "revenue": 445032,
            "revenue_4q": null,
            "common_shares": 1278139,
            "book_valuer_per_share": 15.68,
            "book_valuer_per_share_4q_avg": 15.41,
            "equity": 2003988,
            "current_ratio": 124.07,
            "debt_ratio": 28.02,
            "inventory_turnover_ratio": 1.63,
            "account_receivable_turnover_ratio": 1.06,
            "reinvestment_rate": 44.39,
            "research_to_sale_ratio": 0.53,
            "price_fair": 40.25,
            "eps_avg_yearly": 1.15,
            "eps_latest_yearly": 0.48,
            "eps_growth_yearly": 394.09
        },
        "20192": {
            "year_quarter": 20192,
            "year": 2019,
            "quarter": 2,
            "eps": 0.21,
            "eps_growth_year": -16,
            "eps_4q": 0.74,
            "eps_4q_growth_year": -7.82,
            "roe": 1.35,
            "roe_4q": 4.79,
            "gross_profit": 71068,
            "gross_margin": 14.74,
            "gross_margin_4q_avg": 12.65,
            "net_income": 26849,
            "net_income_4q": null,
            "revenue": 482230,
            "revenue_4q": null,
            "common_shares": 1278139,
            "book_valuer_per_share": 15.38,
            "book_valuer_per_share_4q_avg": 15.46,
            "equity": 1965363,
            "current_ratio": 118.86,
            "debt_ratio": 32.28,
            "inventory_turnover_ratio": 1.58,
            "account_receivable_turnover_ratio": 1.18,
            "reinvestment_rate": 40.46,
            "research_to_sale_ratio": 0.49,
            "price_fair": 40.34,
            "eps_avg_yearly": 1.15,
            "eps_latest_yearly": 0.84,
            "eps_growth_yearly": 375.34
        },
        "20193": {
            "year_quarter": 20193,
            "year": 2019,
            "quarter": 3,
            "eps": 0.15,
            "eps_growth_year": 87.5,
            "eps_4q": 0.81,
            "eps_4q_growth_year": 9.3,
            "roe": 0.97,
            "roe_4q": 5.25,
            "gross_profit": 63808,
            "gross_margin": 13.44,
            "gross_margin_4q_avg": 13.39,
            "net_income": 19102,
            "net_income_4q": null,
            "revenue": 474806,
            "revenue_4q": null,
            "common_shares": 1278139,
            "book_valuer_per_share": 15.5,
            "book_valuer_per_share_4q_avg": 15.53,
            "equity": 1980790,
            "current_ratio": 130.42,
            "debt_ratio": 28.56,
            "inventory_turnover_ratio": 1.51,
            "account_receivable_turnover_ratio": 1.15,
            "reinvestment_rate": 36.31,
            "research_to_sale_ratio": 0.5,
            "price_fair": 37.8,
            "eps_avg_yearly": 1.08,
            "eps_latest_yearly": 0.6,
            "eps_growth_yearly": 338.2
        },
        "20194": {
            "year_quarter": 20194,
            "year": 2019,
            "quarter": 4,
            "eps": 0.08,
            "eps_growth_year": -76.74,
            "eps_4q": 0.56,
            "eps_4q_growth_year": -26.62,
            "roe": 0.5,
            "roe_4q": 3.5900000000000003,
            "gross_profit": 74094,
            "gross_margin": 14.85,
            "gross_margin_4q_avg": 13.47,
            "net_income": 9865,
            "net_income_4q": null,
            "revenue": 499097,
            "revenue_4q": null,
            "common_shares": 1278139,
            "book_valuer_per_share": 15.56,
            "book_valuer_per_share_4q_avg": 15.53,
            "equity": 1988352,
            "current_ratio": 136.71,
            "debt_ratio": 28.02,
            "inventory_turnover_ratio": 1.72,
            "account_receivable_turnover_ratio": 1.22,
            "reinvestment_rate": 13.02,
            "research_to_sale_ratio": 0.47,
            "price_fair": 30.19,
            "eps_avg_yearly": 0.86,
            "eps_latest_yearly": 0.32,
            "eps_growth_yearly": 297.55
        },
        "20201": {
            "year_quarter": 20201,
            "year": 2020,
            "quarter": 1,
            "eps": 0.15,
            "eps_growth_year": 25,
            "eps_4q": 0.59,
            "eps_4q_growth_year": -23.87,
            "roe": 0.98,
            "roe_4q": 3.8000000000000003,
            "gross_profit": 66285,
            "gross_margin": 14.66,
            "gross_margin_4q_avg": 14.42,
            "net_income": 19644,
            "net_income_4q": null,
            "revenue": 452158,
            "revenue_4q": null,
            "common_shares": 1278139,
            "book_valuer_per_share": 15.69,
            "book_valuer_per_share_4q_avg": 15.53,
            "equity": 2005191,
            "current_ratio": 153.78,
            "debt_ratio": 24.52,
            "inventory_turnover_ratio": 1.75,
            "account_receivable_turnover_ratio": 1.13,
            "reinvestment_rate": 8.17,
            "research_to_sale_ratio": 0.51,
            "price_fair": 28.44,
            "eps_avg_yearly": 0.81,
            "eps_latest_yearly": 0.6,
            "eps_growth_yearly": 335.22
        },
        "20202": {
            "year_quarter": 20202,
            "year": 2020,
            "quarter": 2,
            "eps": 0.03,
            "eps_growth_year": -85.71,
            "eps_4q": 0.41,
            "eps_4q_growth_year": -44.12,
            "roe": 0.21,
            "roe_4q": 2.66,
            "gross_profit": 50185,
            "gross_margin": 12.61,
            "gross_margin_4q_avg": 13.89,
            "net_income": 4219,
            "net_income_4q": null,
            "revenue": 397901,
            "revenue_4q": null,
            "common_shares": 1278139,
            "book_valuer_per_share": 15.21,
            "book_valuer_per_share_4q_avg": 15.49,
            "equity": 1943575,
            "current_ratio": 138.86,
            "debt_ratio": 28.22,
            "inventory_turnover_ratio": 1.55,
            "account_receivable_turnover_ratio": 1.04,
            "reinvestment_rate": -4.79,
            "research_to_sale_ratio": 0.52,
            "price_fair": 25.64,
            "eps_avg_yearly": 0.73,
            "eps_latest_yearly": 0.12,
            "eps_growth_yearly": 315.22
        },
        "20203": {
            "year_quarter": 20203,
            "year": 2020,
            "quarter": 3,
            "eps": -0.01,
            "eps_growth_year": -106.67,
            "eps_4q": 0.26,
            "eps_4q_growth_year": -68.41,
            "roe": -0.05,
            "roe_4q": 1.64,
            "gross_profit": 43368,
            "gross_margin": 9.74,
            "gross_margin_4q_avg": 12.97,
            "net_income": -944,
            "net_income_4q": null,
            "revenue": 445302,
            "revenue_4q": null,
            "common_shares": 1278139,
            "book_valuer_per_share": 15.19,
            "book_valuer_per_share_4q_avg": 15.41,
            "equity": 1941958,
            "current_ratio": 125.36,
            "debt_ratio": 40.33,
            "inventory_turnover_ratio": 1.79,
            "account_receivable_turnover_ratio": 1.24,
            "reinvestment_rate": 4.6,
            "research_to_sale_ratio": 0.32,
            "price_fair": 23.33,
            "eps_avg_yearly": 0.67,
            "eps_latest_yearly": 0.12,
            "eps_growth_yearly": 330.14
        },
        "20204": {
            "year_quarter": 20204,
            "year": 2020,
            "quarter": 4,
            "eps": 0.02,
            "eps_growth_year": -74.07,
            "eps_4q": 0.2,
            "eps_4q_growth_year": -64.23,
            "roe": 0.13,
            "roe_4q": 1.27,
            "gross_profit": 60880,
            "gross_margin": 13.5,
            "gross_margin_4q_avg": 12.63,
            "net_income": 2558,
            "net_income_4q": null,
            "revenue": 450978,
            "revenue_4q": null,
            "common_shares": 1278139,
            "book_valuer_per_share": 15.23,
            "book_valuer_per_share_4q_avg": 15.33,
            "equity": 1946526,
            "current_ratio": 131.89,
            "debt_ratio": 38.01,
            "inventory_turnover_ratio": 1.94,
            "account_receivable_turnover_ratio": 1.23,
            "reinvestment_rate": -19.51,
            "research_to_sale_ratio": 0.28,
            "price_fair": 22,
            "eps_avg_yearly": 0.63,
            "eps_latest_yearly": 0.12,
            "eps_growth_yearly": 362.36
        },
        "20211": {
            "year_quarter": 20211,
            "year": 2021,
            "quarter": 1,
            "eps": -0.27,
            "eps_growth_year": -280,
            "eps_4q": -0.22,
            "eps_4q_growth_year": -137.5,
            "roe": -1.77,
            "roe_4q": -1.4800000000000002,
            "gross_profit": 60428,
            "gross_margin": 13.65,
            "gross_margin_4q_avg": 12.38,
            "net_income": -34130,
            "net_income_4q": null,
            "revenue": 442630,
            "revenue_4q": null,
            "common_shares": 1278139,
            "book_valuer_per_share": 14.97,
            "book_valuer_per_share_4q_avg": 15.15,
            "equity": 1913140,
            "current_ratio": 127.16,
            "debt_ratio": 38.83,
            "inventory_turnover_ratio": 2.01,
            "account_receivable_turnover_ratio": 1.13,
            "reinvestment_rate": -14.05,
            "research_to_sale_ratio": 0.19,
            "price_fair": 23.48,
            "eps_avg_yearly": 0.67,
            "eps_latest_yearly": 0.12,
            "eps_growth_yearly": 418.95
        },
        "20212": {
            "year_quarter": 20212,
            "year": 2021,
            "quarter": 2,
            "eps": 0.25,
            "eps_growth_year": 733.33,
            "eps_4q": -0,
            "eps_4q_growth_year": -100.69,
            "roe": 1.67,
            "roe_4q": -0.020000000000000087,
            "gross_profit": 85830,
            "gross_margin": 15.92,
            "gross_margin_4q_avg": 13.2,
            "net_income": 32154,
            "net_income_4q": null,
            "revenue": 538967,
            "revenue_4q": null,
            "common_shares": 1278139,
            "book_valuer_per_share": 15.21,
            "book_valuer_per_share_4q_avg": 15.15,
            "equity": 1944519,
            "current_ratio": 136.07,
            "debt_ratio": 37.25,
            "inventory_turnover_ratio": 2.49,
            "account_receivable_turnover_ratio": 1.24,
            "reinvestment_rate": -46.76,
            "research_to_sale_ratio": 0.14,
            "price_fair": 22.87,
            "eps_avg_yearly": 0.65,
            "eps_latest_yearly": 0.12,
            "eps_growth_yearly": 120.53
        }
    },
    "months": {
        "2001-06": {
            "month": "2001-06",
            "price": "5.78",
            "revenue": 144957
        },
        "2001-07": {
            "month": "2001-07",
            "price": "5.11",
            "revenue": 213375
        },
        "2001-08": {
            "month": "2001-08",
            "price": "4.90",
            "revenue": 291178
        },
        "2001-09": {
            "month": "2001-09",
            "price": "4.82",
            "revenue": 140090
        },
        "2001-10": {
            "month": "2001-10",
            "price": "4.19",
            "revenue": 218394
        },
        "2001-11": {
            "month": "2001-11",
            "price": "4.59",
            "revenue": 205018
        },
        "2001-12": {
            "month": "2001-12",
            "price": "6.98",
            "revenue": 168847
        },
        "2002-01": {
            "month": "2002-01",
            "price": "10.71",
            "revenue": 109112
        },
        "2002-02": {
            "month": "2002-02",
            "price": "12.80",
            "revenue": 89858
        },
        "2002-03": {
            "month": "2002-03",
            "price": "11.98",
            "revenue": 149971
        },
        "2002-04": {
            "month": "2002-04",
            "price": "11.67",
            "revenue": 174152
        },
        "2002-05": {
            "month": "2002-05",
            "price": "11.56",
            "revenue": 170600
        },
        "2002-06": {
            "month": "2002-06",
            "price": "11.56",
            "revenue": 134539
        },
        "2002-07": {
            "month": "2002-07",
            "price": "10.75",
            "revenue": 172968
        },
        "2002-08": {
            "month": "2002-08",
            "price": "10.61",
            "revenue": 186456
        },
        "2002-09": {
            "month": "2002-09",
            "price": "10.09",
            "revenue": 214822
        },
        "2002-10": {
            "month": "2002-10",
            "price": "10.57",
            "revenue": 218143
        },
        "2002-11": {
            "month": "2002-11",
            "price": "11.72",
            "revenue": 156313
        },
        "2002-12": {
            "month": "2002-12",
            "price": "11.43",
            "revenue": 133379
        },
        "2003-01": {
            "month": "2003-01",
            "price": "13.11",
            "revenue": 138442
        },
        "2003-02": {
            "month": "2003-02",
            "price": "11.39",
            "revenue": 114153
        },
        "2003-03": {
            "month": "2003-03",
            "price": "10.52",
            "revenue": 137896
        },
        "2003-04": {
            "month": "2003-04",
            "price": "10.35",
            "revenue": 129829
        },
        "2003-05": {
            "month": "2003-05",
            "price": "9.45",
            "revenue": 134675
        },
        "2003-06": {
            "month": "2003-06",
            "price": "10.13",
            "revenue": 149744
        },
        "2003-07": {
            "month": "2003-07",
            "price": "9.95",
            "revenue": 148930
        },
        "2003-08": {
            "month": "2003-08",
            "price": "9.47",
            "revenue": 166464
        },
        "2003-09": {
            "month": "2003-09",
            "price": "9.10",
            "revenue": 160514
        },
        "2003-10": {
            "month": "2003-10",
            "price": "9.28",
            "revenue": 163192
        },
        "2003-11": {
            "month": "2003-11",
            "price": "9.52",
            "revenue": 141416
        },
        "2003-12": {
            "month": "2003-12",
            "price": "9.55",
            "revenue": 143164
        },
        "2004-01": {
            "month": "2004-01",
            "price": "9.86",
            "revenue": 104224
        },
        "2004-02": {
            "month": "2004-02",
            "price": "12.00",
            "revenue": 141657
        },
        "2004-03": {
            "month": "2004-03",
            "price": "12.09",
            "revenue": 152843
        },
        "2004-04": {
            "month": "2004-04",
            "price": "11.06",
            "revenue": 151602
        },
        "2004-05": {
            "month": "2004-05",
            "price": "9.69",
            "revenue": 157784
        },
        "2004-06": {
            "month": "2004-06",
            "price": "9.34",
            "revenue": 157325
        },
        "2004-07": {
            "month": "2004-07",
            "price": "8.90",
            "revenue": 154856
        },
        "2004-08": {
            "month": "2004-08",
            "price": "8.09",
            "revenue": 154164
        },
        "2004-09": {
            "month": "2004-09",
            "price": "8.15",
            "revenue": 147132
        },
        "2004-10": {
            "month": "2004-10",
            "price": "7.75",
            "revenue": 137922
        },
        "2004-11": {
            "month": "2004-11",
            "price": "7.66",
            "revenue": 133630
        },
        "2004-12": {
            "month": "2004-12",
            "price": "7.70",
            "revenue": 155328
        },
        "2005-01": {
            "month": "2005-01",
            "price": "7.60",
            "revenue": 135454
        },
        "2005-02": {
            "month": "2005-02",
            "price": "7.00",
            "revenue": 106614
        },
        "2005-03": {
            "month": "2005-03",
            "price": "6.74",
            "revenue": 161172
        },
        "2005-04": {
            "month": "2005-04",
            "price": "6.20",
            "revenue": 135752
        },
        "2005-05": {
            "month": "2005-05",
            "price": "5.97",
            "revenue": 133044
        },
        "2005-06": {
            "month": "2005-06",
            "price": "5.97",
            "revenue": 162615
        },
        "2005-07": {
            "month": "2005-07",
            "price": "6.27",
            "revenue": 147852
        },
        "2005-08": {
            "month": "2005-08",
            "price": "6.68",
            "revenue": 144668
        },
        "2005-09": {
            "month": "2005-09",
            "price": "7.56",
            "revenue": 141857
        },
        "2005-10": {
            "month": "2005-10",
            "price": "7.92",
            "revenue": 130721
        },
        "2005-11": {
            "month": "2005-11",
            "price": "8.09",
            "revenue": 122831
        },
        "2005-12": {
            "month": "2005-12",
            "price": "12.45",
            "revenue": 121503
        },
        "2006-01": {
            "month": "2006-01",
            "price": "13.06",
            "revenue": 93118
        },
        "2006-02": {
            "month": "2006-02",
            "price": "11.46",
            "revenue": 97229
        },
        "2006-03": {
            "month": "2006-03",
            "price": "11.73",
            "revenue": 132075
        },
        "2006-04": {
            "month": "2006-04",
            "price": "12.09",
            "revenue": 112372
        },
        "2006-05": {
            "month": "2006-05",
            "price": "13.74",
            "revenue": 130701
        },
        "2006-06": {
            "month": "2006-06",
            "price": "15.28",
            "revenue": 129589
        },
        "2006-07": {
            "month": "2006-07",
            "price": "14.24",
            "revenue": 134907
        },
        "2006-08": {
            "month": "2006-08",
            "price": "14.06",
            "revenue": 134232
        },
        "2006-09": {
            "month": "2006-09",
            "price": "16.30",
            "revenue": 125349
        },
        "2006-10": {
            "month": "2006-10",
            "price": "16.83",
            "revenue": 127541
        },
        "2006-11": {
            "month": "2006-11",
            "price": "16.09",
            "revenue": 124235
        },
        "2006-12": {
            "month": "2006-12",
            "price": "15.59",
            "revenue": 115732
        },
        "2007-01": {
            "month": "2007-01",
            "price": "15.06",
            "revenue": 109384
        },
        "2007-02": {
            "month": "2007-02",
            "price": "15.10",
            "revenue": 85382
        },
        "2007-03": {
            "month": "2007-03",
            "price": "14.59",
            "revenue": 144725
        },
        "2007-04": {
            "month": "2007-04",
            "price": "14.86",
            "revenue": 110208
        },
        "2007-05": {
            "month": "2007-05",
            "price": "14.97",
            "revenue": 123962
        },
        "2007-06": {
            "month": "2007-06",
            "price": "15.16",
            "revenue": 131549
        },
        "2007-07": {
            "month": "2007-07",
            "price": "16.11",
            "revenue": 126161
        },
        "2007-08": {
            "month": "2007-08",
            "price": "14.40",
            "revenue": 138171
        },
        "2007-09": {
            "month": "2007-09",
            "price": "14.07",
            "revenue": 140145
        },
        "2007-10": {
            "month": "2007-10",
            "price": "14.08",
            "revenue": 152782
        },
        "2007-11": {
            "month": "2007-11",
            "price": "13.52",
            "revenue": 161326
        },
        "2007-12": {
            "month": "2007-12",
            "price": "13.21",
            "revenue": 145042
        },
        "2008-01": {
            "month": "2008-01",
            "price": "12.45",
            "revenue": 126606
        },
        "2008-02": {
            "month": "2008-02",
            "price": "12.05",
            "revenue": 131327
        },
        "2008-03": {
            "month": "2008-03",
            "price": "13.48",
            "revenue": 158816
        },
        "2008-04": {
            "month": "2008-04",
            "price": "15.53",
            "revenue": 139761
        },
        "2008-05": {
            "month": "2008-05",
            "price": "17.36",
            "revenue": 144923
        },
        "2008-06": {
            "month": "2008-06",
            "price": "14.16",
            "revenue": 161582
        },
        "2008-07": {
            "month": "2008-07",
            "price": "12.80",
            "revenue": 187014
        },
        "2008-08": {
            "month": "2008-08",
            "price": "12.40",
            "revenue": 167807
        },
        "2008-09": {
            "month": "2008-09",
            "price": "9.96",
            "revenue": 158805
        },
        "2008-10": {
            "month": "2008-10",
            "price": "8.84",
            "revenue": 165026
        },
        "2008-11": {
            "month": "2008-11",
            "price": "7.46",
            "revenue": 112930
        },
        "2008-12": {
            "month": "2008-12",
            "price": "6.91",
            "revenue": 72115
        },
        "2009-01": {
            "month": "2009-01",
            "price": "6.72",
            "revenue": 68032
        },
        "2009-02": {
            "month": "2009-02",
            "price": "6.60",
            "revenue": 100079
        },
        "2009-03": {
            "month": "2009-03",
            "price": "7.37",
            "revenue": 108668
        },
        "2009-04": {
            "month": "2009-04",
            "price": "9.39",
            "revenue": 107739
        },
        "2009-05": {
            "month": "2009-05",
            "price": "9.82",
            "revenue": 116145
        },
        "2009-06": {
            "month": "2009-06",
            "price": "9.83",
            "revenue": 117862
        },
        "2009-07": {
            "month": "2009-07",
            "price": "10.04",
            "revenue": 133398
        },
        "2009-08": {
            "month": "2009-08",
            "price": "10.58",
            "revenue": 97208
        },
        "2009-09": {
            "month": "2009-09",
            "price": "10.40",
            "revenue": 148150
        },
        "2009-10": {
            "month": "2009-10",
            "price": "10.41",
            "revenue": 137425
        },
        "2009-11": {
            "month": "2009-11",
            "price": "10.53",
            "revenue": 126860
        },
        "2009-12": {
            "month": "2009-12",
            "price": "11.63",
            "revenue": 105890
        },
        "2010-01": {
            "month": "2010-01",
            "price": "12.47",
            "revenue": 131808
        },
        "2010-02": {
            "month": "2010-02",
            "price": "11.38",
            "revenue": 90429
        },
        "2010-03": {
            "month": "2010-03",
            "price": "12.05",
            "revenue": 145105
        },
        "2010-04": {
            "month": "2010-04",
            "price": "13.38",
            "revenue": 144333
        },
        "2010-05": {
            "month": "2010-05",
            "price": "12.42",
            "revenue": 155503
        },
        "2010-06": {
            "month": "2010-06",
            "price": "11.82",
            "revenue": 157117
        },
        "2010-07": {
            "month": "2010-07",
            "price": "12.30",
            "revenue": 158822
        },
        "2010-08": {
            "month": "2010-08",
            "price": "13.80",
            "revenue": 191441
        },
        "2010-09": {
            "month": "2010-09",
            "price": "13.89",
            "revenue": 188474
        },
        "2010-10": {
            "month": "2010-10",
            "price": "14.08",
            "revenue": 165239
        },
        "2010-11": {
            "month": "2010-11",
            "price": "13.92",
            "revenue": 189113
        },
        "2010-12": {
            "month": "2010-12",
            "price": "13.77",
            "revenue": 160802
        },
        "2011-01": {
            "month": "2011-01",
            "price": "14.02",
            "revenue": 194014
        },
        "2011-02": {
            "month": "2011-02",
            "price": "14.20",
            "revenue": 171241
        },
        "2011-03": {
            "month": "2011-03",
            "price": "14.20",
            "revenue": 252551
        },
        "2011-04": {
            "month": "2011-04",
            "price": "18.07",
            "revenue": 209766
        },
        "2011-05": {
            "month": "2011-05",
            "price": "23.80",
            "revenue": 221121
        },
        "2011-06": {
            "month": "2011-06",
            "price": "27.25",
            "revenue": 223205
        },
        "2011-07": {
            "month": "2011-07",
            "price": "32.66",
            "revenue": 203771
        },
        "2011-08": {
            "month": "2011-08",
            "price": "31.23",
            "revenue": 254769
        },
        "2011-09": {
            "month": "2011-09",
            "price": "29.19",
            "revenue": 216436
        },
        "2011-10": {
            "month": "2011-10",
            "price": "26.94",
            "revenue": 233290
        },
        "2011-11": {
            "month": "2011-11",
            "price": "29.26",
            "revenue": 164584
        },
        "2011-12": {
            "month": "2011-12",
            "price": "24.04",
            "revenue": 172990
        },
        "2012-01": {
            "month": "2012-01",
            "price": "24.22",
            "revenue": 163188
        },
        "2012-02": {
            "month": "2012-02",
            "price": "28.53",
            "revenue": 173396
        },
        "2012-03": {
            "month": "2012-03",
            "price": "28.94",
            "revenue": 209962
        },
        "2012-04": {
            "month": "2012-04",
            "price": "25.95",
            "revenue": 174414
        },
        "2012-05": {
            "month": "2012-05",
            "price": "23.72",
            "revenue": 195514
        },
        "2012-06": {
            "month": "2012-06",
            "price": "22.87",
            "revenue": 198695
        },
        "2012-07": {
            "month": "2012-07",
            "price": "23.14",
            "revenue": 242905
        },
        "2012-08": {
            "month": "2012-08",
            "price": "25.29",
            "revenue": 219903
        },
        "2012-09": {
            "month": "2012-09",
            "price": "22.48",
            "revenue": 212109
        },
        "2012-10": {
            "month": "2012-10",
            "price": "21.14",
            "revenue": 208614
        },
        "2012-11": {
            "month": "2012-11",
            "price": "21.18",
            "revenue": 186894
        },
        "2012-12": {
            "month": "2012-12",
            "price": "21.60",
            "revenue": 142576
        },
        "2013-01": {
            "month": "2013-01",
            "price": "21.41",
            "revenue": 171977
        },
        "2013-02": {
            "month": "2013-02",
            "price": "21.97",
            "revenue": 111370
        },
        "2013-03": {
            "month": "2013-03",
            "price": "21.44",
            "revenue": 148472
        },
        "2013-04": {
            "month": "2013-04",
            "price": "18.95",
            "revenue": 170757
        },
        "2013-05": {
            "month": "2013-05",
            "price": "19.00",
            "revenue": 169550
        },
        "2013-06": {
            "month": "2013-06",
            "price": "18.50",
            "revenue": 181953
        },
        "2013-07": {
            "month": "2013-07",
            "price": "19.50",
            "revenue": 191639
        },
        "2013-08": {
            "month": "2013-08",
            "price": "17.43",
            "revenue": 106492
        },
        "2013-09": {
            "month": "2013-09",
            "price": "16.55",
            "revenue": 71426
        },
        "2013-10": {
            "month": "2013-10",
            "price": "16.77",
            "revenue": 52428
        },
        "2013-11": {
            "month": "2013-11",
            "price": "15.40",
            "revenue": 38762
        },
        "2013-12": {
            "month": "2013-12",
            "price": "14.91",
            "revenue": 36084
        },
        "2014-01": {
            "month": "2014-01",
            "price": "16.00",
            "revenue": 34785
        },
        "2014-02": {
            "month": "2014-02",
            "price": "16.74",
            "revenue": 55849
        },
        "2014-03": {
            "month": "2014-03",
            "price": "16.36",
            "revenue": 97793
        },
        "2014-04": {
            "month": "2014-04",
            "price": "18.31",
            "revenue": 104817
        },
        "2014-05": {
            "month": "2014-05",
            "price": "16.92",
            "revenue": 117513
        },
        "2014-06": {
            "month": "2014-06",
            "price": "17.40",
            "revenue": 123952
        },
        "2014-07": {
            "month": "2014-07",
            "price": "16.80",
            "revenue": 140019
        },
        "2014-08": {
            "month": "2014-08",
            "price": "15.72",
            "revenue": 137158
        },
        "2014-09": {
            "month": "2014-09",
            "price": "15.36",
            "revenue": 135644
        },
        "2014-10": {
            "month": "2014-10",
            "price": "15.30",
            "revenue": 124020
        },
        "2014-11": {
            "month": "2014-11",
            "price": "14.98",
            "revenue": 153782
        },
        "2014-12": {
            "month": "2014-12",
            "price": "16.94",
            "revenue": 124829
        },
        "2015-01": {
            "month": "2015-01",
            "price": "16.80",
            "revenue": 144282
        },
        "2015-02": {
            "month": "2015-02",
            "price": "16.51",
            "revenue": 108132
        },
        "2015-03": {
            "month": "2015-03",
            "price": "16.49",
            "revenue": 148913
        },
        "2015-04": {
            "month": "2015-04",
            "price": "16.90",
            "revenue": 131164
        },
        "2015-05": {
            "month": "2015-05",
            "price": "16.68",
            "revenue": 150806
        },
        "2015-06": {
            "month": "2015-06",
            "price": "14.56",
            "revenue": 145159
        },
        "2015-07": {
            "month": "2015-07",
            "price": "14.65",
            "revenue": 152203
        },
        "2015-08": {
            "month": "2015-08",
            "price": "12.89",
            "revenue": 140568
        },
        "2015-09": {
            "month": "2015-09",
            "price": "12.90",
            "revenue": 169370
        },
        "2015-10": {
            "month": "2015-10",
            "price": "14.30",
            "revenue": 152993
        },
        "2015-11": {
            "month": "2015-11",
            "price": "15.48",
            "revenue": 163688
        },
        "2015-12": {
            "month": "2015-12",
            "price": "15.40",
            "revenue": 157376
        },
        "2016-01": {
            "month": "2016-01",
            "price": "14.18",
            "revenue": 168996
        },
        "2016-02": {
            "month": "2016-02",
            "price": "14.82",
            "revenue": 130337
        },
        "2016-03": {
            "month": "2016-03",
            "price": "16.30",
            "revenue": 174822
        },
        "2016-04": {
            "month": "2016-04",
            "price": "17.22",
            "revenue": 174041
        },
        "2016-05": {
            "month": "2016-05",
            "price": "16.48",
            "revenue": 187724
        },
        "2016-06": {
            "month": "2016-06",
            "price": "16.77",
            "revenue": 189588
        },
        "2016-07": {
            "month": "2016-07",
            "price": "17.20",
            "revenue": 174697
        },
        "2016-08": {
            "month": "2016-08",
            "price": "16.17",
            "revenue": 191597
        },
        "2016-09": {
            "month": "2016-09",
            "price": "16.36",
            "revenue": 181657
        },
        "2016-10": {
            "month": "2016-10",
            "price": "16.08",
            "revenue": 204645
        },
        "2016-11": {
            "month": "2016-11",
            "price": "16.42",
            "revenue": 174774
        },
        "2016-12": {
            "month": "2016-12",
            "price": "16.66",
            "revenue": 148012
        },
        "2017-01": {
            "month": "2017-01",
            "price": "16.48",
            "revenue": 155914
        },
        "2017-02": {
            "month": "2017-02",
            "price": "16.78",
            "revenue": 182168
        },
        "2017-03": {
            "month": "2017-03",
            "price": "17.69",
            "revenue": 206521
        },
        "2017-04": {
            "month": "2017-04",
            "price": "17.06",
            "revenue": 177082
        },
        "2017-05": {
            "month": "2017-05",
            "price": "16.22",
            "revenue": 202427
        },
        "2017-06": {
            "month": "2017-06",
            "price": "16.04",
            "revenue": 175506
        },
        "2017-07": {
            "month": "2017-07",
            "price": "15.79",
            "revenue": 145978
        },
        "2017-08": {
            "month": "2017-08",
            "price": "14.55",
            "revenue": 160059
        },
        "2017-09": {
            "month": "2017-09",
            "price": "14.35",
            "revenue": 172717
        },
        "2017-10": {
            "month": "2017-10",
            "price": "14.25",
            "revenue": 167354
        },
        "2017-11": {
            "month": "2017-11",
            "price": "14.20",
            "revenue": 181375
        },
        "2017-12": {
            "month": "2017-12",
            "price": "14.09",
            "revenue": 173477
        },
        "2018-01": {
            "month": "2018-01",
            "price": "14.54",
            "revenue": 165878
        },
        "2018-02": {
            "month": "2018-02",
            "price": "14.22",
            "revenue": 148437
        },
        "2018-03": {
            "month": "2018-03",
            "price": "14.10",
            "revenue": 156155
        },
        "2018-04": {
            "month": "2018-04",
            "price": "14.05",
            "revenue": 178459
        },
        "2018-05": {
            "month": "2018-05",
            "price": "14.11",
            "revenue": 148077
        },
        "2018-06": {
            "month": "2018-06",
            "price": "14.02",
            "revenue": 160782
        },
        "2018-07": {
            "month": "2018-07",
            "price": "13.75",
            "revenue": 160203
        },
        "2018-08": {
            "month": "2018-08",
            "price": "13.57",
            "revenue": 189997
        },
        "2018-09": {
            "month": "2018-09",
            "price": "13.53",
            "revenue": 164835
        },
        "2018-10": {
            "month": "2018-10",
            "price": "13.17",
            "revenue": 175942
        },
        "2018-11": {
            "month": "2018-11",
            "price": "12.99",
            "revenue": 186545
        },
        "2018-12": {
            "month": "2018-12",
            "price": "12.95",
            "revenue": 175504
        },
        "2019-01": {
            "month": "2019-01",
            "price": "13.06",
            "revenue": 149829
        },
        "2019-02": {
            "month": "2019-02",
            "price": "13.29",
            "revenue": 154861
        },
        "2019-03": {
            "month": "2019-03",
            "price": "13.32",
            "revenue": 140341
        },
        "2019-04": {
            "month": "2019-04",
            "price": "13.27",
            "revenue": 159847
        },
        "2019-05": {
            "month": "2019-05",
            "price": "13.26",
            "revenue": 172133
        },
        "2019-06": {
            "month": "2019-06",
            "price": "13.22",
            "revenue": 150250
        },
        "2019-07": {
            "month": "2019-07",
            "price": "13.48",
            "revenue": 164938
        },
        "2019-08": {
            "month": "2019-08",
            "price": "13.08",
            "revenue": 148063
        },
        "2019-09": {
            "month": "2019-09",
            "price": "12.98",
            "revenue": 161805
        },
        "2019-10": {
            "month": "2019-10",
            "price": "12.81",
            "revenue": 164775
        },
        "2019-11": {
            "month": "2019-11",
            "price": "12.78",
            "revenue": 173432
        },
        "2019-12": {
            "month": "2019-12",
            "price": "12.98",
            "revenue": 160891
        },
        "2020-01": {
            "month": "2020-01",
            "price": "13.15",
            "revenue": 147704
        },
        "2020-02": {
            "month": "2020-02",
            "price": "12.87",
            "revenue": 142850
        },
        "2020-03": {
            "month": "2020-03",
            "price": "11.32",
            "revenue": 161603
        },
        "2020-04": {
            "month": "2020-04",
            "price": "11.18",
            "revenue": 143647
        },
        "2020-05": {
            "month": "2020-05",
            "price": "12.14",
            "revenue": 127422
        },
        "2020-06": {
            "month": "2020-06",
            "price": "12.42",
            "revenue": 126832
        },
        "2020-07": {
            "month": "2020-07",
            "price": "12.88",
            "revenue": 158111
        },
        "2020-08": {
            "month": "2020-08",
            "price": "12.56",
            "revenue": 134717
        },
        "2020-09": {
            "month": "2020-09",
            "price": "12.82",
            "revenue": 152473
        },
        "2020-10": {
            "month": "2020-10",
            "price": "12.87",
            "revenue": 149601
        },
        "2020-11": {
            "month": "2020-11",
            "price": "12.75",
            "revenue": 158180
        },
        "2020-12": {
            "month": "2020-12",
            "price": "12.93",
            "revenue": 143197
        },
        "2021-01": {
            "month": "2021-01",
            "price": "12.90",
            "revenue": 152082
        },
        "2021-02": {
            "month": "2021-02",
            "price": "12.48",
            "revenue": 124065
        },
        "2021-03": {
            "month": "2021-03",
            "price": "12.72",
            "revenue": 166484
        },
        "2021-04": {
            "month": "2021-04",
            "price": "15.76",
            "revenue": 206642
        },
        "2021-05": {
            "month": "2021-05",
            "price": "15.81",
            "revenue": 161593
        },
        "2021-06": {
            "month": "2021-06",
            "price": "15.80",
            "revenue": 170732
        },
        "2021-07": {
            "month": "2021-07",
            "price": "15.82",
            "revenue": 163693
        },
        "2021-08": {
            "month": "2021-08",
            "price": "15.86",
            "revenue": 149952
        },
        "2021-09": {
            "month": "2021-09",
            "price": "15.88",
            "revenue": 154328
        }
    }
}
