{
    "summary": {
        "stock_name": "元禎",
        "stock_id": "1725",
        "category": "化工",
        "main_business": "化工原料物流",
        "website_url": "http://www.yuanjen.com/",
        "ceo": "徐振隆",
        "pe_ratio": 39,
        "report_year_from": 2001,
        "report_year_to": 2023,
        "age": 23,
        "eps_negative_percentage": 4,
        "eps_growth_avg": {
            "last_all": 0.92,
            "last_2y": -3.76,
            "last_4y": 0.96,
            "last_8y": 3.54,
            "last_12y": -6.93,
            "last_16y": -6.66,
            "last_20y": -2.26,
            "at_2006_last_3y": 15.34,
            "at_2007_last_3y": 9.89,
            "at_2008_last_3y": -8.49,
            "at_2009_last_3y": -15.9,
            "at_2010_last_3y": -5.82,
            "at_2011_last_3y": -15.31,
            "at_2012_last_3y": -36.24,
            "at_2013_last_3y": -34.99,
            "at_2014_last_3y": -38.34,
            "at_2015_last_3y": -14.87,
            "at_2016_last_3y": 19.06,
            "at_2017_last_3y": 15.39,
            "at_2018_last_3y": 6.75,
            "at_2019_last_3y": -0.72,
            "at_2020_last_3y": 5.54,
            "at_2021_last_3y": 11.56,
            "at_2022_last_3y": 12.42,
            "at_2023_last_3y": 3.89,
            "at_2024_last_3y": 3.89,
            "at_2006_last_all": 25.18,
            "at_2007_last_all": 18.76,
            "at_2008_last_all": 13.76,
            "at_2009_last_all": 7.04,
            "at_2010_last_all": 11.4,
            "at_2011_last_all": 5.13,
            "at_2012_last_all": -4.43,
            "at_2013_last_all": -4.43,
            "at_2014_last_all": -1.04,
            "at_2015_last_all": 0.52,
            "at_2016_last_all": 0.61,
            "at_2017_last_all": 0.86,
            "at_2018_last_all": 0.91,
            "at_2019_last_all": 0.22,
            "at_2020_last_all": 1.7,
            "at_2021_last_all": 3.11,
            "at_2022_last_all": 3.21,
            "at_2023_last_all": 0.92,
            "at_2024_last_all": 0.92
        },
        "latest_eps": 1.08,
        "latest_price": 41.6,
        "latest_roe": 4.7,
        "latest_gross_margin": 6,
        "latest_equity": 4335127,
        "latest_revenue": 1919493,
        "latest_gross_profit": 115092,
        "latest_net_income": 124573,
        "latest_debt_ratio": 40.89,
        "latest_current_ratio": 215.21,
        "latest_account_receivable_turnover_ratio": 2.12,
        "latest_inventory_turnover_ratio": 12.46,
        "latest_reinvestment_rate": 33.55,
        "latest_research_to_sale_ratio": null
    },
    "eps_dividends": {
        "1998": {
            "cash": 0,
            "stock": 1.6,
            "eps": 0
        },
        "1999": {
            "cash": 0,
            "stock": 0.8,
            "eps": 0
        },
        "2000": {
            "cash": 0,
            "stock": 0.8,
            "eps": 0
        },
        "2001": {
            "cash": 0.2,
            "stock": 0.4,
            "eps": 0.93
        },
        "2002": {
            "cash": 0.2,
            "stock": 0.8,
            "eps": 1.53
        },
        "2003": {
            "cash": 0.18,
            "stock": 1.25,
            "eps": 1.66
        },
        "2004": {
            "cash": 0.18,
            "stock": 1.2,
            "eps": 2.61
        },
        "2005": {
            "cash": 0.3,
            "stock": 1.84,
            "eps": 2.34
        },
        "2006": {
            "cash": 0.23,
            "stock": 1.6,
            "eps": 2.48
        },
        "2007": {
            "cash": 0.31,
            "stock": 1.8,
            "eps": 2.15
        },
        "2008": {
            "cash": 0.18,
            "stock": 1.6,
            "eps": 1.8
        },
        "2009": {
            "cash": 0,
            "stock": 0,
            "eps": 1.08
        },
        "2010": {
            "cash": 0.25,
            "stock": 1.75,
            "eps": 1.58
        },
        "2011": {
            "cash": 0.15,
            "stock": 1.35,
            "eps": 0.77
        },
        "2012": {
            "cash": 0,
            "stock": 0,
            "eps": -0.93
        },
        "2013": {
            "cash": 0,
            "stock": 0,
            "eps": 0.69
        },
        "2014": {
            "cash": 0.35,
            "stock": 0,
            "eps": 0.94
        },
        "2015": {
            "cash": 0.63,
            "stock": 0,
            "eps": 1.12
        },
        "2016": {
            "cash": 0.78,
            "stock": 0,
            "eps": 1.14
        },
        "2017": {
            "cash": 0.8,
            "stock": 0,
            "eps": 1.19
        },
        "2018": {
            "cash": 0.83,
            "stock": 0,
            "eps": 1.21
        },
        "2019": {
            "cash": 0.84,
            "stock": 0,
            "eps": 1.08
        },
        "2020": {
            "cash": 0.81,
            "stock": 0,
            "eps": 1.37
        },
        "2021": {
            "cash": 0.96,
            "stock": 0,
            "eps": 1.76
        },
        "2022": {
            "cash": 1.23,
            "stock": 0,
            "eps": 1.85
        },
        "2023": {
            "cash": 1,
            "stock": 0,
            "eps": 1.02
        },
        "2024": {
            "cash": 0.85,
            "stock": 0,
            "eps": 0
        }
    },
    "dividends": {
        "1998-03-23": {
            "cash": 0,
            "stock": 1.6
        },
        "1999-05-14": {
            "cash": 0,
            "stock": 0.8
        },
        "2000-05-19": {
            "cash": 0,
            "stock": 0.8
        },
        "2001-05-25": {
            "cash": 0.2,
            "stock": 0.4
        },
        "2002-05-28": {
            "cash": 0.2,
            "stock": 0.8
        },
        "2003-02-27": {
            "cash": 0.18,
            "stock": 1.25
        },
        "2004-04-19": {
            "cash": 0.18,
            "stock": 1.2
        },
        "2005-04-27": {
            "cash": 0.3,
            "stock": 1.84
        },
        "2006-04-25": {
            "cash": 0.23,
            "stock": 1.6
        },
        "2007-04-25": {
            "cash": 0.31,
            "stock": 1.8
        },
        "2008-04-25": {
            "cash": 0.18,
            "stock": 1.6
        },
        "2010-04-22": {
            "cash": 0.25,
            "stock": 1.75
        },
        "2011-04-21": {
            "cash": 0.15,
            "stock": 1.35
        },
        "2014-09-05": {
            "cash": 0.35,
            "stock": 0
        },
        "2015-08-21": {
            "cash": 0.63,
            "stock": 0
        },
        "2016-08-16": {
            "cash": 0.78,
            "stock": 0
        },
        "2017-08-15": {
            "cash": 0.8,
            "stock": 0
        },
        "2018-08-17": {
            "cash": 0.83,
            "stock": 0
        },
        "2019-08-16": {
            "cash": 0.84,
            "stock": 0
        },
        "2020-08-10": {
            "cash": 0.81,
            "stock": 0
        },
        "2021-08-02": {
            "cash": 0.96,
            "stock": 0
        },
        "2022-08-17": {
            "cash": 1.23,
            "stock": 0
        },
        "2023-08-25": {
            "cash": 1,
            "stock": 0
        },
        "2024-03-05": {
            "cash": 0.85,
            "stock": 0
        }
    },
    "prices": {
        "200101": "26.42",
        "200102": "26.16",
        "200103": "24.73",
        "200104": "23.58",
        "200105": "22.88",
        "200106": "24.12",
        "200107": "23.85",
        "200108": "24.34",
        "200109": "24.09",
        "200110": "23.62",
        "200111": "23.83",
        "200112": "23.48",
        "200201": "22.89",
        "200202": "22.86",
        "200203": "23.91",
        "200204": "24.36",
        "200205": "22.86",
        "200206": "22.32",
        "200207": "21.63",
        "200208": "20.85",
        "200209": "20.50",
        "200210": "20.64",
        "200211": "21.94",
        "200212": "21.93",
        "200301": "23.17",
        "200302": "22.49",
        "200303": "22.19",
        "200304": "22.11",
        "200305": "22.35",
        "200306": "22.44",
        "200307": "23.41",
        "200308": "23.49",
        "200309": "23.15",
        "200310": "23.10",
        "200311": "23.26",
        "200312": "22.61",
        "200401": "22.03",
        "200402": "22.76",
        "200403": "23.65",
        "200404": "22.99",
        "200405": "21.03",
        "200406": "20.72",
        "200407": "20.51",
        "200408": "19.30",
        "200409": "18.03",
        "200410": "18.18",
        "200411": "17.97",
        "200412": "17.91",
        "200501": "18.05",
        "200502": "18.27",
        "200503": "18.23",
        "200504": "17.78",
        "200505": "18.10",
        "200506": "18.81",
        "200507": "19.31",
        "200508": "18.54",
        "200509": "16.97",
        "200510": "16.86",
        "200511": "16.91",
        "200512": "17.04",
        "200601": "17.44",
        "200602": "17.35",
        "200603": "17.15",
        "200604": "17.58",
        "200605": "18.32",
        "200606": "18.02",
        "200607": "17.99",
        "200608": "16.67",
        "200609": "16.07",
        "200610": "16.33",
        "200611": "18.18",
        "200612": "18.85",
        "200701": "19.96",
        "200702": "20.27",
        "200703": "21.03",
        "200704": "26.42",
        "200705": "29.51",
        "200706": "30.26",
        "200707": "31.87",
        "200708": "27.87",
        "200709": "26.27",
        "200710": "25.09",
        "200711": "21.85",
        "200712": "20.57",
        "200801": "20.69",
        "200802": "21.11",
        "200803": "24.59",
        "200804": "25.74",
        "200805": "26.11",
        "200806": "23.80",
        "200807": "20.82",
        "200808": "17.72",
        "200809": "14.46",
        "200810": "13.45",
        "200811": "16.50",
        "200812": "16.78",
        "200901": "16.52",
        "200902": "15.90",
        "200903": "17.14",
        "200904": "17.69",
        "200905": "19.58",
        "200906": "17.68",
        "200907": "17.13",
        "200908": "16.64",
        "200909": "17.06",
        "200910": "17.42",
        "200911": "18.50",
        "200912": "18.08",
        "201001": "19.10",
        "201002": "17.13",
        "201003": "18.58",
        "201004": "23.08",
        "201005": "24.79",
        "201006": "23.75",
        "201007": "24.60",
        "201008": "27.72",
        "201009": "22.90",
        "201010": "24.30",
        "201011": "23.64",
        "201012": "23.58",
        "201101": "23.32",
        "201102": "22.27",
        "201103": "21.45",
        "201104": "22.39",
        "201105": "23.38",
        "201106": "22.59",
        "201107": "22.63",
        "201108": "18.90",
        "201109": "17.03",
        "201110": "16.90",
        "201111": "16.93",
        "201112": "16.53",
        "201201": "16.41",
        "201202": "17.22",
        "201203": "17.38",
        "201204": "15.40",
        "201205": "14.30",
        "201206": "14.12",
        "201207": "15.10",
        "201208": "14.87",
        "201209": "15.08",
        "201210": "14.93",
        "201211": "14.12",
        "201212": "14.58",
        "201301": "14.54",
        "201302": "14.32",
        "201303": "13.80",
        "201304": "13.51",
        "201305": "14.08",
        "201306": "13.93",
        "201307": "13.46",
        "201308": "13.51",
        "201309": "13.64",
        "201310": "14.24",
        "201311": "14.80",
        "201312": "14.97",
        "201401": "15.12",
        "201402": "14.85",
        "201403": "15.21",
        "201404": "14.93",
        "201405": "14.59",
        "201406": "14.92",
        "201407": "15.75",
        "201408": "15.39",
        "201409": "15.77",
        "201410": "14.63",
        "201411": "13.88",
        "201412": "13.95",
        "201501": "14.54",
        "201502": "14.72",
        "201503": "14.71",
        "201504": "15.03",
        "201505": "15.44",
        "201506": "13.45",
        "201507": "13.12",
        "201508": "12.20",
        "201509": "13.69",
        "201510": "14.61",
        "201511": "14.45",
        "201512": "14.15",
        "201601": "13.69",
        "201602": "13.49",
        "201603": "13.94",
        "201604": "13.92",
        "201605": "13.85",
        "201606": "13.98",
        "201607": "13.91",
        "201608": "13.15",
        "201609": "12.95",
        "201610": "12.86",
        "201611": "12.93",
        "201612": "13.77",
        "201701": "14.07",
        "201702": "14.45",
        "201703": "14.79",
        "201704": "14.12",
        "201705": "14.10",
        "201706": "14.18",
        "201707": "14.45",
        "201708": "14.01",
        "201709": "14.35",
        "201710": "14.43",
        "201711": "14.98",
        "201712": "14.93",
        "201801": "15.34",
        "201802": "14.65",
        "201803": "15.61",
        "201804": "17.25",
        "201805": "17.30",
        "201806": "18.26",
        "201807": "17.90",
        "201808": "16.15",
        "201809": "16.50",
        "201810": "14.56",
        "201811": "14.16",
        "201812": "14.50",
        "201901": "14.23",
        "201902": "14.43",
        "201903": "14.80",
        "201904": "14.82",
        "201905": "14.78",
        "201906": "14.87",
        "201907": "15.25",
        "201908": "14.31",
        "201909": "14.59",
        "201910": "14.59",
        "201911": "14.91",
        "201912": "14.86",
        "202001": "15.07",
        "202002": "14.77",
        "202003": "13.53",
        "202004": "13.49",
        "202005": "14.27",
        "202006": "14.36",
        "202007": "14.18",
        "202008": "13.84",
        "202009": "14.04",
        "202010": "13.96",
        "202011": "14.32",
        "202012": "15.51",
        "202101": "15.65",
        "202102": "15.56",
        "202103": "17.27",
        "202104": "24.73",
        "202105": "19.81",
        "202106": "20.87",
        "202107": "20.66",
        "202108": "21.12",
        "202109": "23.56",
        "202110": "25.23",
        "202111": "34.16",
        "202112": "34.46",
        "202201": "30.15",
        "202202": "27.14",
        "202203": "26.75",
        "202204": "25.60",
        "202205": "22.21",
        "202206": "21.90",
        "202207": "21.19",
        "202208": "22.89",
        "202209": "22.59",
        "202210": "20.04",
        "202211": "19.55",
        "202212": "20.53",
        "202301": "20.26",
        "202302": "21.11",
        "202303": "21.18",
        "202304": "22.41",
        "202305": "23.02",
        "202306": "22.75",
        "202307": "21.61",
        "202308": "20.44",
        "202309": "20.36",
        "202310": "20.32",
        "202311": "20.85",
        "202312": "21.82"
    },
    "quarters": {
        "20011": {
            "year_quarter": 20011,
            "year": 2001,
            "quarter": 1,
            "eps": 0.24,
            "eps_growth_year": 0,
            "eps_4q": 0.95,
            "eps_4q_growth_year": -11.83,
            "roe": 2.08,
            "roe_4q": 2.08,
            "gross_profit": 39222,
            "gross_margin": 5.31,
            "gross_margin_4q_avg": 5.31,
            "net_income": 12301,
            "net_income_4q": null,
            "revenue": 738406,
            "revenue_4q": null,
            "common_shares": 515502,
            "book_valuer_per_share": 11.58,
            "book_valuer_per_share_4q_avg": 11.58,
            "equity": 597118,
            "current_ratio": 105.96,
            "debt_ratio": 71.87,
            "inventory_turnover_ratio": 7.38,
            "account_receivable_turnover_ratio": null,
            "reinvestment_rate": null,
            "research_to_sale_ratio": null,
            "price_fair": 0,
            "eps_avg_yearly": 0,
            "eps_latest_yearly": 0,
            "eps_growth_yearly": 0
        },
        "20012": {
            "year_quarter": 20012,
            "year": 2001,
            "quarter": 2,
            "eps": 0.19,
            "eps_growth_year": -45.71,
            "eps_4q": 0.76,
            "eps_4q_growth_year": -25.79,
            "roe": 1.72,
            "roe_4q": 3.8,
            "gross_profit": 43463,
            "gross_margin": 4.77,
            "gross_margin_4q_avg": 5.04,
            "net_income": 10280,
            "net_income_4q": null,
            "revenue": 912028,
            "revenue_4q": null,
            "common_shares": 536122,
            "book_valuer_per_share": 11.15,
            "book_valuer_per_share_4q_avg": 11.37,
            "equity": 597754,
            "current_ratio": 104.93,
            "debt_ratio": 72.8,
            "inventory_turnover_ratio": 8.21,
            "account_receivable_turnover_ratio": null,
            "reinvestment_rate": null,
            "research_to_sale_ratio": null,
            "price_fair": 0,
            "eps_avg_yearly": 0,
            "eps_latest_yearly": 0,
            "eps_growth_yearly": 0
        },
        "20013": {
            "year_quarter": 20013,
            "year": 2001,
            "quarter": 3,
            "eps": 0.22,
            "eps_growth_year": 83.33,
            "eps_4q": 0.89,
            "eps_4q_growth_year": -3.17,
            "roe": 1.91,
            "roe_4q": 5.71,
            "gross_profit": 52250,
            "gross_margin": 4.06,
            "gross_margin_4q_avg": 4.71,
            "net_income": 11533,
            "net_income_4q": null,
            "revenue": 1287552,
            "revenue_4q": null,
            "common_shares": 536122,
            "book_valuer_per_share": 11.36,
            "book_valuer_per_share_4q_avg": 11.36,
            "equity": 609016,
            "current_ratio": 104.13,
            "debt_ratio": 76.41,
            "inventory_turnover_ratio": 10.72,
            "account_receivable_turnover_ratio": null,
            "reinvestment_rate": null,
            "research_to_sale_ratio": null,
            "price_fair": 0,
            "eps_avg_yearly": 0,
            "eps_latest_yearly": 0,
            "eps_growth_yearly": 0
        },
        "20014": {
            "year_quarter": 20014,
            "year": 2001,
            "quarter": 4,
            "eps": 0.28,
            "eps_growth_year": 16.67,
            "eps_4q": 0.92,
            "eps_4q_growth_year": -0.33,
            "roe": 2.39,
            "roe_4q": 8.1,
            "gross_profit": 58234,
            "gross_margin": 4.33,
            "gross_margin_4q_avg": 4.62,
            "net_income": 14853,
            "net_income_4q": null,
            "revenue": 1345516,
            "revenue_4q": null,
            "common_shares": 536122,
            "book_valuer_per_share": 11.78,
            "book_valuer_per_share_4q_avg": 11.47,
            "equity": 631385,
            "current_ratio": 104.42,
            "debt_ratio": 75.56,
            "inventory_turnover_ratio": 11.07,
            "account_receivable_turnover_ratio": null,
            "reinvestment_rate": null,
            "research_to_sale_ratio": null,
            "price_fair": 0,
            "eps_avg_yearly": 0,
            "eps_latest_yearly": 0,
            "eps_growth_yearly": 0
        },
        "20021": {
            "year_quarter": 20021,
            "year": 2002,
            "quarter": 1,
            "eps": 0.23,
            "eps_growth_year": -4.17,
            "eps_4q": 0.93,
            "eps_4q_growth_year": -2.29,
            "roe": 1.9,
            "roe_4q": 7.92,
            "gross_profit": 68711,
            "gross_margin": 4.61,
            "gross_margin_4q_avg": 4.44,
            "net_income": 12108,
            "net_income_4q": null,
            "revenue": 1490916,
            "revenue_4q": null,
            "common_shares": 536122,
            "book_valuer_per_share": 12,
            "book_valuer_per_share_4q_avg": 11.57,
            "equity": 643493,
            "current_ratio": 100.74,
            "debt_ratio": 76.81,
            "inventory_turnover_ratio": 11.38,
            "account_receivable_turnover_ratio": null,
            "reinvestment_rate": null,
            "research_to_sale_ratio": null,
            "price_fair": 2.76,
            "eps_avg_yearly": 0.92,
            "eps_latest_yearly": 0.92,
            "eps_growth_yearly": -71.43
        },
        "20022": {
            "year_quarter": 20022,
            "year": 2002,
            "quarter": 2,
            "eps": 0.28,
            "eps_growth_year": 47.37,
            "eps_4q": 0.95,
            "eps_4q_growth_year": 25.09,
            "roe": 2.48,
            "roe_4q": 8.68,
            "gross_profit": 89216,
            "gross_margin": 5.55,
            "gross_margin_4q_avg": 4.64,
            "net_income": 16123,
            "net_income_4q": null,
            "revenue": 1608516,
            "revenue_4q": null,
            "common_shares": 579012,
            "book_valuer_per_share": 11.35,
            "book_valuer_per_share_4q_avg": 11.62,
            "equity": 657448,
            "current_ratio": 103.9,
            "debt_ratio": 76.57,
            "inventory_turnover_ratio": 12.69,
            "account_receivable_turnover_ratio": null,
            "reinvestment_rate": null,
            "research_to_sale_ratio": null,
            "price_fair": 18.12,
            "eps_avg_yearly": 1.02,
            "eps_latest_yearly": 1.12,
            "eps_growth_yearly": 7.76
        },
        "20023": {
            "year_quarter": 20023,
            "year": 2002,
            "quarter": 3,
            "eps": 0.48,
            "eps_growth_year": 118.18,
            "eps_4q": 1.23,
            "eps_4q_growth_year": 38.38,
            "roe": 4.13,
            "roe_4q": 10.9,
            "gross_profit": 95517,
            "gross_margin": 5.35,
            "gross_margin_4q_avg": 4.96,
            "net_income": 27629,
            "net_income_4q": null,
            "revenue": 1784180,
            "revenue_4q": null,
            "common_shares": 579012,
            "book_valuer_per_share": 11.77,
            "book_valuer_per_share_4q_avg": 11.73,
            "equity": 681255,
            "current_ratio": 104.63,
            "debt_ratio": 76.02,
            "inventory_turnover_ratio": 15.33,
            "account_receivable_turnover_ratio": null,
            "reinvestment_rate": null,
            "research_to_sale_ratio": null,
            "price_fair": 46.2,
            "eps_avg_yearly": 1.32,
            "eps_latest_yearly": 1.92,
            "eps_growth_yearly": 100.41
        },
        "20024": {
            "year_quarter": 20024,
            "year": 2002,
            "quarter": 4,
            "eps": 0.54,
            "eps_growth_year": 92.86,
            "eps_4q": 1.51,
            "eps_4q_growth_year": 63.82,
            "roe": 4.45,
            "roe_4q": 12.96,
            "gross_profit": 89372,
            "gross_margin": 4.55,
            "gross_margin_4q_avg": 5.02,
            "net_income": 31027,
            "net_income_4q": null,
            "revenue": 1963105,
            "revenue_4q": null,
            "common_shares": 579012,
            "book_valuer_per_share": 12.29,
            "book_valuer_per_share_4q_avg": 11.85,
            "equity": 711858,
            "current_ratio": 105.6,
            "debt_ratio": 76.07,
            "inventory_turnover_ratio": 14.49,
            "account_receivable_turnover_ratio": null,
            "reinvestment_rate": 165.68,
            "research_to_sale_ratio": null,
            "price_fair": 53.55,
            "eps_avg_yearly": 1.53,
            "eps_latest_yearly": 2.16,
            "eps_growth_yearly": 87.81
        },
        "20031": {
            "year_quarter": 20031,
            "year": 2003,
            "quarter": 1,
            "eps": 0.49,
            "eps_growth_year": 113.04,
            "eps_4q": 1.79,
            "eps_4q_growth_year": 92.79,
            "roe": 3.89,
            "roe_4q": 14.95,
            "gross_profit": 94376,
            "gross_margin": 4.52,
            "gross_margin_4q_avg": 4.99,
            "net_income": 28269,
            "net_income_4q": null,
            "revenue": 2086037,
            "revenue_4q": null,
            "common_shares": 579012,
            "book_valuer_per_share": 12.78,
            "book_valuer_per_share_4q_avg": 12.05,
            "equity": 740127,
            "current_ratio": 106.78,
            "debt_ratio": 75.87,
            "inventory_turnover_ratio": 14.25,
            "account_receivable_turnover_ratio": null,
            "reinvestment_rate": 156.78,
            "research_to_sale_ratio": null,
            "price_fair": 56.56,
            "eps_avg_yearly": 1.62,
            "eps_latest_yearly": 1.96,
            "eps_growth_yearly": 62.84
        },
        "20032": {
            "year_quarter": 20032,
            "year": 2003,
            "quarter": 2,
            "eps": 0.28,
            "eps_growth_year": 0,
            "eps_4q": 1.6,
            "eps_4q_growth_year": 68.86,
            "roe": 2.48,
            "roe_4q": 14.95,
            "gross_profit": 83816,
            "gross_margin": 3.94,
            "gross_margin_4q_avg": 4.59,
            "net_income": 18415,
            "net_income_4q": null,
            "revenue": 2126012,
            "revenue_4q": null,
            "common_shares": 651389,
            "book_valuer_per_share": 11.43,
            "book_valuer_per_share_4q_avg": 12.07,
            "equity": 744670,
            "current_ratio": 105.34,
            "debt_ratio": 76.33,
            "inventory_turnover_ratio": 13.09,
            "account_receivable_turnover_ratio": null,
            "reinvestment_rate": 76.94,
            "research_to_sale_ratio": null,
            "price_fair": 51.82,
            "eps_avg_yearly": 1.53,
            "eps_latest_yearly": 1.12,
            "eps_growth_yearly": 23.8
        },
        "20033": {
            "year_quarter": 20033,
            "year": 2003,
            "quarter": 3,
            "eps": 0.28,
            "eps_growth_year": -41.67,
            "eps_4q": 1.48,
            "eps_4q_growth_year": 20.49,
            "roe": 2.41,
            "roe_4q": 13.23,
            "gross_profit": 85508,
            "gross_margin": 3.77,
            "gross_margin_4q_avg": 4.2,
            "net_income": 18130,
            "net_income_4q": null,
            "revenue": 2269601,
            "revenue_4q": null,
            "common_shares": 651389,
            "book_valuer_per_share": 11.71,
            "book_valuer_per_share_4q_avg": 12.05,
            "equity": 762800,
            "current_ratio": 107.03,
            "debt_ratio": 76.48,
            "inventory_turnover_ratio": 13.08,
            "account_receivable_turnover_ratio": null,
            "reinvestment_rate": 74.61,
            "research_to_sale_ratio": null,
            "price_fair": 44.81,
            "eps_avg_yearly": 1.47,
            "eps_latest_yearly": 1.12,
            "eps_growth_yearly": 20.4
        },
        "20034": {
            "year_quarter": 20034,
            "year": 2003,
            "quarter": 4,
            "eps": 0.61,
            "eps_growth_year": 12.96,
            "eps_4q": 1.6,
            "eps_4q_growth_year": 6.01,
            "roe": 5.09,
            "roe_4q": 13.870000000000001,
            "gross_profit": 108514,
            "gross_margin": 4.2,
            "gross_margin_4q_avg": 4.11,
            "net_income": 39812,
            "net_income_4q": null,
            "revenue": 2585267,
            "revenue_4q": null,
            "common_shares": 651389,
            "book_valuer_per_share": 12.31,
            "book_valuer_per_share_4q_avg": 12.06,
            "equity": 801885,
            "current_ratio": 111.68,
            "debt_ratio": 76.77,
            "inventory_turnover_ratio": 15.9,
            "account_receivable_turnover_ratio": null,
            "reinvestment_rate": 61.38,
            "research_to_sale_ratio": null,
            "price_fair": 55.83,
            "eps_avg_yearly": 1.6,
            "eps_latest_yearly": 2.44,
            "eps_growth_yearly": 76.78
        },
        "20041": {
            "year_quarter": 20041,
            "year": 2004,
            "quarter": 1,
            "eps": 0.71,
            "eps_growth_year": 44.9,
            "eps_4q": 1.89,
            "eps_4q_growth_year": 5.54,
            "roe": 5.6,
            "roe_4q": 15.58,
            "gross_profit": 115527,
            "gross_margin": 4.44,
            "gross_margin_4q_avg": 4.09,
            "net_income": 46131,
            "net_income_4q": null,
            "revenue": 2601603,
            "revenue_4q": null,
            "common_shares": 651389,
            "book_valuer_per_share": 13,
            "book_valuer_per_share_4q_avg": 12.11,
            "equity": 847108,
            "current_ratio": 113.29,
            "debt_ratio": 75.51,
            "inventory_turnover_ratio": 16.06,
            "account_receivable_turnover_ratio": null,
            "reinvestment_rate": 11.86,
            "research_to_sale_ratio": null,
            "price_fair": 60.67,
            "eps_avg_yearly": 1.73,
            "eps_latest_yearly": 2.84,
            "eps_growth_yearly": 75.53
        },
        "20042": {
            "year_quarter": 20042,
            "year": 2004,
            "quarter": 2,
            "eps": 0.66,
            "eps_growth_year": 135.71,
            "eps_4q": 2.27,
            "eps_4q_growth_year": 41.56,
            "roe": 4.96,
            "roe_4q": 18.06,
            "gross_profit": 119389,
            "gross_margin": 4.13,
            "gross_margin_4q_avg": 4.14,
            "net_income": 42732,
            "net_income_4q": null,
            "revenue": 2891972,
            "revenue_4q": null,
            "common_shares": 651389,
            "book_valuer_per_share": 13.44,
            "book_valuer_per_share_4q_avg": 12.62,
            "equity": 875242,
            "current_ratio": 113.35,
            "debt_ratio": 75.07,
            "inventory_turnover_ratio": 16.22,
            "account_receivable_turnover_ratio": null,
            "reinvestment_rate": 11.31,
            "research_to_sale_ratio": null,
            "price_fair": 63.84,
            "eps_avg_yearly": 1.82,
            "eps_latest_yearly": 2.64,
            "eps_growth_yearly": 65.16
        },
        "20043": {
            "year_quarter": 20043,
            "year": 2004,
            "quarter": 3,
            "eps": 0.55,
            "eps_growth_year": 96.43,
            "eps_4q": 2.3,
            "eps_4q_growth_year": 55.26,
            "roe": 4.52,
            "roe_4q": 20.17,
            "gross_profit": 150461,
            "gross_margin": 4.88,
            "gross_margin_4q_avg": 4.41,
            "net_income": 40485,
            "net_income_4q": null,
            "revenue": 3081201,
            "revenue_4q": null,
            "common_shares": 729556,
            "book_valuer_per_share": 12.56,
            "book_valuer_per_share_4q_avg": 12.83,
            "equity": 915987,
            "current_ratio": 113.07,
            "debt_ratio": 75.19,
            "inventory_turnover_ratio": 15.98,
            "account_receivable_turnover_ratio": null,
            "reinvestment_rate": 9.21,
            "research_to_sale_ratio": null,
            "price_fair": 65.04,
            "eps_avg_yearly": 1.86,
            "eps_latest_yearly": 2.2,
            "eps_growth_yearly": 53.18
        },
        "20044": {
            "year_quarter": 20044,
            "year": 2004,
            "quarter": 4,
            "eps": 0.69,
            "eps_growth_year": 13.11,
            "eps_4q": 2.45,
            "eps_4q_growth_year": 52.99,
            "roe": 5.38,
            "roe_4q": 20.46,
            "gross_profit": 119963,
            "gross_margin": 4.14,
            "gross_margin_4q_avg": 4.4,
            "net_income": 50636,
            "net_income_4q": null,
            "revenue": 2900914,
            "revenue_4q": null,
            "common_shares": 729556,
            "book_valuer_per_share": 13.25,
            "book_valuer_per_share_4q_avg": 13.06,
            "equity": 966620,
            "current_ratio": 116.77,
            "debt_ratio": 70.93,
            "inventory_turnover_ratio": 14.68,
            "account_receivable_turnover_ratio": null,
            "reinvestment_rate": 8.6,
            "research_to_sale_ratio": null,
            "price_fair": 67.67,
            "eps_avg_yearly": 1.93,
            "eps_latest_yearly": 2.76,
            "eps_growth_yearly": 57.23
        },
        "20051": {
            "year_quarter": 20051,
            "year": 2005,
            "quarter": 1,
            "eps": 0.78,
            "eps_growth_year": 9.86,
            "eps_4q": 2.61,
            "eps_4q_growth_year": 38.24,
            "roe": 5.75,
            "roe_4q": 20.61,
            "gross_profit": 108768,
            "gross_margin": 4.04,
            "gross_margin_4q_avg": 4.3,
            "net_income": 57173,
            "net_income_4q": null,
            "revenue": 2694316,
            "revenue_4q": null,
            "common_shares": 729556,
            "book_valuer_per_share": 14.03,
            "book_valuer_per_share_4q_avg": 13.32,
            "equity": 1023617,
            "current_ratio": 118.33,
            "debt_ratio": 70.52,
            "inventory_turnover_ratio": 11.57,
            "account_receivable_turnover_ratio": null,
            "reinvestment_rate": 6.69,
            "research_to_sale_ratio": null,
            "price_fair": 70.86,
            "eps_avg_yearly": 2.02,
            "eps_latest_yearly": 3.12,
            "eps_growth_yearly": 56.84
        },
        "20052": {
            "year_quarter": 20052,
            "year": 2005,
            "quarter": 2,
            "eps": 0.62,
            "eps_growth_year": -6.06,
            "eps_4q": 2.65,
            "eps_4q_growth_year": 16.8,
            "roe": 4.39,
            "roe_4q": 20.04,
            "gross_profit": 95193,
            "gross_margin": 3.52,
            "gross_margin_4q_avg": 4.15,
            "net_income": 45328,
            "net_income_4q": null,
            "revenue": 2702692,
            "revenue_4q": null,
            "common_shares": 729556,
            "book_valuer_per_share": 14.25,
            "book_valuer_per_share_4q_avg": 13.52,
            "equity": 1039292,
            "current_ratio": 120.7,
            "debt_ratio": 67.69,
            "inventory_turnover_ratio": 10.92,
            "account_receivable_turnover_ratio": null,
            "reinvestment_rate": 3.37,
            "research_to_sale_ratio": null,
            "price_fair": 72,
            "eps_avg_yearly": 2.06,
            "eps_latest_yearly": 2.48,
            "eps_growth_yearly": 46.92
        },
        "20053": {
            "year_quarter": 20053,
            "year": 2005,
            "quarter": 3,
            "eps": 0.55,
            "eps_growth_year": 0,
            "eps_4q": 2.31,
            "eps_4q_growth_year": 0.69,
            "roe": 4.49,
            "roe_4q": 20.009999999999998,
            "gross_profit": 93424,
            "gross_margin": 3.46,
            "gross_margin_4q_avg": 3.79,
            "net_income": 47751,
            "net_income_4q": null,
            "revenue": 2700170,
            "revenue_4q": null,
            "common_shares": 863794,
            "book_valuer_per_share": 12.59,
            "book_valuer_per_share_4q_avg": 13.53,
            "equity": 1087902,
            "current_ratio": 122.94,
            "debt_ratio": 66.45,
            "inventory_turnover_ratio": 12.62,
            "account_receivable_turnover_ratio": null,
            "reinvestment_rate": 1.44,
            "research_to_sale_ratio": null,
            "price_fair": 72.33,
            "eps_avg_yearly": 2.07,
            "eps_latest_yearly": 2.2,
            "eps_growth_yearly": 40.78
        },
        "20054": {
            "year_quarter": 20054,
            "year": 2005,
            "quarter": 4,
            "eps": 0.39,
            "eps_growth_year": -43.48,
            "eps_4q": 2.14,
            "eps_4q_growth_year": -12.91,
            "roe": 3.04,
            "roe_4q": 17.67,
            "gross_profit": 95789,
            "gross_margin": 3.91,
            "gross_margin_4q_avg": 3.73,
            "net_income": 33563,
            "net_income_4q": null,
            "revenue": 2449003,
            "revenue_4q": null,
            "common_shares": 863794,
            "book_valuer_per_share": 12.98,
            "book_valuer_per_share_4q_avg": 13.46,
            "equity": 1121368,
            "current_ratio": 130.61,
            "debt_ratio": 66.37,
            "inventory_turnover_ratio": 12.12,
            "account_receivable_turnover_ratio": null,
            "reinvestment_rate": 5.37,
            "research_to_sale_ratio": null,
            "price_fair": 71.23,
            "eps_avg_yearly": 2.04,
            "eps_latest_yearly": 1.56,
            "eps_growth_yearly": 30.96
        },
        "20061": {
            "year_quarter": 20061,
            "year": 2006,
            "quarter": 1,
            "eps": 0.25,
            "eps_growth_year": -67.95,
            "eps_4q": 1.73,
            "eps_4q_growth_year": -33.47,
            "roe": 1.67,
            "roe_4q": 13.59,
            "gross_profit": 87788,
            "gross_margin": 3.79,
            "gross_margin_4q_avg": 3.67,
            "net_income": 21335,
            "net_income_4q": null,
            "revenue": 2315249,
            "revenue_4q": null,
            "common_shares": 863794,
            "book_valuer_per_share": 16.64,
            "book_valuer_per_share_4q_avg": 14.12,
            "equity": 1437398,
            "current_ratio": 130.73,
            "debt_ratio": 57.58,
            "inventory_turnover_ratio": 13.06,
            "account_receivable_turnover_ratio": null,
            "reinvestment_rate": -2.02,
            "research_to_sale_ratio": null,
            "price_fair": 71.4,
            "eps_avg_yearly": 2.04,
            "eps_latest_yearly": 1,
            "eps_growth_yearly": 26.45
        },
        "20062": {
            "year_quarter": 20062,
            "year": 2006,
            "quarter": 2,
            "eps": 0.69,
            "eps_growth_year": 11.29,
            "eps_4q": 1.87,
            "eps_4q_growth_year": -29.23,
            "roe": 4.07,
            "roe_4q": 13.270000000000001,
            "gross_profit": 128289,
            "gross_margin": 4.63,
            "gross_margin_4q_avg": 3.95,
            "net_income": 59813,
            "net_income_4q": null,
            "revenue": 2769484,
            "revenue_4q": null,
            "common_shares": 1002000,
            "book_valuer_per_share": 14.98,
            "book_valuer_per_share_4q_avg": 14.3,
            "equity": 1501157,
            "current_ratio": 132.95,
            "debt_ratio": 61.29,
            "inventory_turnover_ratio": 14.99,
            "account_receivable_turnover_ratio": null,
            "reinvestment_rate": -1.75,
            "research_to_sale_ratio": null,
            "price_fair": 74.99,
            "eps_avg_yearly": 2.14,
            "eps_latest_yearly": 2.76,
            "eps_growth_yearly": 65.02
        },
        "20063": {
            "year_quarter": 20063,
            "year": 2006,
            "quarter": 3,
            "eps": 0.98,
            "eps_growth_year": 78.18,
            "eps_4q": 2.12,
            "eps_4q_growth_year": -8.42,
            "roe": 6.52,
            "roe_4q": 15.3,
            "gross_profit": 132469,
            "gross_margin": 4.53,
            "gross_margin_4q_avg": 4.22,
            "net_income": 98690,
            "net_income_4q": null,
            "revenue": 2924410,
            "revenue_4q": null,
            "common_shares": 1002000,
            "book_valuer_per_share": 15.25,
            "book_valuer_per_share_4q_avg": 14.96,
            "equity": 1528215,
            "current_ratio": 132.72,
            "debt_ratio": 60.95,
            "inventory_turnover_ratio": 12.02,
            "account_receivable_turnover_ratio": null,
            "reinvestment_rate": -1.92,
            "research_to_sale_ratio": null,
            "price_fair": 79.36,
            "eps_avg_yearly": 2.27,
            "eps_latest_yearly": 3.92,
            "eps_growth_yearly": 57.67
        },
        "20064": {
            "year_quarter": 20064,
            "year": 2006,
            "quarter": 4,
            "eps": 0.56,
            "eps_growth_year": 43.59,
            "eps_4q": 2.36,
            "eps_4q_growth_year": 10.26,
            "roe": 3.47,
            "roe_4q": 15.73,
            "gross_profit": 108866,
            "gross_margin": 3.82,
            "gross_margin_4q_avg": 4.19,
            "net_income": 56104,
            "net_income_4q": null,
            "revenue": 2846725,
            "revenue_4q": null,
            "common_shares": 1002000,
            "book_valuer_per_share": 17.02,
            "book_valuer_per_share_4q_avg": 15.97,
            "equity": 1705189,
            "current_ratio": 147.53,
            "debt_ratio": 60.79,
            "inventory_turnover_ratio": 10.1,
            "account_receivable_turnover_ratio": null,
            "reinvestment_rate": 3.71,
            "research_to_sale_ratio": null,
            "price_fair": 79.54,
            "eps_avg_yearly": 2.27,
            "eps_latest_yearly": 2.24,
            "eps_growth_yearly": 43.83
        },
        "20071": {
            "year_quarter": 20071,
            "year": 2007,
            "quarter": 1,
            "eps": 0.32,
            "eps_growth_year": 28,
            "eps_4q": 2.47,
            "eps_4q_growth_year": 42.7,
            "roe": 1.86,
            "roe_4q": 15.92,
            "gross_profit": 94012,
            "gross_margin": 3.4,
            "gross_margin_4q_avg": 4.1,
            "net_income": 31876,
            "net_income_4q": null,
            "revenue": 2768422,
            "revenue_4q": null,
            "common_shares": 1002000,
            "book_valuer_per_share": 17.24,
            "book_valuer_per_share_4q_avg": 16.12,
            "equity": 1727929,
            "current_ratio": 132.82,
            "debt_ratio": 58.99,
            "inventory_turnover_ratio": 9.51,
            "account_receivable_turnover_ratio": null,
            "reinvestment_rate": 0.7,
            "research_to_sale_ratio": null,
            "price_fair": 78.05,
            "eps_avg_yearly": 2.23,
            "eps_latest_yearly": 1.28,
            "eps_growth_yearly": 35.43
        },
        "20072": {
            "year_quarter": 20072,
            "year": 2007,
            "quarter": 2,
            "eps": 0.46,
            "eps_growth_year": -33.33,
            "eps_4q": 2.31,
            "eps_4q_growth_year": 23.22,
            "roe": 2.71,
            "roe_4q": 14.56,
            "gross_profit": 111834,
            "gross_margin": 3.41,
            "gross_margin_4q_avg": 3.79,
            "net_income": 46431,
            "net_income_4q": null,
            "revenue": 3283977,
            "revenue_4q": null,
            "common_shares": 1002000,
            "book_valuer_per_share": 16.91,
            "book_valuer_per_share_4q_avg": 16.61,
            "equity": 1694333,
            "current_ratio": 129.62,
            "debt_ratio": 61.8,
            "inventory_turnover_ratio": 10.92,
            "account_receivable_turnover_ratio": null,
            "reinvestment_rate": 0.72,
            "research_to_sale_ratio": null,
            "price_fair": 79.63,
            "eps_avg_yearly": 2.28,
            "eps_latest_yearly": 1.84,
            "eps_growth_yearly": 57.08
        },
        "20073": {
            "year_quarter": 20073,
            "year": 2007,
            "quarter": 3,
            "eps": 0.9,
            "eps_growth_year": -8.16,
            "eps_4q": 2.04,
            "eps_4q_growth_year": -3.66,
            "roe": 6.08,
            "roe_4q": 14.12,
            "gross_profit": 112425,
            "gross_margin": 3.36,
            "gross_margin_4q_avg": 3.5,
            "net_income": 105978,
            "net_income_4q": null,
            "revenue": 3345003,
            "revenue_4q": null,
            "common_shares": 1182360,
            "book_valuer_per_share": 15.15,
            "book_valuer_per_share_4q_avg": 16.58,
            "equity": 1791641,
            "current_ratio": 131.12,
            "debt_ratio": 61.33,
            "inventory_turnover_ratio": 10.18,
            "account_receivable_turnover_ratio": null,
            "reinvestment_rate": 0.99,
            "research_to_sale_ratio": null,
            "price_fair": 85.05,
            "eps_avg_yearly": 2.43,
            "eps_latest_yearly": 3.6,
            "eps_growth_yearly": 80.99
        },
        "20074": {
            "year_quarter": 20074,
            "year": 2007,
            "quarter": 4,
            "eps": 0.47,
            "eps_growth_year": -16.07,
            "eps_4q": 2.03,
            "eps_4q_growth_year": -13.81,
            "roe": 3.19,
            "roe_4q": 13.84,
            "gross_profit": 115128,
            "gross_margin": 3.3,
            "gross_margin_4q_avg": 3.37,
            "net_income": 55532,
            "net_income_4q": null,
            "revenue": 3491519,
            "revenue_4q": null,
            "common_shares": 1182360,
            "book_valuer_per_share": 14.33,
            "book_valuer_per_share_4q_avg": 15.91,
            "equity": 1693781,
            "current_ratio": 137.03,
            "debt_ratio": 65.47,
            "inventory_turnover_ratio": 9.46,
            "account_receivable_turnover_ratio": null,
            "reinvestment_rate": 5.13,
            "research_to_sale_ratio": null,
            "price_fair": 83.83,
            "eps_avg_yearly": 2.4,
            "eps_latest_yearly": 1.88,
            "eps_growth_yearly": 39.58
        },
        "20081": {
            "year_quarter": 20081,
            "year": 2008,
            "quarter": 1,
            "eps": 0.36,
            "eps_growth_year": 12.5,
            "eps_4q": 2.13,
            "eps_4q_growth_year": -13.96,
            "roe": 2.32,
            "roe_4q": 14.3,
            "gross_profit": 114420,
            "gross_margin": 3.49,
            "gross_margin_4q_avg": 3.39,
            "net_income": 42317,
            "net_income_4q": null,
            "revenue": 3277169,
            "revenue_4q": null,
            "common_shares": 1182360,
            "book_valuer_per_share": 16.46,
            "book_valuer_per_share_4q_avg": 15.71,
            "equity": 1946516,
            "current_ratio": 146.86,
            "debt_ratio": 61.37,
            "inventory_turnover_ratio": 7.82,
            "account_receivable_turnover_ratio": null,
            "reinvestment_rate": 5.13,
            "research_to_sale_ratio": null,
            "price_fair": 80.76,
            "eps_avg_yearly": 2.31,
            "eps_latest_yearly": 1.44,
            "eps_growth_yearly": 29.63
        },
        "20082": {
            "year_quarter": 20082,
            "year": 2008,
            "quarter": 2,
            "eps": 0.53,
            "eps_growth_year": 15.22,
            "eps_4q": 2.27,
            "eps_4q_growth_year": -1.84,
            "roe": 3.24,
            "roe_4q": 14.83,
            "gross_profit": 127900,
            "gross_margin": 3.48,
            "gross_margin_4q_avg": 3.41,
            "net_income": 62193,
            "net_income_4q": null,
            "revenue": 3670924,
            "revenue_4q": null,
            "common_shares": 1182360,
            "book_valuer_per_share": 15.98,
            "book_valuer_per_share_4q_avg": 15.48,
            "equity": 1889986,
            "current_ratio": 139.42,
            "debt_ratio": 64.73,
            "inventory_turnover_ratio": 7.92,
            "account_receivable_turnover_ratio": null,
            "reinvestment_rate": 4.68,
            "research_to_sale_ratio": null,
            "price_fair": 79.63,
            "eps_avg_yearly": 2.28,
            "eps_latest_yearly": 2.12,
            "eps_growth_yearly": 43.2
        },
        "20083": {
            "year_quarter": 20083,
            "year": 2008,
            "quarter": 3,
            "eps": 0.85,
            "eps_growth_year": -5.56,
            "eps_4q": 2.02,
            "eps_4q_growth_year": -1.05,
            "roe": 6.86,
            "roe_4q": 15.610000000000001,
            "gross_profit": 147409,
            "gross_margin": 4.85,
            "gross_margin_4q_avg": 3.78,
            "net_income": 116264,
            "net_income_4q": null,
            "revenue": 3038384,
            "revenue_4q": null,
            "common_shares": 1371540,
            "book_valuer_per_share": 10.93,
            "book_valuer_per_share_4q_avg": 14.43,
            "equity": 1498828,
            "current_ratio": 132.64,
            "debt_ratio": 65.95,
            "inventory_turnover_ratio": 7.11,
            "account_receivable_turnover_ratio": null,
            "reinvestment_rate": 4.19,
            "research_to_sale_ratio": null,
            "price_fair": 82.25,
            "eps_avg_yearly": 2.35,
            "eps_latest_yearly": 3.4,
            "eps_growth_yearly": 62.46
        },
        "20084": {
            "year_quarter": 20084,
            "year": 2008,
            "quarter": 4,
            "eps": 0.06,
            "eps_growth_year": -87.23,
            "eps_4q": 1.81,
            "eps_4q_growth_year": -10.9,
            "roe": 0.53,
            "roe_4q": 12.950000000000001,
            "gross_profit": 63550,
            "gross_margin": 3.28,
            "gross_margin_4q_avg": 3.78,
            "net_income": 7576,
            "net_income_4q": null,
            "revenue": 1937585,
            "revenue_4q": null,
            "common_shares": 1371540,
            "book_valuer_per_share": 9.73,
            "book_valuer_per_share_4q_avg": 13.28,
            "equity": 1334900,
            "current_ratio": 133.4,
            "debt_ratio": 63.82,
            "inventory_turnover_ratio": 7.35,
            "account_receivable_turnover_ratio": 3.96,
            "reinvestment_rate": 4.07,
            "research_to_sale_ratio": null,
            "price_fair": 76.74,
            "eps_avg_yearly": 2.19,
            "eps_latest_yearly": 0.24,
            "eps_growth_yearly": 32.86
        },
        "20091": {
            "year_quarter": 20091,
            "year": 2009,
            "quarter": 1,
            "eps": 0.03,
            "eps_growth_year": -91.67,
            "eps_4q": 1.51,
            "eps_4q_growth_year": -29.11,
            "roe": 0.28,
            "roe_4q": 10.91,
            "gross_profit": 66754,
            "gross_margin": 3.75,
            "gross_margin_4q_avg": 3.84,
            "net_income": 3773,
            "net_income_4q": null,
            "revenue": 1780983,
            "revenue_4q": null,
            "common_shares": 1371540,
            "book_valuer_per_share": 9.92,
            "book_valuer_per_share_4q_avg": 11.64,
            "equity": 1360337,
            "current_ratio": 130.96,
            "debt_ratio": 66.41,
            "inventory_turnover_ratio": 8.19,
            "account_receivable_turnover_ratio": 1.73,
            "reinvestment_rate": 4.41,
            "research_to_sale_ratio": null,
            "price_fair": 54.34,
            "eps_avg_yearly": 2.01,
            "eps_latest_yearly": 0.12,
            "eps_growth_yearly": 17.1
        },
        "20092": {
            "year_quarter": 20092,
            "year": 2009,
            "quarter": 2,
            "eps": 0.23,
            "eps_growth_year": -56.6,
            "eps_4q": 1.16,
            "eps_4q_growth_year": -48.65,
            "roe": 2.09,
            "roe_4q": 9.760000000000002,
            "gross_profit": 97842,
            "gross_margin": 4.19,
            "gross_margin_4q_avg": 4.02,
            "net_income": 31420,
            "net_income_4q": null,
            "revenue": 2333689,
            "revenue_4q": null,
            "common_shares": 1371540,
            "book_valuer_per_share": 11.96,
            "book_valuer_per_share_4q_avg": 10.64,
            "equity": 1641030,
            "current_ratio": 140.21,
            "debt_ratio": 62.97,
            "inventory_turnover_ratio": 8.52,
            "account_receivable_turnover_ratio": 1.97,
            "reinvestment_rate": 4.38,
            "research_to_sale_ratio": null,
            "price_fair": 66.76,
            "eps_avg_yearly": 1.91,
            "eps_latest_yearly": 0.92,
            "eps_growth_yearly": 188.9
        },
        "20093": {
            "year_quarter": 20093,
            "year": 2009,
            "quarter": 3,
            "eps": 0.53,
            "eps_growth_year": -37.65,
            "eps_4q": 0.84,
            "eps_4q_growth_year": -58.25,
            "roe": 4.17,
            "roe_4q": 7.07,
            "gross_profit": 100501,
            "gross_margin": 4.1,
            "gross_margin_4q_avg": 3.83,
            "net_income": 72335,
            "net_income_4q": null,
            "revenue": 2454012,
            "revenue_4q": null,
            "common_shares": 1371540,
            "book_valuer_per_share": 13.3,
            "book_valuer_per_share_4q_avg": 11.23,
            "equity": 1824813,
            "current_ratio": 147.23,
            "debt_ratio": 60.36,
            "inventory_turnover_ratio": 8.84,
            "account_receivable_turnover_ratio": 1.86,
            "reinvestment_rate": 4.02,
            "research_to_sale_ratio": null,
            "price_fair": 66.59,
            "eps_avg_yearly": 1.9,
            "eps_latest_yearly": 2.12,
            "eps_growth_yearly": 224.33
        },
        "20094": {
            "year_quarter": 20094,
            "year": 2009,
            "quarter": 4,
            "eps": 0.29,
            "eps_growth_year": 383.33,
            "eps_4q": 1.08,
            "eps_4q_growth_year": -40.48,
            "roe": 2.08,
            "roe_4q": 8.62,
            "gross_profit": 93655,
            "gross_margin": 3.63,
            "gross_margin_4q_avg": 3.92,
            "net_income": 38782,
            "net_income_4q": null,
            "revenue": 2579393,
            "revenue_4q": null,
            "common_shares": 1371540,
            "book_valuer_per_share": 13.98,
            "book_valuer_per_share_4q_avg": 12.29,
            "equity": 1900678,
            "current_ratio": 145.81,
            "debt_ratio": 61.66,
            "inventory_turnover_ratio": 7.27,
            "account_receivable_turnover_ratio": 3.47,
            "reinvestment_rate": 61.05,
            "research_to_sale_ratio": null,
            "price_fair": 65.71,
            "eps_avg_yearly": 1.88,
            "eps_latest_yearly": 1.16,
            "eps_growth_yearly": 220.28
        },
        "20101": {
            "year_quarter": 20101,
            "year": 2010,
            "quarter": 1,
            "eps": 0.3,
            "eps_growth_year": 900,
            "eps_4q": 1.35,
            "eps_4q_growth_year": -10.76,
            "roe": 2.14,
            "roe_4q": 10.48,
            "gross_profit": 105209,
            "gross_margin": 3.51,
            "gross_margin_4q_avg": 3.86,
            "net_income": 40517,
            "net_income_4q": null,
            "revenue": 3001321,
            "revenue_4q": null,
            "common_shares": 1371540,
            "book_valuer_per_share": 13.83,
            "book_valuer_per_share_4q_avg": 13.27,
            "equity": 1879750,
            "current_ratio": 143.19,
            "debt_ratio": 62.95,
            "inventory_turnover_ratio": 7.49,
            "account_receivable_turnover_ratio": 1.93,
            "reinvestment_rate": 62.32,
            "research_to_sale_ratio": null,
            "price_fair": 66.15,
            "eps_avg_yearly": 1.89,
            "eps_latest_yearly": 1.2,
            "eps_growth_yearly": 230.11
        },
        "20102": {
            "year_quarter": 20102,
            "year": 2010,
            "quarter": 2,
            "eps": 0.27,
            "eps_growth_year": 16.98,
            "eps_4q": 1.22,
            "eps_4q_growth_year": 4.67,
            "roe": 2.34,
            "roe_4q": 10.73,
            "gross_profit": 115478,
            "gross_margin": 3.5,
            "gross_margin_4q_avg": 3.69,
            "net_income": 42970,
            "net_income_4q": null,
            "revenue": 3302692,
            "revenue_4q": null,
            "common_shares": 1371540,
            "book_valuer_per_share": 13.22,
            "book_valuer_per_share_4q_avg": 13.58,
            "equity": 1796905,
            "current_ratio": 139.62,
            "debt_ratio": 64.55,
            "inventory_turnover_ratio": 9.32,
            "account_receivable_turnover_ratio": 1.96,
            "reinvestment_rate": 61.86,
            "research_to_sale_ratio": null,
            "price_fair": 62.48,
            "eps_avg_yearly": 1.79,
            "eps_latest_yearly": 1.08,
            "eps_growth_yearly": 183.61
        },
        "20103": {
            "year_quarter": 20103,
            "year": 2010,
            "quarter": 3,
            "eps": 0.39,
            "eps_growth_year": -26.11,
            "eps_4q": 1.16,
            "eps_4q_growth_year": 37.21,
            "roe": 3.2,
            "roe_4q": 9.76,
            "gross_profit": 102395,
            "gross_margin": 2.93,
            "gross_margin_4q_avg": 3.39,
            "net_income": 62545,
            "net_income_4q": null,
            "revenue": 3493583,
            "revenue_4q": null,
            "common_shares": 1609404,
            "book_valuer_per_share": 13.23,
            "book_valuer_per_share_4q_avg": 13.57,
            "equity": 2113709,
            "current_ratio": 146.74,
            "debt_ratio": 61.57,
            "inventory_turnover_ratio": 10.26,
            "account_receivable_turnover_ratio": 1.88,
            "reinvestment_rate": 73.9,
            "research_to_sale_ratio": null,
            "price_fair": 57.31,
            "eps_avg_yearly": 1.64,
            "eps_latest_yearly": 1.56,
            "eps_growth_yearly": 184.22
        },
        "20104": {
            "year_quarter": 20104,
            "year": 2010,
            "quarter": 4,
            "eps": 0.62,
            "eps_growth_year": 115,
            "eps_4q": 1.54,
            "eps_4q_growth_year": 42.87,
            "roe": 4.4,
            "roe_4q": 12.080000000000002,
            "gross_profit": 115427,
            "gross_margin": 3.76,
            "gross_margin_4q_avg": 3.43,
            "net_income": 99578,
            "net_income_4q": null,
            "revenue": 3072175,
            "revenue_4q": null,
            "common_shares": 1609404,
            "book_valuer_per_share": 15.1,
            "book_valuer_per_share_4q_avg": 13.85,
            "equity": 2411683,
            "current_ratio": 156.05,
            "debt_ratio": 56.86,
            "inventory_turnover_ratio": 9,
            "account_receivable_turnover_ratio": 1.65,
            "reinvestment_rate": 89.21,
            "research_to_sale_ratio": null,
            "price_fair": 57.84,
            "eps_avg_yearly": 1.65,
            "eps_latest_yearly": 2.48,
            "eps_growth_yearly": 209.68
        },
        "20111": {
            "year_quarter": 20111,
            "year": 2011,
            "quarter": 1,
            "eps": 0.35,
            "eps_growth_year": 16.67,
            "eps_4q": 1.64,
            "eps_4q_growth_year": 21.71,
            "roe": 2.4,
            "roe_4q": 12.34,
            "gross_profit": 103380,
            "gross_margin": 3.35,
            "gross_margin_4q_avg": 3.39,
            "net_income": 56692,
            "net_income_4q": null,
            "revenue": 3085302,
            "revenue_4q": null,
            "common_shares": 1609404,
            "book_valuer_per_share": 14.53,
            "book_valuer_per_share_4q_avg": 14.02,
            "equity": 2321192,
            "current_ratio": 151.55,
            "debt_ratio": 58.54,
            "inventory_turnover_ratio": 7.14,
            "account_receivable_turnover_ratio": 1.73,
            "reinvestment_rate": 85.32,
            "research_to_sale_ratio": null,
            "price_fair": 58.1,
            "eps_avg_yearly": 1.66,
            "eps_latest_yearly": 1.4,
            "eps_growth_yearly": 209.5
        },
        "20112": {
            "year_quarter": 20112,
            "year": 2011,
            "quarter": 2,
            "eps": 0.31,
            "eps_growth_year": 14.42,
            "eps_4q": 1.51,
            "eps_4q_growth_year": 24.33,
            "roe": 2.41,
            "roe_4q": 12.41,
            "gross_profit": 100176,
            "gross_margin": 3.3,
            "gross_margin_4q_avg": 3.34,
            "net_income": 55803,
            "net_income_4q": null,
            "revenue": 3035368,
            "revenue_4q": null,
            "common_shares": 1609404,
            "book_valuer_per_share": 14.47,
            "book_valuer_per_share_4q_avg": 14.33,
            "equity": 2310367,
            "current_ratio": 157.74,
            "debt_ratio": 55.78,
            "inventory_turnover_ratio": 6.41,
            "account_receivable_turnover_ratio": 1.72,
            "reinvestment_rate": 84.18,
            "research_to_sale_ratio": null,
            "price_fair": 56.79,
            "eps_avg_yearly": 1.62,
            "eps_latest_yearly": 1.24,
            "eps_growth_yearly": 195.71
        },
        "20113": {
            "year_quarter": 20113,
            "year": 2011,
            "quarter": 3,
            "eps": 0.38,
            "eps_growth_year": -2.87,
            "eps_4q": 1.55,
            "eps_4q_growth_year": 33.97,
            "roe": 3.15,
            "roe_4q": 12.360000000000001,
            "gross_profit": 90284,
            "gross_margin": 3.32,
            "gross_margin_4q_avg": 3.43,
            "net_income": 68954,
            "net_income_4q": null,
            "revenue": 2718967,
            "revenue_4q": null,
            "common_shares": 1825010,
            "book_valuer_per_share": 11.44,
            "book_valuer_per_share_4q_avg": 13.89,
            "equity": 2073344,
            "current_ratio": 155.49,
            "debt_ratio": 55.77,
            "inventory_turnover_ratio": 7.15,
            "account_receivable_turnover_ratio": 1.74,
            "reinvestment_rate": 83.28,
            "research_to_sale_ratio": null,
            "price_fair": 52.24,
            "eps_avg_yearly": 1.49,
            "eps_latest_yearly": 1.52,
            "eps_growth_yearly": 177.44
        },
        "20114": {
            "year_quarter": 20114,
            "year": 2011,
            "quarter": 4,
            "eps": -0.27,
            "eps_growth_year": -144.04,
            "eps_4q": 0.72,
            "eps_4q_growth_year": -53.21,
            "roe": -2.53,
            "roe_4q": 5.43,
            "gross_profit": 60235,
            "gross_margin": 2.46,
            "gross_margin_4q_avg": 3.11,
            "net_income": -50116,
            "net_income_4q": null,
            "revenue": 2444387,
            "revenue_4q": null,
            "common_shares": 1825010,
            "book_valuer_per_share": 10.32,
            "book_valuer_per_share_4q_avg": 12.69,
            "equity": 1882914,
            "current_ratio": 147.12,
            "debt_ratio": 59.61,
            "inventory_turnover_ratio": 6.78,
            "account_receivable_turnover_ratio": 1.64,
            "reinvestment_rate": 74.51,
            "research_to_sale_ratio": null,
            "price_fair": 51.33,
            "eps_avg_yearly": 1.47,
            "eps_latest_yearly": 1.52,
            "eps_growth_yearly": 202.01
        },
        "20121": {
            "year_quarter": 20121,
            "year": 2012,
            "quarter": 1,
            "eps": 0.1,
            "eps_growth_year": -71.43,
            "eps_4q": 0.51,
            "eps_4q_growth_year": -68.9,
            "roe": 0.95,
            "roe_4q": 3.9800000000000004,
            "gross_profit": 84111,
            "gross_margin": 2.9,
            "gross_margin_4q_avg": 3,
            "net_income": 18379,
            "net_income_4q": null,
            "revenue": 2895826,
            "revenue_4q": null,
            "common_shares": 1825010,
            "book_valuer_per_share": 10.78,
            "book_valuer_per_share_4q_avg": 11.75,
            "equity": 1966534,
            "current_ratio": 143.03,
            "debt_ratio": 62.11,
            "inventory_turnover_ratio": 6.55,
            "account_receivable_turnover_ratio": 1.62,
            "reinvestment_rate": 78.08,
            "research_to_sale_ratio": null,
            "price_fair": 51.4,
            "eps_avg_yearly": 1.47,
            "eps_latest_yearly": 1.52,
            "eps_growth_yearly": 223.13
        },
        "20122": {
            "year_quarter": 20122,
            "year": 2012,
            "quarter": 2,
            "eps": -0.08,
            "eps_growth_year": -124.97,
            "eps_4q": 0.13,
            "eps_4q_growth_year": -91.6,
            "roe": -0.73,
            "roe_4q": 0.8400000000000003,
            "gross_profit": 57019,
            "gross_margin": 2.28,
            "gross_margin_4q_avg": 2.74,
            "net_income": -14018,
            "net_income_4q": null,
            "revenue": 2500781,
            "revenue_4q": null,
            "common_shares": 1825010,
            "book_valuer_per_share": 10.29,
            "book_valuer_per_share_4q_avg": 10.71,
            "equity": 1876605,
            "current_ratio": 145.35,
            "debt_ratio": 60.37,
            "inventory_turnover_ratio": 5.08,
            "account_receivable_turnover_ratio": 1.36,
            "reinvestment_rate": 81.92,
            "research_to_sale_ratio": null,
            "price_fair": 49.65,
            "eps_avg_yearly": 1.42,
            "eps_latest_yearly": 1.52,
            "eps_growth_yearly": 225.76
        },
        "20123": {
            "year_quarter": 20123,
            "year": 2012,
            "quarter": 3,
            "eps": 0.2,
            "eps_growth_year": -47.53,
            "eps_4q": -0.05,
            "eps_4q_growth_year": -103.35,
            "roe": 1.89,
            "roe_4q": -0.41999999999999993,
            "gross_profit": 90763,
            "gross_margin": 3.23,
            "gross_margin_4q_avg": 2.72,
            "net_income": 36315,
            "net_income_4q": null,
            "revenue": 2809548,
            "revenue_4q": null,
            "common_shares": 1825010,
            "book_valuer_per_share": 10.83,
            "book_valuer_per_share_4q_avg": 10.56,
            "equity": 1969690,
            "current_ratio": 151.2,
            "debt_ratio": 58.45,
            "inventory_turnover_ratio": 6.44,
            "account_receivable_turnover_ratio": 1.66,
            "reinvestment_rate": 91.48,
            "research_to_sale_ratio": null,
            "price_fair": 43.87,
            "eps_avg_yearly": 1.25,
            "eps_latest_yearly": 1.52,
            "eps_growth_yearly": 224.45
        },
        "20124": {
            "year_quarter": 20124,
            "year": 2012,
            "quarter": 4,
            "eps": -1.15,
            "eps_growth_year": null,
            "eps_4q": -0.93,
            "eps_4q_growth_year": -228.82,
            "roe": -10.58,
            "roe_4q": -8.47,
            "gross_profit": 88285,
            "gross_margin": 3.45,
            "gross_margin_4q_avg": 2.97,
            "net_income": -209236,
            "net_income_4q": null,
            "revenue": 2558067,
            "revenue_4q": null,
            "common_shares": 1825010,
            "book_valuer_per_share": 10.92,
            "book_valuer_per_share_4q_avg": 10.71,
            "equity": 1986017,
            "current_ratio": 157.67,
            "debt_ratio": 55.78,
            "inventory_turnover_ratio": 6.71,
            "account_receivable_turnover_ratio": 1.54,
            "reinvestment_rate": 183.35,
            "research_to_sale_ratio": null,
            "price_fair": 47.09,
            "eps_avg_yearly": 1.35,
            "eps_latest_yearly": 1.52,
            "eps_growth_yearly": 278.65
        },
        "20131": {
            "year_quarter": 20131,
            "year": 2013,
            "quarter": 1,
            "eps": 0.1,
            "eps_growth_year": 0,
            "eps_4q": -0.93,
            "eps_4q_growth_year": -281.99,
            "roe": 0.9,
            "roe_4q": -8.52,
            "gross_profit": 76929,
            "gross_margin": 3.42,
            "gross_margin_4q_avg": 3.1,
            "net_income": 18277,
            "net_income_4q": null,
            "revenue": 2252473,
            "revenue_4q": null,
            "common_shares": 1825010,
            "book_valuer_per_share": 11.43,
            "book_valuer_per_share_4q_avg": 10.87,
            "equity": 2078927,
            "current_ratio": 167.81,
            "debt_ratio": 52,
            "inventory_turnover_ratio": 6.2,
            "account_receivable_turnover_ratio": 1.57,
            "reinvestment_rate": 9.6,
            "research_to_sale_ratio": null,
            "price_fair": 51.38,
            "eps_avg_yearly": 1.47,
            "eps_latest_yearly": 1.52,
            "eps_growth_yearly": 326.52
        },
        "20132": {
            "year_quarter": 20132,
            "year": 2013,
            "quarter": 2,
            "eps": 0.14,
            "eps_growth_year": null,
            "eps_4q": -0.71,
            "eps_4q_growth_year": -659.22,
            "roe": 1.21,
            "roe_4q": -6.580000000000001,
            "gross_profit": 80904,
            "gross_margin": 3.12,
            "gross_margin_4q_avg": 3.31,
            "net_income": 25272,
            "net_income_4q": null,
            "revenue": 2590115,
            "revenue_4q": null,
            "common_shares": 1825010,
            "book_valuer_per_share": 11.54,
            "book_valuer_per_share_4q_avg": 11.18,
            "equity": 2097724,
            "current_ratio": 155.09,
            "debt_ratio": 56.01,
            "inventory_turnover_ratio": 7.55,
            "account_receivable_turnover_ratio": 1.93,
            "reinvestment_rate": 10.35,
            "research_to_sale_ratio": null,
            "price_fair": 50.12,
            "eps_avg_yearly": 1.43,
            "eps_latest_yearly": 0.56,
            "eps_growth_yearly": 75.85
        },
        "20133": {
            "year_quarter": 20133,
            "year": 2013,
            "quarter": 3,
            "eps": 0.26,
            "eps_growth_year": 30.26,
            "eps_4q": -0.65,
            "eps_4q_growth_year": null,
            "roe": 2.18,
            "roe_4q": -6.29,
            "gross_profit": 105247,
            "gross_margin": 4.17,
            "gross_margin_4q_avg": 3.54,
            "net_income": 47094,
            "net_income_4q": null,
            "revenue": 2523238,
            "revenue_4q": null,
            "common_shares": 1825010,
            "book_valuer_per_share": 12.24,
            "book_valuer_per_share_4q_avg": 11.53,
            "equity": 2225259,
            "current_ratio": 164.73,
            "debt_ratio": 52.7,
            "inventory_turnover_ratio": 8.27,
            "account_receivable_turnover_ratio": 1.8,
            "reinvestment_rate": 32.63,
            "research_to_sale_ratio": null,
            "price_fair": 46.34,
            "eps_avg_yearly": 1.32,
            "eps_latest_yearly": 1.04,
            "eps_growth_yearly": 57.96
        },
        "20134": {
            "year_quarter": 20134,
            "year": 2013,
            "quarter": 4,
            "eps": 0.19,
            "eps_growth_year": null,
            "eps_4q": 0.68,
            "eps_4q_growth_year": null,
            "roe": 1.48,
            "roe_4q": 5.7700000000000005,
            "gross_profit": 89396,
            "gross_margin": 3.37,
            "gross_margin_4q_avg": 3.52,
            "net_income": 33746,
            "net_income_4q": null,
            "revenue": 2656542,
            "revenue_4q": null,
            "common_shares": 1825010,
            "book_valuer_per_share": 12.84,
            "book_valuer_per_share_4q_avg": 12.01,
            "equity": 2334138,
            "current_ratio": 168.04,
            "debt_ratio": 52.29,
            "inventory_turnover_ratio": 10.36,
            "account_receivable_turnover_ratio": 1.93,
            "reinvestment_rate": -123.14,
            "research_to_sale_ratio": null,
            "price_fair": 44.94,
            "eps_avg_yearly": 1.28,
            "eps_latest_yearly": 0.76,
            "eps_growth_yearly": 65.3
        },
        "20141": {
            "year_quarter": 20141,
            "year": 2014,
            "quarter": 1,
            "eps": 0.17,
            "eps_growth_year": 70,
            "eps_4q": 0.76,
            "eps_4q_growth_year": null,
            "roe": 1.35,
            "roe_4q": 6.22,
            "gross_profit": 80163,
            "gross_margin": 3.37,
            "gross_margin_4q_avg": 3.51,
            "net_income": 31414,
            "net_income_4q": null,
            "revenue": 2380445,
            "revenue_4q": null,
            "common_shares": 1825010,
            "book_valuer_per_share": 12.81,
            "book_valuer_per_share_4q_avg": 12.36,
            "equity": 2329492,
            "current_ratio": 172.74,
            "debt_ratio": 50.55,
            "inventory_turnover_ratio": 10.45,
            "account_receivable_turnover_ratio": 1.8,
            "reinvestment_rate": -120.68,
            "research_to_sale_ratio": null,
            "price_fair": 43.12,
            "eps_avg_yearly": 1.23,
            "eps_latest_yearly": 0.68,
            "eps_growth_yearly": 59.71
        },
        "20142": {
            "year_quarter": 20142,
            "year": 2014,
            "quarter": 2,
            "eps": 0.11,
            "eps_growth_year": -21.43,
            "eps_4q": 0.73,
            "eps_4q_growth_year": null,
            "roe": 0.84,
            "roe_4q": 5.85,
            "gross_profit": 92905,
            "gross_margin": 3.49,
            "gross_margin_4q_avg": 3.6,
            "net_income": 19800,
            "net_income_4q": null,
            "revenue": 2662430,
            "revenue_4q": null,
            "common_shares": 1825010,
            "book_valuer_per_share": 13.18,
            "book_valuer_per_share_4q_avg": 12.77,
            "equity": 2396923,
            "current_ratio": 170.69,
            "debt_ratio": 51.48,
            "inventory_turnover_ratio": 13.01,
            "account_receivable_turnover_ratio": 2.08,
            "reinvestment_rate": -126.72,
            "research_to_sale_ratio": null,
            "price_fair": 40.88,
            "eps_avg_yearly": 1.17,
            "eps_latest_yearly": 0.44,
            "eps_growth_yearly": 49.6
        },
        "20143": {
            "year_quarter": 20143,
            "year": 2014,
            "quarter": 3,
            "eps": 0.47,
            "eps_growth_year": 80.77,
            "eps_4q": 0.94,
            "eps_4q_growth_year": null,
            "roe": 3.48,
            "roe_4q": 7.15,
            "gross_profit": 139219,
            "gross_margin": 4.89,
            "gross_margin_4q_avg": 3.78,
            "net_income": 85316,
            "net_income_4q": null,
            "revenue": 2846156,
            "revenue_4q": null,
            "common_shares": 1825010,
            "book_valuer_per_share": 13.78,
            "book_valuer_per_share_4q_avg": 13.15,
            "equity": 2506077,
            "current_ratio": 178.69,
            "debt_ratio": 49.35,
            "inventory_turnover_ratio": 12.77,
            "account_receivable_turnover_ratio": 2.04,
            "reinvestment_rate": -142.62,
            "research_to_sale_ratio": null,
            "price_fair": 42,
            "eps_avg_yearly": 1.2,
            "eps_latest_yearly": 1.88,
            "eps_growth_yearly": 162.73
        },
        "20144": {
            "year_quarter": 20144,
            "year": 2014,
            "quarter": 4,
            "eps": 0.19,
            "eps_growth_year": 4.22,
            "eps_4q": 0.94,
            "eps_4q_growth_year": 38.03,
            "roe": 1.39,
            "roe_4q": 7.0600000000000005,
            "gross_profit": 101797,
            "gross_margin": 3.94,
            "gross_margin_4q_avg": 3.92,
            "net_income": 35169,
            "net_income_4q": null,
            "revenue": 2583635,
            "revenue_4q": null,
            "common_shares": 1825010,
            "book_valuer_per_share": 13.96,
            "book_valuer_per_share_4q_avg": 13.43,
            "equity": 2539221,
            "current_ratio": 183.74,
            "debt_ratio": 47.96,
            "inventory_turnover_ratio": 13.5,
            "account_receivable_turnover_ratio": 1.83,
            "reinvestment_rate": -255.57,
            "research_to_sale_ratio": null,
            "price_fair": 35.98,
            "eps_avg_yearly": 1.03,
            "eps_latest_yearly": 0.76,
            "eps_growth_yearly": 115.31
        },
        "20151": {
            "year_quarter": 20151,
            "year": 2015,
            "quarter": 1,
            "eps": 0.19,
            "eps_growth_year": 11.76,
            "eps_4q": 0.96,
            "eps_4q_growth_year": 26.67,
            "roe": 1.32,
            "roe_4q": 7.029999999999999,
            "gross_profit": 102529,
            "gross_margin": 4.46,
            "gross_margin_4q_avg": 4.2,
            "net_income": 33926,
            "net_income_4q": null,
            "revenue": 2300097,
            "revenue_4q": null,
            "common_shares": 1825010,
            "book_valuer_per_share": 14.21,
            "book_valuer_per_share_4q_avg": 13.78,
            "equity": 2584183,
            "current_ratio": 185.16,
            "debt_ratio": 47.61,
            "inventory_turnover_ratio": 10.43,
            "account_receivable_turnover_ratio": 1.78,
            "reinvestment_rate": -268.59,
            "research_to_sale_ratio": null,
            "price_fair": 33.74,
            "eps_avg_yearly": 0.96,
            "eps_latest_yearly": 0.76,
            "eps_growth_yearly": 132.73
        },
        "20152": {
            "year_quarter": 20152,
            "year": 2015,
            "quarter": 2,
            "eps": 0.17,
            "eps_growth_year": 54.55,
            "eps_4q": 1.01,
            "eps_4q_growth_year": 39.66,
            "roe": 1.18,
            "roe_4q": 7.369999999999999,
            "gross_profit": 88383,
            "gross_margin": 3.83,
            "gross_margin_4q_avg": 4.28,
            "net_income": 30013,
            "net_income_4q": null,
            "revenue": 2310080,
            "revenue_4q": null,
            "common_shares": 1825010,
            "book_valuer_per_share": 13.72,
            "book_valuer_per_share_4q_avg": 13.92,
            "equity": 2494699,
            "current_ratio": 187.98,
            "debt_ratio": 46.58,
            "inventory_turnover_ratio": 9.46,
            "account_receivable_turnover_ratio": 1.99,
            "reinvestment_rate": -303.47,
            "research_to_sale_ratio": null,
            "price_fair": 31.78,
            "eps_avg_yearly": 0.91,
            "eps_latest_yearly": 0.68,
            "eps_growth_yearly": 133.09
        },
        "20153": {
            "year_quarter": 20153,
            "year": 2015,
            "quarter": 3,
            "eps": 0.57,
            "eps_growth_year": 21.28,
            "eps_4q": 1.12,
            "eps_4q_growth_year": 19.6,
            "roe": 4.23,
            "roe_4q": 8.120000000000001,
            "gross_profit": 115156,
            "gross_margin": 5.04,
            "gross_margin_4q_avg": 4.32,
            "net_income": 104046,
            "net_income_4q": null,
            "revenue": 2283739,
            "revenue_4q": null,
            "common_shares": 1825010,
            "book_valuer_per_share": 13.34,
            "book_valuer_per_share_4q_avg": 13.81,
            "equity": 2420077,
            "current_ratio": 188.29,
            "debt_ratio": 46.25,
            "inventory_turnover_ratio": 12,
            "account_receivable_turnover_ratio": 2.08,
            "reinvestment_rate": -244.56,
            "research_to_sale_ratio": null,
            "price_fair": 34.44,
            "eps_avg_yearly": 0.98,
            "eps_latest_yearly": 2.28,
            "eps_growth_yearly": 218.17
        },
        "20154": {
            "year_quarter": 20154,
            "year": 2015,
            "quarter": 4,
            "eps": 0.19,
            "eps_growth_year": -2.96,
            "eps_4q": 1.12,
            "eps_4q_growth_year": 18.12,
            "roe": 1.4,
            "roe_4q": 8.13,
            "gross_profit": 102230,
            "gross_margin": 4.68,
            "gross_margin_4q_avg": 4.5,
            "net_income": 33989,
            "net_income_4q": null,
            "revenue": 2183977,
            "revenue_4q": null,
            "common_shares": 1818300,
            "book_valuer_per_share": 13.42,
            "book_valuer_per_share_4q_avg": 13.67,
            "equity": 2430840,
            "current_ratio": 190.74,
            "debt_ratio": 45.5,
            "inventory_turnover_ratio": 14.19,
            "account_receivable_turnover_ratio": 2.04,
            "reinvestment_rate": -146.53,
            "research_to_sale_ratio": null,
            "price_fair": 33.73,
            "eps_avg_yearly": 0.96,
            "eps_latest_yearly": 0.76,
            "eps_growth_yearly": 174.1
        },
        "20161": {
            "year_quarter": 20161,
            "year": 2016,
            "quarter": 1,
            "eps": 0.11,
            "eps_growth_year": -42.11,
            "eps_4q": 1.03,
            "eps_4q_growth_year": 7.84,
            "roe": 0.78,
            "roe_4q": 7.59,
            "gross_profit": 96103,
            "gross_margin": 4.7,
            "gross_margin_4q_avg": 4.56,
            "net_income": 19056,
            "net_income_4q": null,
            "revenue": 2045886,
            "revenue_4q": null,
            "common_shares": 1818300,
            "book_valuer_per_share": 13.68,
            "book_valuer_per_share_4q_avg": 13.54,
            "equity": 2476963,
            "current_ratio": 187.33,
            "debt_ratio": 46.37,
            "inventory_turnover_ratio": 12.66,
            "account_receivable_turnover_ratio": 2.01,
            "reinvestment_rate": -142.95,
            "research_to_sale_ratio": null,
            "price_fair": 32.2,
            "eps_avg_yearly": 0.92,
            "eps_latest_yearly": 0.44,
            "eps_growth_yearly": 145.55
        },
        "20162": {
            "year_quarter": 20162,
            "year": 2016,
            "quarter": 2,
            "eps": 0.28,
            "eps_growth_year": 64.71,
            "eps_4q": 1.15,
            "eps_4q_growth_year": 13.33,
            "roe": 2.08,
            "roe_4q": 8.49,
            "gross_profit": 117570,
            "gross_margin": 5.5,
            "gross_margin_4q_avg": 4.98,
            "net_income": 51063,
            "net_income_4q": null,
            "revenue": 2138487,
            "revenue_4q": null,
            "common_shares": 1818300,
            "book_valuer_per_share": 13.43,
            "book_valuer_per_share_4q_avg": 13.47,
            "equity": 2432574,
            "current_ratio": 181.02,
            "debt_ratio": 48.11,
            "inventory_turnover_ratio": 11.36,
            "account_receivable_turnover_ratio": 2.08,
            "reinvestment_rate": -111.71,
            "research_to_sale_ratio": null,
            "price_fair": 32.74,
            "eps_avg_yearly": 0.94,
            "eps_latest_yearly": 1.12,
            "eps_growth_yearly": 181.91
        },
        "20163": {
            "year_quarter": 20163,
            "year": 2016,
            "quarter": 3,
            "eps": 0.47,
            "eps_growth_year": -17.54,
            "eps_4q": 1.05,
            "eps_4q_growth_year": -6.39,
            "roe": 3.44,
            "roe_4q": 7.699999999999999,
            "gross_profit": 119883,
            "gross_margin": 5.43,
            "gross_margin_4q_avg": 5.08,
            "net_income": 85745,
            "net_income_4q": null,
            "revenue": 2208348,
            "revenue_4q": null,
            "common_shares": 1818300,
            "book_valuer_per_share": 14.1,
            "book_valuer_per_share_4q_avg": 13.66,
            "equity": 2552534,
            "current_ratio": 181.44,
            "debt_ratio": 48.44,
            "inventory_turnover_ratio": 10.97,
            "account_receivable_turnover_ratio": 2.09,
            "reinvestment_rate": -98.15,
            "research_to_sale_ratio": null,
            "price_fair": 35.1,
            "eps_avg_yearly": 1,
            "eps_latest_yearly": 1.88,
            "eps_growth_yearly": 188.31
        },
        "20164": {
            "year_quarter": 20164,
            "year": 2016,
            "quarter": 4,
            "eps": 0.28,
            "eps_growth_year": 51.52,
            "eps_4q": 1.15,
            "eps_4q_growth_year": 2.67,
            "roe": 1.98,
            "roe_4q": 8.28,
            "gross_profit": 115001,
            "gross_margin": 4.55,
            "gross_margin_4q_avg": 5.05,
            "net_income": 51500,
            "net_income_4q": null,
            "revenue": 2527660,
            "revenue_4q": null,
            "common_shares": 1818300,
            "book_valuer_per_share": 14.62,
            "book_valuer_per_share_4q_avg": 13.96,
            "equity": 2646969,
            "current_ratio": 177.62,
            "debt_ratio": 50.15,
            "inventory_turnover_ratio": 10.92,
            "account_receivable_turnover_ratio": 2.23,
            "reinvestment_rate": -80.37,
            "research_to_sale_ratio": null,
            "price_fair": 35.37,
            "eps_avg_yearly": 1.01,
            "eps_latest_yearly": 1.12,
            "eps_growth_yearly": 164.97
        },
        "20171": {
            "year_quarter": 20171,
            "year": 2017,
            "quarter": 1,
            "eps": 0.14,
            "eps_growth_year": 27.27,
            "eps_4q": 1.18,
            "eps_4q_growth_year": 14.67,
            "roe": 0.98,
            "roe_4q": 8.48,
            "gross_profit": 118529,
            "gross_margin": 4.86,
            "gross_margin_4q_avg": 5.09,
            "net_income": 26241,
            "net_income_4q": null,
            "revenue": 2437504,
            "revenue_4q": null,
            "common_shares": 1818300,
            "book_valuer_per_share": 15.11,
            "book_valuer_per_share_4q_avg": 14.32,
            "equity": 2735266,
            "current_ratio": 183.81,
            "debt_ratio": 48.58,
            "inventory_turnover_ratio": 10.51,
            "account_receivable_turnover_ratio": 2.04,
            "reinvestment_rate": 5.4,
            "research_to_sale_ratio": null,
            "price_fair": 34.39,
            "eps_avg_yearly": 0.98,
            "eps_latest_yearly": 0.56,
            "eps_growth_yearly": 142.16
        },
        "20172": {
            "year_quarter": 20172,
            "year": 2017,
            "quarter": 2,
            "eps": 0.21,
            "eps_growth_year": -25,
            "eps_4q": 1.11,
            "eps_4q_growth_year": -3.5,
            "roe": 1.37,
            "roe_4q": 7.77,
            "gross_profit": 106629,
            "gross_margin": 4.2,
            "gross_margin_4q_avg": 4.76,
            "net_income": 37388,
            "net_income_4q": null,
            "revenue": 2538580,
            "revenue_4q": null,
            "common_shares": 1818300,
            "book_valuer_per_share": 15.03,
            "book_valuer_per_share_4q_avg": 14.72,
            "equity": 2720765,
            "current_ratio": 180,
            "debt_ratio": 49.78,
            "inventory_turnover_ratio": 13.79,
            "account_receivable_turnover_ratio": 2.1,
            "reinvestment_rate": 5.47,
            "research_to_sale_ratio": null,
            "price_fair": 35,
            "eps_avg_yearly": 1,
            "eps_latest_yearly": 0.84,
            "eps_growth_yearly": 144.66
        },
        "20173": {
            "year_quarter": 20173,
            "year": 2017,
            "quarter": 3,
            "eps": 0.64,
            "eps_growth_year": 36.17,
            "eps_4q": 1.28,
            "eps_4q_growth_year": 21.98,
            "roe": 4.2,
            "roe_4q": 8.530000000000001,
            "gross_profit": 133467,
            "gross_margin": 4.86,
            "gross_margin_4q_avg": 4.62,
            "net_income": 116445,
            "net_income_4q": null,
            "revenue": 2749001,
            "revenue_4q": null,
            "common_shares": 1818300,
            "book_valuer_per_share": 15.56,
            "book_valuer_per_share_4q_avg": 15.08,
            "equity": 2818093,
            "current_ratio": 181.79,
            "debt_ratio": 49.54,
            "inventory_turnover_ratio": 15.95,
            "account_receivable_turnover_ratio": 2.13,
            "reinvestment_rate": -3.88,
            "research_to_sale_ratio": null,
            "price_fair": 38.33,
            "eps_avg_yearly": 1.1,
            "eps_latest_yearly": 2.56,
            "eps_growth_yearly": 174.42
        },
        "20174": {
            "year_quarter": 20174,
            "year": 2017,
            "quarter": 4,
            "eps": 0.2,
            "eps_growth_year": -30.26,
            "eps_4q": 1.19,
            "eps_4q_growth_year": 4.16,
            "roe": 1.25,
            "roe_4q": 7.800000000000001,
            "gross_profit": 116008,
            "gross_margin": 4.75,
            "gross_margin_4q_avg": 4.67,
            "net_income": 35917,
            "net_income_4q": null,
            "revenue": 2441480,
            "revenue_4q": null,
            "common_shares": 1818300,
            "book_valuer_per_share": 16.14,
            "book_valuer_per_share_4q_avg": 15.46,
            "equity": 2922968,
            "current_ratio": 186.1,
            "debt_ratio": 48.56,
            "inventory_turnover_ratio": 14.28,
            "account_receivable_turnover_ratio": 1.8,
            "reinvestment_rate": -3.73,
            "research_to_sale_ratio": null,
            "price_fair": 38.41,
            "eps_avg_yearly": 1.1,
            "eps_latest_yearly": 0.8,
            "eps_growth_yearly": 163.97
        },
        "20181": {
            "year_quarter": 20181,
            "year": 2018,
            "quarter": 1,
            "eps": 0.22,
            "eps_growth_year": 57.14,
            "eps_4q": 1.27,
            "eps_4q_growth_year": 6.86,
            "roe": 1.32,
            "roe_4q": 8.14,
            "gross_profit": 109573,
            "gross_margin": 4.37,
            "gross_margin_4q_avg": 4.55,
            "net_income": 39513,
            "net_income_4q": null,
            "revenue": 2507753,
            "revenue_4q": null,
            "common_shares": 1818300,
            "book_valuer_per_share": 16.92,
            "book_valuer_per_share_4q_avg": 15.91,
            "equity": 3063846,
            "current_ratio": 196.27,
            "debt_ratio": 45.95,
            "inventory_turnover_ratio": 13.99,
            "account_receivable_turnover_ratio": 1.91,
            "reinvestment_rate": -5,
            "research_to_sale_ratio": null,
            "price_fair": 38.85,
            "eps_avg_yearly": 1.11,
            "eps_latest_yearly": 0.88,
            "eps_growth_yearly": 169.1
        },
        "20182": {
            "year_quarter": 20182,
            "year": 2018,
            "quarter": 2,
            "eps": 0.27,
            "eps_growth_year": 28.57,
            "eps_4q": 1.33,
            "eps_4q_growth_year": 19.67,
            "roe": 1.6,
            "roe_4q": 8.370000000000001,
            "gross_profit": 112496,
            "gross_margin": 4.31,
            "gross_margin_4q_avg": 4.57,
            "net_income": 48515,
            "net_income_4q": null,
            "revenue": 2612690,
            "revenue_4q": null,
            "common_shares": 1818300,
            "book_valuer_per_share": 16.56,
            "book_valuer_per_share_4q_avg": 16.3,
            "equity": 2999399,
            "current_ratio": 194.12,
            "debt_ratio": 46.51,
            "inventory_turnover_ratio": 11.85,
            "account_receivable_turnover_ratio": 1.99,
            "reinvestment_rate": -5.02,
            "research_to_sale_ratio": null,
            "price_fair": 40.25,
            "eps_avg_yearly": 1.15,
            "eps_latest_yearly": 1.08,
            "eps_growth_yearly": 183.6
        },
        "20183": {
            "year_quarter": 20183,
            "year": 2018,
            "quarter": 3,
            "eps": 0.57,
            "eps_growth_year": -10.94,
            "eps_4q": 1.25,
            "eps_4q_growth_year": -2.13,
            "roe": 3.3,
            "roe_4q": 7.470000000000001,
            "gross_profit": 110248,
            "gross_margin": 4.7,
            "gross_margin_4q_avg": 4.53,
            "net_income": 102703,
            "net_income_4q": null,
            "revenue": 2345504,
            "revenue_4q": null,
            "common_shares": 1818300,
            "book_valuer_per_share": 17.8,
            "book_valuer_per_share_4q_avg": 16.86,
            "equity": 3224144,
            "current_ratio": 217.72,
            "debt_ratio": 41.63,
            "inventory_turnover_ratio": 11.3,
            "account_receivable_turnover_ratio": 1.74,
            "reinvestment_rate": -6.23,
            "research_to_sale_ratio": null,
            "price_fair": 41.13,
            "eps_avg_yearly": 1.18,
            "eps_latest_yearly": 2.28,
            "eps_growth_yearly": 129.56
        },
        "20184": {
            "year_quarter": 20184,
            "year": 2018,
            "quarter": 4,
            "eps": 0.15,
            "eps_growth_year": -26.22,
            "eps_4q": 1.2,
            "eps_4q_growth_year": 0.21,
            "roe": 0.85,
            "roe_4q": 7.07,
            "gross_profit": 87374,
            "gross_margin": 3.89,
            "gross_margin_4q_avg": 4.32,
            "net_income": 26608,
            "net_income_4q": null,
            "revenue": 2247101,
            "revenue_4q": null,
            "common_shares": 1818300,
            "book_valuer_per_share": 16.89,
            "book_valuer_per_share_4q_avg": 17.04,
            "equity": 3070432,
            "current_ratio": 213.62,
            "debt_ratio": 42.1,
            "inventory_turnover_ratio": 11.97,
            "account_receivable_turnover_ratio": 1.82,
            "reinvestment_rate": -6.82,
            "research_to_sale_ratio": null,
            "price_fair": 40.78,
            "eps_avg_yearly": 1.17,
            "eps_latest_yearly": 0.6,
            "eps_growth_yearly": 126.03
        },
        "20191": {
            "year_quarter": 20191,
            "year": 2019,
            "quarter": 1,
            "eps": 0.21,
            "eps_growth_year": -4.55,
            "eps_4q": 1.19,
            "eps_4q_growth_year": -6.38,
            "roe": 1.19,
            "roe_4q": 6.9399999999999995,
            "gross_profit": 100211,
            "gross_margin": 4.47,
            "gross_margin_4q_avg": 4.34,
            "net_income": 37707,
            "net_income_4q": null,
            "revenue": 2241388,
            "revenue_4q": null,
            "common_shares": 1818300,
            "book_valuer_per_share": 18,
            "book_valuer_per_share_4q_avg": 17.31,
            "equity": 3273188,
            "current_ratio": 237.9,
            "debt_ratio": 38.01,
            "inventory_turnover_ratio": 12.75,
            "account_receivable_turnover_ratio": 1.98,
            "reinvestment_rate": -5.64,
            "research_to_sale_ratio": null,
            "price_fair": 40.95,
            "eps_avg_yearly": 1.17,
            "eps_latest_yearly": 0.84,
            "eps_growth_yearly": 136.03
        },
        "20192": {
            "year_quarter": 20192,
            "year": 2019,
            "quarter": 2,
            "eps": 0.14,
            "eps_growth_year": -48.15,
            "eps_4q": 1.06,
            "eps_4q_growth_year": -20.25,
            "roe": 0.78,
            "roe_4q": 6.119999999999999,
            "gross_profit": 97605,
            "gross_margin": 4.41,
            "gross_margin_4q_avg": 4.37,
            "net_income": 25494,
            "net_income_4q": null,
            "revenue": 2213251,
            "revenue_4q": null,
            "common_shares": 1818300,
            "book_valuer_per_share": 18.03,
            "book_valuer_per_share_4q_avg": 17.68,
            "equity": 3279296,
            "current_ratio": 230.21,
            "debt_ratio": 39.26,
            "inventory_turnover_ratio": 15.51,
            "account_receivable_turnover_ratio": 2.01,
            "reinvestment_rate": -5.03,
            "research_to_sale_ratio": null,
            "price_fair": 40.69,
            "eps_avg_yearly": 1.16,
            "eps_latest_yearly": 0.56,
            "eps_growth_yearly": 130.33
        },
        "20193": {
            "year_quarter": 20193,
            "year": 2019,
            "quarter": 3,
            "eps": 0.63,
            "eps_growth_year": 10.53,
            "eps_4q": 1.12,
            "eps_4q_growth_year": -10.42,
            "roe": 3.41,
            "roe_4q": 6.23,
            "gross_profit": 111899,
            "gross_margin": 5.38,
            "gross_margin_4q_avg": 4.54,
            "net_income": 114053,
            "net_income_4q": null,
            "revenue": 2078624,
            "revenue_4q": null,
            "common_shares": 1818300,
            "book_valuer_per_share": 18.79,
            "book_valuer_per_share_4q_avg": 17.93,
            "equity": 3415914,
            "current_ratio": 244.29,
            "debt_ratio": 37.16,
            "inventory_turnover_ratio": 12.39,
            "account_receivable_turnover_ratio": 2.04,
            "reinvestment_rate": -6.11,
            "research_to_sale_ratio": null,
            "price_fair": 41.21,
            "eps_avg_yearly": 1.18,
            "eps_latest_yearly": 2.52,
            "eps_growth_yearly": 159.01
        },
        "20194": {
            "year_quarter": 20194,
            "year": 2019,
            "quarter": 4,
            "eps": 0.1,
            "eps_growth_year": -34.52,
            "eps_4q": 1.07,
            "eps_4q_growth_year": -10.43,
            "roe": 0.5,
            "roe_4q": 5.880000000000001,
            "gross_profit": 89409,
            "gross_margin": 4.35,
            "gross_margin_4q_avg": 4.65,
            "net_income": 17423,
            "net_income_4q": null,
            "revenue": 2054467,
            "revenue_4q": null,
            "common_shares": 1818300,
            "book_valuer_per_share": 19.56,
            "book_valuer_per_share_4q_avg": 18.6,
            "equity": 3556287,
            "current_ratio": 251.96,
            "debt_ratio": 36.12,
            "inventory_turnover_ratio": 11,
            "account_receivable_turnover_ratio": 2.17,
            "reinvestment_rate": -6,
            "research_to_sale_ratio": null,
            "price_fair": 40.43,
            "eps_avg_yearly": 1.16,
            "eps_latest_yearly": 0.4,
            "eps_growth_yearly": 154.64
        },
        "20201": {
            "year_quarter": 20201,
            "year": 2020,
            "quarter": 1,
            "eps": 0.06,
            "eps_growth_year": -71.43,
            "eps_4q": 0.93,
            "eps_4q_growth_year": -21.88,
            "roe": 0.35,
            "roe_4q": 5.04,
            "gross_profit": 74497,
            "gross_margin": 4.55,
            "gross_margin_4q_avg": 4.67,
            "net_income": 11400,
            "net_income_4q": null,
            "revenue": 1638562,
            "revenue_4q": null,
            "common_shares": 1818300,
            "book_valuer_per_share": 16.12,
            "book_valuer_per_share_4q_avg": 18.13,
            "equity": 2931831,
            "current_ratio": 219.16,
            "debt_ratio": 40.87,
            "inventory_turnover_ratio": 10.29,
            "account_receivable_turnover_ratio": 1.82,
            "reinvestment_rate": -8.77,
            "research_to_sale_ratio": null,
            "price_fair": 39.99,
            "eps_avg_yearly": 1.14,
            "eps_latest_yearly": 0.24,
            "eps_growth_yearly": 155.17
        },
        "20202": {
            "year_quarter": 20202,
            "year": 2020,
            "quarter": 2,
            "eps": 0.15,
            "eps_growth_year": 7.14,
            "eps_4q": 0.94,
            "eps_4q_growth_year": -11.39,
            "roe": 0.9,
            "roe_4q": 5.16,
            "gross_profit": 80236,
            "gross_margin": 4.75,
            "gross_margin_4q_avg": 4.76,
            "net_income": 27713,
            "net_income_4q": null,
            "revenue": 1688105,
            "revenue_4q": null,
            "common_shares": 1818300,
            "book_valuer_per_share": 17.75,
            "book_valuer_per_share_4q_avg": 18.06,
            "equity": 3227544,
            "current_ratio": 234.72,
            "debt_ratio": 38.41,
            "inventory_turnover_ratio": 11.11,
            "account_receivable_turnover_ratio": 2.02,
            "reinvestment_rate": -7.9,
            "research_to_sale_ratio": null,
            "price_fair": 38.85,
            "eps_avg_yearly": 1.11,
            "eps_latest_yearly": 0.6,
            "eps_growth_yearly": 154.03
        },
        "20203": {
            "year_quarter": 20203,
            "year": 2020,
            "quarter": 3,
            "eps": 0.6,
            "eps_growth_year": -4.76,
            "eps_4q": 0.91,
            "eps_4q_growth_year": -18.91,
            "roe": 3.39,
            "roe_4q": 5.14,
            "gross_profit": 111985,
            "gross_margin": 6.84,
            "gross_margin_4q_avg": 5.12,
            "net_income": 108772,
            "net_income_4q": null,
            "revenue": 1636262,
            "revenue_4q": null,
            "common_shares": 1818300,
            "book_valuer_per_share": 17.58,
            "book_valuer_per_share_4q_avg": 17.75,
            "equity": 3195703,
            "current_ratio": 234.24,
            "debt_ratio": 38.37,
            "inventory_turnover_ratio": 11.29,
            "account_receivable_turnover_ratio": 2,
            "reinvestment_rate": -6.28,
            "research_to_sale_ratio": null,
            "price_fair": 39.99,
            "eps_avg_yearly": 1.14,
            "eps_latest_yearly": 2.4,
            "eps_growth_yearly": 212.07
        },
        "20204": {
            "year_quarter": 20204,
            "year": 2020,
            "quarter": 4,
            "eps": 0.56,
            "eps_growth_year": 480.64,
            "eps_4q": 1.37,
            "eps_4q_growth_year": 27.93,
            "roe": 3.05,
            "roe_4q": 7.6899999999999995,
            "gross_profit": 119799,
            "gross_margin": 5.68,
            "gross_margin_4q_avg": 5.46,
            "net_income": 101165,
            "net_income_4q": null,
            "revenue": 2109591,
            "revenue_4q": null,
            "common_shares": 1818300,
            "book_valuer_per_share": 18.87,
            "book_valuer_per_share_4q_avg": 17.58,
            "equity": 3430670,
            "current_ratio": 252.44,
            "debt_ratio": 35.79,
            "inventory_turnover_ratio": 16.17,
            "account_receivable_turnover_ratio": 2.25,
            "reinvestment_rate": -4.91,
            "research_to_sale_ratio": null,
            "price_fair": 42.44,
            "eps_avg_yearly": 1.21,
            "eps_latest_yearly": 2.24,
            "eps_growth_yearly": 220.51
        },
        "20211": {
            "year_quarter": 20211,
            "year": 2021,
            "quarter": 1,
            "eps": 0.3,
            "eps_growth_year": 400,
            "eps_4q": 1.6,
            "eps_4q_growth_year": 73.11,
            "roe": 1.57,
            "roe_4q": 8.91,
            "gross_profit": 120828,
            "gross_margin": 5.08,
            "gross_margin_4q_avg": 5.59,
            "net_income": 53813,
            "net_income_4q": null,
            "revenue": 2378520,
            "revenue_4q": null,
            "common_shares": 1818300,
            "book_valuer_per_share": 18.93,
            "book_valuer_per_share_4q_avg": 18.28,
            "equity": 3442105,
            "current_ratio": 221.75,
            "debt_ratio": 40.88,
            "inventory_turnover_ratio": 16.32,
            "account_receivable_turnover_ratio": 2.02,
            "reinvestment_rate": -2.89,
            "research_to_sale_ratio": null,
            "price_fair": 43.84,
            "eps_avg_yearly": 1.25,
            "eps_latest_yearly": 1.2,
            "eps_growth_yearly": 221.4
        },
        "20212": {
            "year_quarter": 20212,
            "year": 2021,
            "quarter": 2,
            "eps": 0.29,
            "eps_growth_year": 93.33,
            "eps_4q": 1.74,
            "eps_4q_growth_year": 85.1,
            "roe": 1.48,
            "roe_4q": 9.49,
            "gross_profit": 127187,
            "gross_margin": 4.42,
            "gross_margin_4q_avg": 5.51,
            "net_income": 52013,
            "net_income_4q": null,
            "revenue": 2878608,
            "revenue_4q": null,
            "common_shares": 1818300,
            "book_valuer_per_share": 19.85,
            "book_valuer_per_share_4q_avg": 18.81,
            "equity": 3609245,
            "current_ratio": 212.6,
            "debt_ratio": 43.03,
            "inventory_turnover_ratio": 18.04,
            "account_receivable_turnover_ratio": 2.21,
            "reinvestment_rate": -3.17,
            "research_to_sale_ratio": null,
            "price_fair": 44.54,
            "eps_avg_yearly": 1.27,
            "eps_latest_yearly": 1.16,
            "eps_growth_yearly": 208.07
        },
        "20213": {
            "year_quarter": 20213,
            "year": 2021,
            "quarter": 3,
            "eps": 0.77,
            "eps_growth_year": 28.33,
            "eps_4q": 1.91,
            "eps_4q_growth_year": 109.78,
            "roe": 3.67,
            "roe_4q": 9.77,
            "gross_profit": 106798,
            "gross_margin": 3.94,
            "gross_margin_4q_avg": 4.78,
            "net_income": 139793,
            "net_income_4q": null,
            "revenue": 2712215,
            "revenue_4q": null,
            "common_shares": 1818300,
            "book_valuer_per_share": 22.06,
            "book_valuer_per_share_4q_avg": 19.93,
            "equity": 4011507,
            "current_ratio": 229.3,
            "debt_ratio": 39.48,
            "inventory_turnover_ratio": 17.05,
            "account_receivable_turnover_ratio": 2.12,
            "reinvestment_rate": -2.96,
            "research_to_sale_ratio": null,
            "price_fair": 45.68,
            "eps_avg_yearly": 1.31,
            "eps_latest_yearly": 3.08,
            "eps_growth_yearly": 198.26
        },
        "20214": {
            "year_quarter": 20214,
            "year": 2021,
            "quarter": 4,
            "eps": 0.4,
            "eps_growth_year": -27.33,
            "eps_4q": 1.76,
            "eps_4q_growth_year": 28.14,
            "roe": 1.76,
            "roe_4q": 8.48,
            "gross_profit": 119310,
            "gross_margin": 4.42,
            "gross_margin_4q_avg": 4.47,
            "net_income": 73521,
            "net_income_4q": null,
            "revenue": 2700996,
            "revenue_4q": null,
            "common_shares": 1818300,
            "book_valuer_per_share": 23.84,
            "book_valuer_per_share_4q_avg": 21.17,
            "equity": 4334842,
            "current_ratio": 228.4,
            "debt_ratio": 38.36,
            "inventory_turnover_ratio": 17.53,
            "account_receivable_turnover_ratio": 2.12,
            "reinvestment_rate": 32.16,
            "research_to_sale_ratio": null,
            "price_fair": 47.43,
            "eps_avg_yearly": 1.36,
            "eps_latest_yearly": 1.6,
            "eps_growth_yearly": 203.43
        },
        "20221": {
            "year_quarter": 20221,
            "year": 2022,
            "quarter": 1,
            "eps": 0.29,
            "eps_growth_year": -3.33,
            "eps_4q": 1.75,
            "eps_4q_growth_year": 8.89,
            "roe": 1.17,
            "roe_4q": 8.08,
            "gross_profit": 114295,
            "gross_margin": 4.41,
            "gross_margin_4q_avg": 4.3,
            "net_income": 52051,
            "net_income_4q": null,
            "revenue": 2589227,
            "revenue_4q": null,
            "common_shares": 1818300,
            "book_valuer_per_share": 25.08,
            "book_valuer_per_share_4q_avg": 22.71,
            "equity": 4560499,
            "current_ratio": 210.69,
            "debt_ratio": 42.2,
            "inventory_turnover_ratio": 14.44,
            "account_receivable_turnover_ratio": 1.95,
            "reinvestment_rate": 31.98,
            "research_to_sale_ratio": null,
            "price_fair": 48.04,
            "eps_avg_yearly": 1.37,
            "eps_latest_yearly": 1.16,
            "eps_growth_yearly": 194.06
        },
        "20222": {
            "year_quarter": 20222,
            "year": 2022,
            "quarter": 2,
            "eps": 0.5,
            "eps_growth_year": 72.41,
            "eps_4q": 1.51,
            "eps_4q_growth_year": -13.03,
            "roe": 0.22,
            "roe_4q": 6.82,
            "gross_profit": 105731,
            "gross_margin": 3.93,
            "gross_margin_4q_avg": 4.18,
            "net_income": 9244,
            "net_income_4q": null,
            "revenue": 2687597,
            "revenue_4q": null,
            "common_shares": 1818300,
            "book_valuer_per_share": 22.18,
            "book_valuer_per_share_4q_avg": 23.29,
            "equity": 4032268,
            "current_ratio": 200.69,
            "debt_ratio": 43.64,
            "inventory_turnover_ratio": 17.26,
            "account_receivable_turnover_ratio": 2.08,
            "reinvestment_rate": 34.88,
            "research_to_sale_ratio": null,
            "price_fair": 50.05,
            "eps_avg_yearly": 1.43,
            "eps_latest_yearly": 2,
            "eps_growth_yearly": 206.48
        },
        "20223": {
            "year_quarter": 20223,
            "year": 2022,
            "quarter": 3,
            "eps": 0.99,
            "eps_growth_year": 28.57,
            "eps_4q": 1.73,
            "eps_4q_growth_year": -9.34,
            "roe": 4.45,
            "roe_4q": 7.6,
            "gross_profit": 109174,
            "gross_margin": 5.74,
            "gross_margin_4q_avg": 4.63,
            "net_income": 179565,
            "net_income_4q": null,
            "revenue": 1902575,
            "revenue_4q": null,
            "common_shares": 1818300,
            "book_valuer_per_share": 22.16,
            "book_valuer_per_share_4q_avg": 23.32,
            "equity": 4029914,
            "current_ratio": 226.06,
            "debt_ratio": 38.42,
            "inventory_turnover_ratio": 15.96,
            "account_receivable_turnover_ratio": 1.77,
            "reinvestment_rate": 34.43,
            "research_to_sale_ratio": null,
            "price_fair": 53.73,
            "eps_avg_yearly": 1.54,
            "eps_latest_yearly": 3.96,
            "eps_growth_yearly": 203.2
        },
        "20224": {
            "year_quarter": 20224,
            "year": 2022,
            "quarter": 4,
            "eps": 0.07,
            "eps_growth_year": -82.37,
            "eps_4q": 1.4,
            "eps_4q_growth_year": -20.47,
            "roe": 0.32,
            "roe_4q": 6.16,
            "gross_profit": 97630,
            "gross_margin": 4.81,
            "gross_margin_4q_avg": 4.72,
            "net_income": 12964,
            "net_income_4q": null,
            "revenue": 2031407,
            "revenue_4q": null,
            "common_shares": 1818300,
            "book_valuer_per_share": 22.99,
            "book_valuer_per_share_4q_avg": 23.1,
            "equity": 4179663,
            "current_ratio": 214.25,
            "debt_ratio": 40.81,
            "inventory_turnover_ratio": 17.64,
            "account_receivable_turnover_ratio": 2.03,
            "reinvestment_rate": 34.36,
            "research_to_sale_ratio": null,
            "price_fair": 53.03,
            "eps_avg_yearly": 1.52,
            "eps_latest_yearly": 0.28,
            "eps_growth_yearly": 198.39
        },
        "20231": {
            "year_quarter": 20231,
            "year": 2023,
            "quarter": 1,
            "eps": 0.11,
            "eps_growth_year": -62.07,
            "eps_4q": 1.22,
            "eps_4q_growth_year": -30.3,
            "roe": 0.47,
            "roe_4q": 5.46,
            "gross_profit": 91003,
            "gross_margin": 4.79,
            "gross_margin_4q_avg": 4.82,
            "net_income": 19434,
            "net_income_4q": null,
            "revenue": 1900308,
            "revenue_4q": null,
            "common_shares": 1818300,
            "book_valuer_per_share": 22.38,
            "book_valuer_per_share_4q_avg": 22.43,
            "equity": 4068779,
            "current_ratio": 201.45,
            "debt_ratio": 43.43,
            "inventory_turnover_ratio": 18.35,
            "account_receivable_turnover_ratio": 1.83,
            "reinvestment_rate": 34.45,
            "research_to_sale_ratio": null,
            "price_fair": 52.15,
            "eps_avg_yearly": 1.49,
            "eps_latest_yearly": 0.44,
            "eps_growth_yearly": 202.68
        },
        "20232": {
            "year_quarter": 20232,
            "year": 2023,
            "quarter": 2,
            "eps": 0.22,
            "eps_growth_year": -56,
            "eps_4q": 1.38,
            "eps_4q_growth_year": -8.35,
            "roe": 0.95,
            "roe_4q": 6.19,
            "gross_profit": 88197,
            "gross_margin": 4.83,
            "gross_margin_4q_avg": 5.04,
            "net_income": 39708,
            "net_income_4q": null,
            "revenue": 1825088,
            "revenue_4q": null,
            "common_shares": 1818300,
            "book_valuer_per_share": 23.61,
            "book_valuer_per_share_4q_avg": 22.79,
            "equity": 4293635,
            "current_ratio": 225.74,
            "debt_ratio": 38.72,
            "inventory_turnover_ratio": 17.05,
            "account_receivable_turnover_ratio": 2.02,
            "reinvestment_rate": 33.39,
            "research_to_sale_ratio": null,
            "price_fair": 52.85,
            "eps_avg_yearly": 1.51,
            "eps_latest_yearly": 0.88,
            "eps_growth_yearly": 236.01
        },
        "20233": {
            "year_quarter": 20233,
            "year": 2023,
            "quarter": 3,
            "eps": 0.69,
            "eps_growth_year": -30.3,
            "eps_4q": 1.08,
            "eps_4q_growth_year": -37.44,
            "roe": 2.89,
            "roe_4q": 4.63,
            "gross_profit": 115092,
            "gross_margin": 6,
            "gross_margin_4q_avg": 5.11,
            "net_income": 124573,
            "net_income_4q": null,
            "revenue": 1919493,
            "revenue_4q": null,
            "common_shares": 1818300,
            "book_valuer_per_share": 23.84,
            "book_valuer_per_share_4q_avg": 23.21,
            "equity": 4335127,
            "current_ratio": 215.21,
            "debt_ratio": 40.89,
            "inventory_turnover_ratio": 12.46,
            "account_receivable_turnover_ratio": 2.12,
            "reinvestment_rate": 33.55,
            "research_to_sale_ratio": null,
            "price_fair": 53.38,
            "eps_avg_yearly": 1.53,
            "eps_latest_yearly": 2.76,
            "eps_growth_yearly": 201.92
        }
    },
    "months": {
        "2001-06": {
            "month": "2001-06",
            "price": "24.12",
            "revenue": 342378
        },
        "2001-07": {
            "month": "2001-07",
            "price": "23.85",
            "revenue": 407126
        },
        "2001-08": {
            "month": "2001-08",
            "price": "24.34",
            "revenue": 430891
        },
        "2001-09": {
            "month": "2001-09",
            "price": "24.09",
            "revenue": 449364
        },
        "2001-10": {
            "month": "2001-10",
            "price": "23.62",
            "revenue": 463867
        },
        "2001-11": {
            "month": "2001-11",
            "price": "23.83",
            "revenue": 443059
        },
        "2001-12": {
            "month": "2001-12",
            "price": "23.48",
            "revenue": 438761
        },
        "2002-01": {
            "month": "2002-01",
            "price": "22.89",
            "revenue": 509905
        },
        "2002-02": {
            "month": "2002-02",
            "price": "22.86",
            "revenue": 391562
        },
        "2002-03": {
            "month": "2002-03",
            "price": "23.91",
            "revenue": 589449
        },
        "2002-04": {
            "month": "2002-04",
            "price": "24.36",
            "revenue": 569960
        },
        "2002-05": {
            "month": "2002-05",
            "price": "22.86",
            "revenue": 534569
        },
        "2002-06": {
            "month": "2002-06",
            "price": "22.32",
            "revenue": 503987
        },
        "2002-07": {
            "month": "2002-07",
            "price": "21.63",
            "revenue": 602908
        },
        "2002-08": {
            "month": "2002-08",
            "price": "20.85",
            "revenue": 619351
        },
        "2002-09": {
            "month": "2002-09",
            "price": "20.50",
            "revenue": 561920
        },
        "2002-10": {
            "month": "2002-10",
            "price": "20.64",
            "revenue": 650154
        },
        "2002-11": {
            "month": "2002-11",
            "price": "21.94",
            "revenue": 631822
        },
        "2002-12": {
            "month": "2002-12",
            "price": "21.93",
            "revenue": 681129
        },
        "2003-01": {
            "month": "2003-01",
            "price": "23.17",
            "revenue": 716358
        },
        "2003-02": {
            "month": "2003-02",
            "price": "22.49",
            "revenue": 613795
        },
        "2003-03": {
            "month": "2003-03",
            "price": "22.19",
            "revenue": 755884
        },
        "2003-04": {
            "month": "2003-04",
            "price": "22.11",
            "revenue": 681844
        },
        "2003-05": {
            "month": "2003-05",
            "price": "22.35",
            "revenue": 735662
        },
        "2003-06": {
            "month": "2003-06",
            "price": "22.44",
            "revenue": 708506
        },
        "2003-07": {
            "month": "2003-07",
            "price": "23.41",
            "revenue": 711474
        },
        "2003-08": {
            "month": "2003-08",
            "price": "23.49",
            "revenue": 818754
        },
        "2003-09": {
            "month": "2003-09",
            "price": "23.15",
            "revenue": 739373
        },
        "2003-10": {
            "month": "2003-10",
            "price": "23.10",
            "revenue": 856662
        },
        "2003-11": {
            "month": "2003-11",
            "price": "23.26",
            "revenue": 815510
        },
        "2003-12": {
            "month": "2003-12",
            "price": "22.61",
            "revenue": 913095
        },
        "2004-01": {
            "month": "2004-01",
            "price": "22.03",
            "revenue": 780444
        },
        "2004-02": {
            "month": "2004-02",
            "price": "22.76",
            "revenue": 917387
        },
        "2004-03": {
            "month": "2004-03",
            "price": "23.65",
            "revenue": 903773
        },
        "2004-04": {
            "month": "2004-04",
            "price": "22.99",
            "revenue": 963137
        },
        "2004-05": {
            "month": "2004-05",
            "price": "21.03",
            "revenue": 960979
        },
        "2004-06": {
            "month": "2004-06",
            "price": "20.72",
            "revenue": 967855
        },
        "2004-07": {
            "month": "2004-07",
            "price": "20.51",
            "revenue": 994939
        },
        "2004-08": {
            "month": "2004-08",
            "price": "19.30",
            "revenue": 1058088
        },
        "2004-09": {
            "month": "2004-09",
            "price": "18.03",
            "revenue": 1028175
        },
        "2004-10": {
            "month": "2004-10",
            "price": "18.18",
            "revenue": 1085885
        },
        "2004-11": {
            "month": "2004-11",
            "price": "17.97",
            "revenue": 953306
        },
        "2004-12": {
            "month": "2004-12",
            "price": "17.91",
            "revenue": 861723
        },
        "2005-01": {
            "month": "2005-01",
            "price": "18.05",
            "revenue": 942663
        },
        "2005-02": {
            "month": "2005-02",
            "price": "18.27",
            "revenue": 751965
        },
        "2005-03": {
            "month": "2005-03",
            "price": "18.23",
            "revenue": 999688
        },
        "2005-04": {
            "month": "2005-04",
            "price": "17.78",
            "revenue": 869129
        },
        "2005-05": {
            "month": "2005-05",
            "price": "18.10",
            "revenue": 874973
        },
        "2005-06": {
            "month": "2005-06",
            "price": "18.81",
            "revenue": 958590
        },
        "2005-07": {
            "month": "2005-07",
            "price": "19.31",
            "revenue": 832507
        },
        "2005-08": {
            "month": "2005-08",
            "price": "18.54",
            "revenue": 1005457
        },
        "2005-09": {
            "month": "2005-09",
            "price": "16.97",
            "revenue": 862207
        },
        "2005-10": {
            "month": "2005-10",
            "price": "16.86",
            "revenue": 827444
        },
        "2005-11": {
            "month": "2005-11",
            "price": "16.91",
            "revenue": 786303
        },
        "2005-12": {
            "month": "2005-12",
            "price": "17.04",
            "revenue": 835255
        },
        "2006-01": {
            "month": "2006-01",
            "price": "17.44",
            "revenue": 784681
        },
        "2006-02": {
            "month": "2006-02",
            "price": "17.35",
            "revenue": 679839
        },
        "2006-03": {
            "month": "2006-03",
            "price": "17.15",
            "revenue": 850729
        },
        "2006-04": {
            "month": "2006-04",
            "price": "17.58",
            "revenue": 911360
        },
        "2006-05": {
            "month": "2006-05",
            "price": "18.32",
            "revenue": 988318
        },
        "2006-06": {
            "month": "2006-06",
            "price": "18.02",
            "revenue": 869807
        },
        "2006-07": {
            "month": "2006-07",
            "price": "17.99",
            "revenue": 989027
        },
        "2006-08": {
            "month": "2006-08",
            "price": "16.67",
            "revenue": 998180
        },
        "2006-09": {
            "month": "2006-09",
            "price": "16.07",
            "revenue": 937202
        },
        "2006-10": {
            "month": "2006-10",
            "price": "16.33",
            "revenue": 925665
        },
        "2006-11": {
            "month": "2006-11",
            "price": "18.18",
            "revenue": 980761
        },
        "2006-12": {
            "month": "2006-12",
            "price": "18.85",
            "revenue": 940299
        },
        "2007-01": {
            "month": "2007-01",
            "price": "19.96",
            "revenue": 992180
        },
        "2007-02": {
            "month": "2007-02",
            "price": "20.27",
            "revenue": 722503
        },
        "2007-03": {
            "month": "2007-03",
            "price": "21.03",
            "revenue": 1053738
        },
        "2007-04": {
            "month": "2007-04",
            "price": "26.42",
            "revenue": 1037757
        },
        "2007-05": {
            "month": "2007-05",
            "price": "29.51",
            "revenue": 1204805
        },
        "2007-06": {
            "month": "2007-06",
            "price": "30.26",
            "revenue": 1041416
        },
        "2007-07": {
            "month": "2007-07",
            "price": "31.87",
            "revenue": 1119322
        },
        "2007-08": {
            "month": "2007-08",
            "price": "27.87",
            "revenue": 1104262
        },
        "2007-09": {
            "month": "2007-09",
            "price": "26.27",
            "revenue": 1121419
        },
        "2007-10": {
            "month": "2007-10",
            "price": "25.09",
            "revenue": 1248006
        },
        "2007-11": {
            "month": "2007-11",
            "price": "21.85",
            "revenue": 1158908
        },
        "2007-12": {
            "month": "2007-12",
            "price": "20.57",
            "revenue": 1084605
        },
        "2008-01": {
            "month": "2008-01",
            "price": "20.69",
            "revenue": 1135124
        },
        "2008-02": {
            "month": "2008-02",
            "price": "21.11",
            "revenue": 862783
        },
        "2008-03": {
            "month": "2008-03",
            "price": "24.59",
            "revenue": 1025405
        },
        "2008-04": {
            "month": "2008-04",
            "price": "25.74",
            "revenue": 1025015
        },
        "2008-05": {
            "month": "2008-05",
            "price": "26.11",
            "revenue": 1091413
        },
        "2008-06": {
            "month": "2008-06",
            "price": "23.80",
            "revenue": 1078137
        },
        "2008-07": {
            "month": "2008-07",
            "price": "20.82",
            "revenue": 1038090
        },
        "2008-08": {
            "month": "2008-08",
            "price": "17.72",
            "revenue": 852375
        },
        "2008-09": {
            "month": "2008-09",
            "price": "14.46",
            "revenue": 795764
        },
        "2008-10": {
            "month": "2008-10",
            "price": "13.45",
            "revenue": 651554
        },
        "2008-11": {
            "month": "2008-11",
            "price": "16.50",
            "revenue": 513739
        },
        "2008-12": {
            "month": "2008-12",
            "price": "16.78",
            "revenue": 404991
        },
        "2009-01": {
            "month": "2009-01",
            "price": "16.52",
            "revenue": 351472
        },
        "2009-02": {
            "month": "2009-02",
            "price": "15.90",
            "revenue": 503070
        },
        "2009-03": {
            "month": "2009-03",
            "price": "17.14",
            "revenue": 570773
        },
        "2009-04": {
            "month": "2009-04",
            "price": "17.69",
            "revenue": 650047
        },
        "2009-05": {
            "month": "2009-05",
            "price": "19.58",
            "revenue": 522804
        },
        "2009-06": {
            "month": "2009-06",
            "price": "17.68",
            "revenue": 608940
        },
        "2009-07": {
            "month": "2009-07",
            "price": "17.13",
            "revenue": 646662
        },
        "2009-08": {
            "month": "2009-08",
            "price": "16.64",
            "revenue": 673606
        },
        "2009-09": {
            "month": "2009-09",
            "price": "17.06",
            "revenue": 612350
        },
        "2009-10": {
            "month": "2009-10",
            "price": "17.42",
            "revenue": 632823
        },
        "2009-11": {
            "month": "2009-11",
            "price": "18.50",
            "revenue": 735874
        },
        "2009-12": {
            "month": "2009-12",
            "price": "18.08",
            "revenue": 745570
        },
        "2010-01": {
            "month": "2010-01",
            "price": "19.10",
            "revenue": 852434
        },
        "2010-02": {
            "month": "2010-02",
            "price": "17.13",
            "revenue": 574771
        },
        "2010-03": {
            "month": "2010-03",
            "price": "18.58",
            "revenue": 892458
        },
        "2010-04": {
            "month": "2010-04",
            "price": "23.08",
            "revenue": 994598
        },
        "2010-05": {
            "month": "2010-05",
            "price": "24.79",
            "revenue": 917129
        },
        "2010-06": {
            "month": "2010-06",
            "price": "23.75",
            "revenue": 795650
        },
        "2010-07": {
            "month": "2010-07",
            "price": "24.60",
            "revenue": 834192
        },
        "2010-08": {
            "month": "2010-08",
            "price": "27.72",
            "revenue": 1028786
        },
        "2010-09": {
            "month": "2010-09",
            "price": "22.90",
            "revenue": 925878
        },
        "2010-10": {
            "month": "2010-10",
            "price": "24.30",
            "revenue": 851638
        },
        "2010-11": {
            "month": "2010-11",
            "price": "23.64",
            "revenue": 807218
        },
        "2010-12": {
            "month": "2010-12",
            "price": "23.58",
            "revenue": 721042
        },
        "2011-01": {
            "month": "2011-01",
            "price": "23.32",
            "revenue": 816099
        },
        "2011-02": {
            "month": "2011-02",
            "price": "22.27",
            "revenue": 751326
        },
        "2011-03": {
            "month": "2011-03",
            "price": "21.45",
            "revenue": 912758
        },
        "2011-04": {
            "month": "2011-04",
            "price": "22.39",
            "revenue": 1016004
        },
        "2011-05": {
            "month": "2011-05",
            "price": "23.38",
            "revenue": 786017
        },
        "2011-06": {
            "month": "2011-06",
            "price": "22.59",
            "revenue": 732751
        },
        "2011-07": {
            "month": "2011-07",
            "price": "22.63",
            "revenue": 822618
        },
        "2011-08": {
            "month": "2011-08",
            "price": "18.90",
            "revenue": 688927
        },
        "2011-09": {
            "month": "2011-09",
            "price": "17.03",
            "revenue": 647987
        },
        "2011-10": {
            "month": "2011-10",
            "price": "16.90",
            "revenue": 677941
        },
        "2011-11": {
            "month": "2011-11",
            "price": "16.93",
            "revenue": 694471
        },
        "2011-12": {
            "month": "2011-12",
            "price": "16.53",
            "revenue": 602988
        },
        "2012-01": {
            "month": "2012-01",
            "price": "16.41",
            "revenue": 682024
        },
        "2012-02": {
            "month": "2012-02",
            "price": "17.22",
            "revenue": 866082
        },
        "2012-03": {
            "month": "2012-03",
            "price": "17.38",
            "revenue": 887056
        },
        "2012-04": {
            "month": "2012-04",
            "price": "15.40",
            "revenue": 788416
        },
        "2012-05": {
            "month": "2012-05",
            "price": "14.30",
            "revenue": 725804
        },
        "2012-06": {
            "month": "2012-06",
            "price": "14.12",
            "revenue": 602138
        },
        "2012-07": {
            "month": "2012-07",
            "price": "15.10",
            "revenue": 739617
        },
        "2012-08": {
            "month": "2012-08",
            "price": "14.87",
            "revenue": 781139
        },
        "2012-09": {
            "month": "2012-09",
            "price": "15.08",
            "revenue": 715775
        },
        "2012-10": {
            "month": "2012-10",
            "price": "14.93",
            "revenue": 721822
        },
        "2012-11": {
            "month": "2012-11",
            "price": "14.12",
            "revenue": 710813
        },
        "2012-12": {
            "month": "2012-12",
            "price": "14.58",
            "revenue": 717963
        },
        "2013-01": {
            "month": "2013-01",
            "price": "14.54",
            "revenue": 930350
        },
        "2013-02": {
            "month": "2013-02",
            "price": "14.32",
            "revenue": 614250
        },
        "2013-03": {
            "month": "2013-03",
            "price": "13.80",
            "revenue": 707872
        },
        "2013-04": {
            "month": "2013-04",
            "price": "13.51",
            "revenue": 836113
        },
        "2013-05": {
            "month": "2013-05",
            "price": "14.08",
            "revenue": 888907
        },
        "2013-06": {
            "month": "2013-06",
            "price": "13.93",
            "revenue": 865097
        },
        "2013-07": {
            "month": "2013-07",
            "price": "13.46",
            "revenue": 894162
        },
        "2013-08": {
            "month": "2013-08",
            "price": "13.51",
            "revenue": 854756
        },
        "2013-09": {
            "month": "2013-09",
            "price": "13.64",
            "revenue": 774329
        },
        "2013-10": {
            "month": "2013-10",
            "price": "14.24",
            "revenue": 864930
        },
        "2013-11": {
            "month": "2013-11",
            "price": "14.80",
            "revenue": 811316
        },
        "2013-12": {
            "month": "2013-12",
            "price": "14.97",
            "revenue": 980294
        },
        "2014-01": {
            "month": "2014-01",
            "price": "15.12",
            "revenue": 877642
        },
        "2014-02": {
            "month": "2014-02",
            "price": "14.85",
            "revenue": 629615
        },
        "2014-03": {
            "month": "2014-03",
            "price": "15.21",
            "revenue": 873188
        },
        "2014-04": {
            "month": "2014-04",
            "price": "14.93",
            "revenue": 916144
        },
        "2014-05": {
            "month": "2014-05",
            "price": "14.59",
            "revenue": 890916
        },
        "2014-06": {
            "month": "2014-06",
            "price": "14.92",
            "revenue": 855673
        },
        "2014-07": {
            "month": "2014-07",
            "price": "15.75",
            "revenue": 957222
        },
        "2014-08": {
            "month": "2014-08",
            "price": "15.39",
            "revenue": 998123
        },
        "2014-09": {
            "month": "2014-09",
            "price": "15.77",
            "revenue": 890499
        },
        "2014-10": {
            "month": "2014-10",
            "price": "14.63",
            "revenue": 885560
        },
        "2014-11": {
            "month": "2014-11",
            "price": "13.88",
            "revenue": 840031
        },
        "2014-12": {
            "month": "2014-12",
            "price": "13.95",
            "revenue": 858028
        },
        "2015-01": {
            "month": "2015-01",
            "price": "14.54",
            "revenue": 859041
        },
        "2015-02": {
            "month": "2015-02",
            "price": "14.72",
            "revenue": 594149
        },
        "2015-03": {
            "month": "2015-03",
            "price": "14.71",
            "revenue": 846905
        },
        "2015-04": {
            "month": "2015-04",
            "price": "15.03",
            "revenue": 759575
        },
        "2015-05": {
            "month": "2015-05",
            "price": "15.44",
            "revenue": 819672
        },
        "2015-06": {
            "month": "2015-06",
            "price": "13.45",
            "revenue": 730840
        },
        "2015-07": {
            "month": "2015-07",
            "price": "13.12",
            "revenue": 784979
        },
        "2015-08": {
            "month": "2015-08",
            "price": "12.20",
            "revenue": 740466
        },
        "2015-09": {
            "month": "2015-09",
            "price": "13.69",
            "revenue": 758309
        },
        "2015-10": {
            "month": "2015-10",
            "price": "14.61",
            "revenue": 750643
        },
        "2015-11": {
            "month": "2015-11",
            "price": "14.45",
            "revenue": 747738
        },
        "2015-12": {
            "month": "2015-12",
            "price": "14.15",
            "revenue": 685576
        },
        "2016-01": {
            "month": "2016-01",
            "price": "13.69",
            "revenue": 705158
        },
        "2016-02": {
            "month": "2016-02",
            "price": "13.49",
            "revenue": 511458
        },
        "2016-03": {
            "month": "2016-03",
            "price": "13.94",
            "revenue": 829266
        },
        "2016-04": {
            "month": "2016-04",
            "price": "13.92",
            "revenue": 772298
        },
        "2016-05": {
            "month": "2016-05",
            "price": "13.85",
            "revenue": 719716
        },
        "2016-06": {
            "month": "2016-06",
            "price": "13.98",
            "revenue": 646470
        },
        "2016-07": {
            "month": "2016-07",
            "price": "13.91",
            "revenue": 745868
        },
        "2016-08": {
            "month": "2016-08",
            "price": "13.15",
            "revenue": 795470
        },
        "2016-09": {
            "month": "2016-09",
            "price": "12.95",
            "revenue": 667016
        },
        "2016-10": {
            "month": "2016-10",
            "price": "12.86",
            "revenue": 771654
        },
        "2016-11": {
            "month": "2016-11",
            "price": "12.93",
            "revenue": 900306
        },
        "2016-12": {
            "month": "2016-12",
            "price": "13.77",
            "revenue": 855685
        },
        "2017-01": {
            "month": "2017-01",
            "price": "14.07",
            "revenue": 764245
        },
        "2017-02": {
            "month": "2017-02",
            "price": "14.45",
            "revenue": 851490
        },
        "2017-03": {
            "month": "2017-03",
            "price": "14.79",
            "revenue": 821766
        },
        "2017-04": {
            "month": "2017-04",
            "price": "14.12",
            "revenue": 805311
        },
        "2017-05": {
            "month": "2017-05",
            "price": "14.10",
            "revenue": 859331
        },
        "2017-06": {
            "month": "2017-06",
            "price": "14.18",
            "revenue": 873950
        },
        "2017-07": {
            "month": "2017-07",
            "price": "14.45",
            "revenue": 787561
        },
        "2017-08": {
            "month": "2017-08",
            "price": "14.01",
            "revenue": 1024785
        },
        "2017-09": {
            "month": "2017-09",
            "price": "14.35",
            "revenue": 936656
        },
        "2017-10": {
            "month": "2017-10",
            "price": "14.43",
            "revenue": 710246
        },
        "2017-11": {
            "month": "2017-11",
            "price": "14.98",
            "revenue": 923078
        },
        "2017-12": {
            "month": "2017-12",
            "price": "14.93",
            "revenue": 808114
        },
        "2018-01": {
            "month": "2018-01",
            "price": "15.34",
            "revenue": 915125
        },
        "2018-02": {
            "month": "2018-02",
            "price": "14.65",
            "revenue": 587733
        },
        "2018-03": {
            "month": "2018-03",
            "price": "15.61",
            "revenue": 1004769
        },
        "2018-04": {
            "month": "2018-04",
            "price": "17.25",
            "revenue": 925924
        },
        "2018-05": {
            "month": "2018-05",
            "price": "17.30",
            "revenue": 851623
        },
        "2018-06": {
            "month": "2018-06",
            "price": "18.26",
            "revenue": 829396
        },
        "2018-07": {
            "month": "2018-07",
            "price": "17.90",
            "revenue": 791820
        },
        "2018-08": {
            "month": "2018-08",
            "price": "16.15",
            "revenue": 860488
        },
        "2018-09": {
            "month": "2018-09",
            "price": "16.50",
            "revenue": 697997
        },
        "2018-10": {
            "month": "2018-10",
            "price": "14.56",
            "revenue": 792791
        },
        "2018-11": {
            "month": "2018-11",
            "price": "14.16",
            "revenue": 727415
        },
        "2018-12": {
            "month": "2018-12",
            "price": "14.50",
            "revenue": 727029
        },
        "2019-01": {
            "month": "2019-01",
            "price": "14.23",
            "revenue": 823090
        },
        "2019-02": {
            "month": "2019-02",
            "price": "14.43",
            "revenue": 667441
        },
        "2019-03": {
            "month": "2019-03",
            "price": "14.80",
            "revenue": 750178
        },
        "2019-04": {
            "month": "2019-04",
            "price": "14.82",
            "revenue": 858623
        },
        "2019-05": {
            "month": "2019-05",
            "price": "14.78",
            "revenue": 734313
        },
        "2019-06": {
            "month": "2019-06",
            "price": "14.87",
            "revenue": 619636
        },
        "2019-07": {
            "month": "2019-07",
            "price": "15.25",
            "revenue": 716901
        },
        "2019-08": {
            "month": "2019-08",
            "price": "14.31",
            "revenue": 677657
        },
        "2019-09": {
            "month": "2019-09",
            "price": "14.59",
            "revenue": 684332
        },
        "2019-10": {
            "month": "2019-10",
            "price": "14.59",
            "revenue": 748021
        },
        "2019-11": {
            "month": "2019-11",
            "price": "14.91",
            "revenue": 607862
        },
        "2019-12": {
            "month": "2019-12",
            "price": "14.86",
            "revenue": 698491
        },
        "2020-01": {
            "month": "2020-01",
            "price": "15.07",
            "revenue": 619818
        },
        "2020-02": {
            "month": "2020-02",
            "price": "14.77",
            "revenue": 443891
        },
        "2020-03": {
            "month": "2020-03",
            "price": "13.53",
            "revenue": 574853
        },
        "2020-04": {
            "month": "2020-04",
            "price": "13.49",
            "revenue": 611240
        },
        "2020-05": {
            "month": "2020-05",
            "price": "14.27",
            "revenue": 531424
        },
        "2020-06": {
            "month": "2020-06",
            "price": "14.36",
            "revenue": 545441
        },
        "2020-07": {
            "month": "2020-07",
            "price": "14.18",
            "revenue": 489248
        },
        "2020-08": {
            "month": "2020-08",
            "price": "13.84",
            "revenue": 489844
        },
        "2020-09": {
            "month": "2020-09",
            "price": "14.04",
            "revenue": 636485
        },
        "2020-10": {
            "month": "2020-10",
            "price": "13.96",
            "revenue": 557958
        },
        "2020-11": {
            "month": "2020-11",
            "price": "14.32",
            "revenue": 730635
        },
        "2020-12": {
            "month": "2020-12",
            "price": "15.51",
            "revenue": 841682
        },
        "2021-01": {
            "month": "2021-01",
            "price": "15.65",
            "revenue": 785959
        },
        "2021-02": {
            "month": "2021-02",
            "price": "15.56",
            "revenue": 600014
        },
        "2021-03": {
            "month": "2021-03",
            "price": "17.27",
            "revenue": 992652
        },
        "2021-04": {
            "month": "2021-04",
            "price": "24.73",
            "revenue": 975515
        },
        "2021-05": {
            "month": "2021-05",
            "price": "19.81",
            "revenue": 931594
        },
        "2021-06": {
            "month": "2021-06",
            "price": "20.87",
            "revenue": 971267
        },
        "2021-07": {
            "month": "2021-07",
            "price": "20.66",
            "revenue": 936501
        },
        "2021-08": {
            "month": "2021-08",
            "price": "21.12",
            "revenue": 846697
        },
        "2021-09": {
            "month": "2021-09",
            "price": "23.56",
            "revenue": 929067
        },
        "2021-10": {
            "month": "2021-10",
            "price": "25.23",
            "revenue": 967061
        },
        "2021-11": {
            "month": "2021-11",
            "price": "34.16",
            "revenue": 984718
        },
        "2021-12": {
            "month": "2021-12",
            "price": "34.46",
            "revenue": 749295
        },
        "2022-01": {
            "month": "2022-01",
            "price": "30.15",
            "revenue": 838171
        },
        "2022-02": {
            "month": "2022-02",
            "price": "27.14",
            "revenue": 680806
        },
        "2022-03": {
            "month": "2022-03",
            "price": "26.75",
            "revenue": 1071627
        },
        "2022-04": {
            "month": "2022-04",
            "price": "25.60",
            "revenue": 916035
        },
        "2022-05": {
            "month": "2022-05",
            "price": "22.21",
            "revenue": 822835
        },
        "2022-06": {
            "month": "2022-06",
            "price": "21.90",
            "revenue": 947350
        },
        "2022-07": {
            "month": "2022-07",
            "price": "21.19",
            "revenue": 632445
        },
        "2022-08": {
            "month": "2022-08",
            "price": "22.89",
            "revenue": 646962
        },
        "2022-09": {
            "month": "2022-09",
            "price": "22.59",
            "revenue": 623168
        },
        "2022-10": {
            "month": "2022-10",
            "price": "20.04",
            "revenue": 650328
        },
        "2022-11": {
            "month": "2022-11",
            "price": "19.55",
            "revenue": 678714
        },
        "2022-12": {
            "month": "2022-12",
            "price": "20.53",
            "revenue": 702365
        },
        "2023-01": {
            "month": "2023-01",
            "price": "20.26",
            "revenue": 537180
        },
        "2023-02": {
            "month": "2023-02",
            "price": "21.11",
            "revenue": 613630
        },
        "2023-03": {
            "month": "2023-03",
            "price": "21.18",
            "revenue": 749933
        },
        "2023-04": {
            "month": "2023-04",
            "price": "22.41",
            "revenue": 674543
        },
        "2023-05": {
            "month": "2023-05",
            "price": "23.02",
            "revenue": 651621
        },
        "2023-06": {
            "month": "2023-06",
            "price": "22.75",
            "revenue": 498679
        },
        "2023-07": {
            "month": "2023-07",
            "price": "21.61",
            "revenue": 587885
        },
        "2023-08": {
            "month": "2023-08",
            "price": "20.44",
            "revenue": 726950
        },
        "2023-09": {
            "month": "2023-09",
            "price": "20.36",
            "revenue": 604467
        },
        "2023-10": {
            "month": "2023-10",
            "price": "20.32",
            "revenue": 636786
        },
        "2023-11": {
            "month": "2023-11",
            "price": "20.85",
            "revenue": 614101
        },
        "2023-12": {
            "month": "2023-12",
            "price": "21.82",
            "revenue": 601945
        }
    }
}
