{
    "summary": {
        "stock_name": "永記",
        "stock_id": "1726",
        "category": "化工",
        "main_business": "油漆之製造及內外銷<br>油漆工程之包辦<br>合成樹脂之買賣業務",
        "website_url": "http://www.rainbowpaint.com.tw",
        "ceo": "陳弘偉",
        "pe_ratio": 15,
        "report_year_from": 2001,
        "report_year_to": 2023,
        "age": 23,
        "eps_negative_percentage": 0,
        "eps_growth_avg": {
            "last_all": 2.58,
            "last_2y": -8.43,
            "last_4y": -2.47,
            "last_8y": -4.43,
            "last_12y": 2.16,
            "last_16y": 1.57,
            "last_20y": 3.01,
            "at_2006_last_3y": 9.11,
            "at_2007_last_3y": 4.56,
            "at_2008_last_3y": -6.37,
            "at_2009_last_3y": 8.04,
            "at_2010_last_3y": -0.34,
            "at_2011_last_3y": 9.02,
            "at_2012_last_3y": 22.23,
            "at_2013_last_3y": 10.37,
            "at_2014_last_3y": 17,
            "at_2015_last_3y": 8.66,
            "at_2016_last_3y": 5.38,
            "at_2017_last_3y": -5.27,
            "at_2018_last_3y": -6.89,
            "at_2019_last_3y": -6.79,
            "at_2020_last_3y": -4.44,
            "at_2021_last_3y": 3.46,
            "at_2022_last_3y": 2.97,
            "at_2023_last_3y": -0.92,
            "at_2024_last_3y": -0.92,
            "at_2006_last_all": 5.99,
            "at_2007_last_all": 2.8,
            "at_2008_last_all": -1.53,
            "at_2009_last_all": 6.77,
            "at_2010_last_all": 3.18,
            "at_2011_last_all": 5.29,
            "at_2012_last_all": 7.11,
            "at_2013_last_all": 7.97,
            "at_2014_last_all": 7.43,
            "at_2015_last_all": 6.25,
            "at_2016_last_all": 6.65,
            "at_2017_last_all": 4.66,
            "at_2018_last_all": 4.06,
            "at_2019_last_all": 3.35,
            "at_2020_last_all": 4.32,
            "at_2021_last_all": 4.42,
            "at_2022_last_all": 3.85,
            "at_2023_last_all": 2.58,
            "at_2024_last_all": 2.58
        },
        "latest_eps": 5.17,
        "latest_price": 75.6,
        "latest_roe": 8.77,
        "latest_gross_margin": 24.61,
        "latest_equity": 9715991,
        "latest_revenue": 2190847,
        "latest_gross_profit": 539189,
        "latest_net_income": 219121,
        "latest_debt_ratio": 14.5,
        "latest_current_ratio": 483.6,
        "latest_account_receivable_turnover_ratio": 0.96,
        "latest_inventory_turnover_ratio": 0.67,
        "latest_reinvestment_rate": 30.23,
        "latest_research_to_sale_ratio": 3.1
    },
    "eps_dividends": {
        "1996": {
            "cash": 1,
            "stock": 1,
            "eps": 0
        },
        "1997": {
            "cash": 1.25,
            "stock": 1.25,
            "eps": 0
        },
        "1998": {
            "cash": 0,
            "stock": 3,
            "eps": 0
        },
        "1999": {
            "cash": 1.5,
            "stock": 1.5,
            "eps": 0
        },
        "2000": {
            "cash": 1.5,
            "stock": 1.5,
            "eps": 0
        },
        "2001": {
            "cash": 2,
            "stock": 0,
            "eps": 3.39
        },
        "2002": {
            "cash": 2,
            "stock": 2,
            "eps": 3.17
        },
        "2003": {
            "cash": 2,
            "stock": 0.24,
            "eps": 3.33
        },
        "2004": {
            "cash": 2,
            "stock": 2,
            "eps": 3.87
        },
        "2005": {
            "cash": 4.7,
            "stock": 0,
            "eps": 4.15
        },
        "2006": {
            "cash": 0,
            "stock": 0,
            "eps": 4.48
        },
        "2007": {
            "cash": 2.5,
            "stock": 0,
            "eps": 3.89
        },
        "2008": {
            "cash": 2,
            "stock": 0.13,
            "eps": 2.82
        },
        "2009": {
            "cash": 1.8,
            "stock": 0,
            "eps": 4.65
        },
        "2010": {
            "cash": 2.5,
            "stock": 0,
            "eps": 3.46
        },
        "2011": {
            "cash": 5,
            "stock": 0,
            "eps": 4.3
        },
        "2012": {
            "cash": 0,
            "stock": 0,
            "eps": 5.39
        },
        "2013": {
            "cash": 3.5,
            "stock": 0,
            "eps": 6.33
        },
        "2014": {
            "cash": 4.2,
            "stock": 0,
            "eps": 6.39
        },
        "2015": {
            "cash": 3.8,
            "stock": 0,
            "eps": 5.81
        },
        "2016": {
            "cash": 3.8,
            "stock": 0,
            "eps": 6.52
        },
        "2017": {
            "cash": 4,
            "stock": 0,
            "eps": 4.88
        },
        "2018": {
            "cash": 3.5,
            "stock": 0,
            "eps": 4.61
        },
        "2019": {
            "cash": 3.5,
            "stock": 0,
            "eps": 4.21
        },
        "2020": {
            "cash": 3.2,
            "stock": 0,
            "eps": 5.12
        },
        "2021": {
            "cash": 3.5,
            "stock": 0,
            "eps": 5.45
        },
        "2022": {
            "cash": 3.5,
            "stock": 0,
            "eps": 5.04
        },
        "2023": {
            "cash": 7,
            "stock": 0,
            "eps": 3.82
        }
    },
    "dividends": {
        "1996-06-22": {
            "cash": 1,
            "stock": 1
        },
        "1997-06-12": {
            "cash": 1.25,
            "stock": 1.25
        },
        "1998-03-27": {
            "cash": 0,
            "stock": 3
        },
        "1999-06-11": {
            "cash": 1.5,
            "stock": 1.5
        },
        "2000-06-09": {
            "cash": 1.5,
            "stock": 1.5
        },
        "2001-06-08": {
            "cash": 2,
            "stock": 0
        },
        "2002-06-07": {
            "cash": 2,
            "stock": 2
        },
        "2003-04-23": {
            "cash": 2,
            "stock": 0.24
        },
        "2004-06-18": {
            "cash": 2,
            "stock": 2
        },
        "2005-04-24": {
            "cash": 2.2,
            "stock": 0
        },
        "2005-04-27": {
            "cash": 2.5,
            "stock": 0
        },
        "2007-04-20": {
            "cash": 2.5,
            "stock": 0
        },
        "2008-04-24": {
            "cash": 2,
            "stock": 0.13
        },
        "2009-04-24": {
            "cash": 1.8,
            "stock": 0
        },
        "2010-04-15": {
            "cash": 2.5,
            "stock": 0
        },
        "2011-01-01": {
            "cash": 2.5,
            "stock": 0
        },
        "2011-04-21": {
            "cash": 2.5,
            "stock": 0
        },
        "2013-05-02": {
            "cash": 3.5,
            "stock": 0
        },
        "2014-09-26": {
            "cash": 4.2,
            "stock": 0
        },
        "2015-09-25": {
            "cash": 3.8,
            "stock": 0
        },
        "2016-09-14": {
            "cash": 3.8,
            "stock": 0
        },
        "2017-09-22": {
            "cash": 4,
            "stock": 0
        },
        "2018-09-21": {
            "cash": 3.5,
            "stock": 0
        },
        "2019-09-26": {
            "cash": 3.5,
            "stock": 0
        },
        "2020-09-23": {
            "cash": 3.2,
            "stock": 0
        },
        "2021-09-23": {
            "cash": 3.5,
            "stock": 0
        },
        "2022-09-23": {
            "cash": 3.5,
            "stock": 0
        },
        "2023-03-16": {
            "cash": 3.5,
            "stock": 0
        },
        "2023-09-15": {
            "cash": 3.5,
            "stock": 0
        }
    },
    "prices": {
        "200101": "25.22",
        "200102": "28.70",
        "200103": "30.53",
        "200104": "28.62",
        "200105": "27.10",
        "200106": "27.54",
        "200107": "27.54",
        "200108": "27.11",
        "200109": "27.49",
        "200110": "26.90",
        "200111": "26.95",
        "200112": "30.42",
        "200201": "33.32",
        "200202": "35.38",
        "200203": "37.21",
        "200204": "37.19",
        "200205": "37.50",
        "200206": "41.76",
        "200207": "41.88",
        "200208": "41.04",
        "200209": "38.53",
        "200210": "37.14",
        "200211": "39.56",
        "200212": "41.20",
        "200301": "43.03",
        "200302": "39.40",
        "200303": "37.80",
        "200304": "36.83",
        "200305": "35.39",
        "200306": "37.08",
        "200307": "37.64",
        "200308": "40.00",
        "200309": "37.79",
        "200310": "38.73",
        "200311": "39.64",
        "200312": "39.10",
        "200401": "39.49",
        "200402": "40.56",
        "200403": "42.33",
        "200404": "41.21",
        "200405": "37.97",
        "200406": "38.42",
        "200407": "38.60",
        "200408": "37.89",
        "200409": "40.27",
        "200410": "41.94",
        "200411": "41.26",
        "200412": "42.27",
        "200501": "44.24",
        "200502": "44.46",
        "200503": "43.79",
        "200504": "41.89",
        "200505": "41.15",
        "200506": "42.02",
        "200507": "40.22",
        "200508": "38.04",
        "200509": "36.99",
        "200510": "35.95",
        "200511": "36.45",
        "200512": "37.00",
        "200601": "38.02",
        "200602": "38.34",
        "200603": "37.68",
        "200604": "38.46",
        "200605": "41.73",
        "200606": "40.51",
        "200607": "39.84",
        "200608": "44.27",
        "200609": "49.21",
        "200610": "58.37",
        "200611": "57.10",
        "200612": "58.14",
        "200701": "63.62",
        "200702": "64.17",
        "200703": "58.73",
        "200704": "61.41",
        "200705": "58.56",
        "200706": "57.76",
        "200707": "57.69",
        "200708": "50.64",
        "200709": "50.76",
        "200710": "50.97",
        "200711": "45.22",
        "200712": "42.51",
        "200801": "42.21",
        "200802": "42.80",
        "200803": "44.25",
        "200804": "50.58",
        "200805": "49.77",
        "200806": "43.43",
        "200807": "38.68",
        "200808": "39.08",
        "200809": "33.70",
        "200810": "29.31",
        "200811": "28.64",
        "200812": "29.07",
        "200901": "29.19",
        "200902": "29.59",
        "200903": "32.35",
        "200904": "34.18",
        "200905": "35.93",
        "200906": "36.87",
        "200907": "37.78",
        "200908": "38.15",
        "200909": "40.13",
        "200910": "41.21",
        "200911": "42.77",
        "200912": "44.34",
        "201001": "44.82",
        "201002": "42.48",
        "201003": "44.48",
        "201004": "47.47",
        "201005": "45.42",
        "201006": "44.27",
        "201007": "43.70",
        "201008": "44.57",
        "201009": "44.13",
        "201010": "44.33",
        "201011": "44.10",
        "201012": "44.15",
        "201101": "44.66",
        "201102": "45.34",
        "201103": "46.11",
        "201104": "46.60",
        "201105": "47.80",
        "201106": "45.90",
        "201107": "46.27",
        "201108": "46.17",
        "201109": "42.67",
        "201110": "41.44",
        "201111": "42.76",
        "201112": "42.40",
        "201201": "42.95",
        "201202": "45.29",
        "201203": "46.38",
        "201204": "46.90",
        "201205": "49.44",
        "201206": "49.10",
        "201207": "50.97",
        "201208": "58.82",
        "201209": "58.64",
        "201210": "57.28",
        "201211": "56.00",
        "201212": "57.81",
        "201301": "59.43",
        "201302": "63.20",
        "201303": "69.61",
        "201304": "74.87",
        "201305": "80.38",
        "201306": "75.42",
        "201307": "75.65",
        "201308": "76.57",
        "201309": "70.12",
        "201310": "69.84",
        "201311": "69.66",
        "201312": "74.67",
        "201401": "76.47",
        "201402": "75.15",
        "201403": "75.64",
        "201404": "78.35",
        "201405": "83.47",
        "201406": "82.68",
        "201407": "83.55",
        "201408": "84.17",
        "201409": "86.55",
        "201410": "82.07",
        "201411": "80.12",
        "201412": "80.38",
        "201501": "82.64",
        "201502": "84.05",
        "201503": "84.36",
        "201504": "86.93",
        "201505": "87.16",
        "201506": "83.91",
        "201507": "83.49",
        "201508": "73.05",
        "201509": "64.86",
        "201510": "66.14",
        "201511": "68.36",
        "201512": "69.74",
        "201601": "70.64",
        "201602": "73.88",
        "201603": "77.70",
        "201604": "74.57",
        "201605": "72.10",
        "201606": "74.88",
        "201607": "75.99",
        "201608": "77.09",
        "201609": "76.12",
        "201610": "76.49",
        "201611": "77.90",
        "201612": "78.42",
        "201701": "80.29",
        "201702": "81.65",
        "201703": "82.30",
        "201704": "81.16",
        "201705": "83.40",
        "201706": "83.22",
        "201707": "82.30",
        "201708": "81.94",
        "201709": "79.95",
        "201710": "79.86",
        "201711": "80.58",
        "201712": "81.20",
        "201801": "81.33",
        "201802": "81.62",
        "201803": "82.14",
        "201804": "81.29",
        "201805": "80.79",
        "201806": "80.09",
        "201807": "80.48",
        "201808": "79.93",
        "201809": "78.97",
        "201810": "76.51",
        "201811": "74.13",
        "201812": "70.53",
        "201901": "70.72",
        "201902": "72.50",
        "201903": "74.16",
        "201904": "73.92",
        "201905": "73.00",
        "201906": "74.19",
        "201907": "75.11",
        "201908": "71.32",
        "201909": "70.44",
        "201910": "71.07",
        "201911": "70.32",
        "201912": "70.41",
        "202001": "70.37",
        "202002": "70.06",
        "202003": "65.65",
        "202004": "66.32",
        "202005": "68.82",
        "202006": "69.59",
        "202007": "70.32",
        "202008": "70.65",
        "202009": "69.41",
        "202010": "69.79",
        "202011": "71.04",
        "202012": "71.58",
        "202101": "70.93",
        "202102": "71.15",
        "202103": "71.95",
        "202104": "73.58",
        "202105": "73.41",
        "202106": "74.41",
        "202107": "75.80",
        "202108": "75.22",
        "202109": "72.92",
        "202110": "72.38",
        "202111": "73.13",
        "202112": "73.41",
        "202201": "73.58",
        "202202": "73.77",
        "202203": "73.57",
        "202204": "73.13",
        "202205": "72.00",
        "202206": "72.07",
        "202207": "71.78",
        "202208": "72.48",
        "202209": "70.82",
        "202210": "69.90",
        "202211": "70.16",
        "202212": "70.55",
        "202301": "70.74",
        "202302": "71.61",
        "202303": "72.33",
        "202304": "74.08",
        "202305": "75.10",
        "202306": "75.37",
        "202307": "75.30",
        "202308": "74.20",
        "202309": "73.35",
        "202310": "73.31",
        "202311": "74.10",
        "202312": "75.01"
    },
    "quarters": {
        "20011": {
            "year_quarter": 20011,
            "year": 2001,
            "quarter": 1,
            "eps": 1,
            "eps_growth_year": -14.53,
            "eps_4q": 2.56,
            "eps_4q_growth_year": -45.33,
            "roe": 4.4,
            "roe_4q": 4.4,
            "gross_profit": 292149,
            "gross_margin": 24.68,
            "gross_margin_4q_avg": 24.68,
            "net_income": 156793,
            "net_income_4q": null,
            "revenue": 1183781,
            "revenue_4q": null,
            "common_shares": 1562489,
            "book_valuer_per_share": 23.31,
            "book_valuer_per_share_4q_avg": 23.31,
            "equity": 3642127,
            "current_ratio": 320.15,
            "debt_ratio": 22.3,
            "inventory_turnover_ratio": 1.23,
            "account_receivable_turnover_ratio": null,
            "reinvestment_rate": null,
            "research_to_sale_ratio": null,
            "price_fair": 0,
            "eps_avg_yearly": 0,
            "eps_latest_yearly": 0,
            "eps_growth_yearly": 0
        },
        "20012": {
            "year_quarter": 20012,
            "year": 2001,
            "quarter": 2,
            "eps": 0.64,
            "eps_growth_year": -30.43,
            "eps_4q": 2.41,
            "eps_4q_growth_year": -47.03,
            "roe": 2.81,
            "roe_4q": 7.210000000000001,
            "gross_profit": 251492,
            "gross_margin": 20.86,
            "gross_margin_4q_avg": 22.77,
            "net_income": 99352,
            "net_income_4q": null,
            "revenue": 1205543,
            "revenue_4q": null,
            "common_shares": 1562489,
            "book_valuer_per_share": 21.99,
            "book_valuer_per_share_4q_avg": 22.65,
            "equity": 3436028,
            "current_ratio": 242.07,
            "debt_ratio": 27.28,
            "inventory_turnover_ratio": 1.26,
            "account_receivable_turnover_ratio": null,
            "reinvestment_rate": null,
            "research_to_sale_ratio": null,
            "price_fair": 0,
            "eps_avg_yearly": 0,
            "eps_latest_yearly": 0,
            "eps_growth_yearly": 0
        },
        "20013": {
            "year_quarter": 20013,
            "year": 2001,
            "quarter": 3,
            "eps": 0.55,
            "eps_growth_year": 223.53,
            "eps_4q": 2.76,
            "eps_4q_growth_year": -2.75,
            "roe": 2.49,
            "roe_4q": 9.700000000000001,
            "gross_profit": 273682,
            "gross_margin": 23.1,
            "gross_margin_4q_avg": 22.88,
            "net_income": 86514,
            "net_income_4q": null,
            "revenue": 1184789,
            "revenue_4q": null,
            "common_shares": 1562489,
            "book_valuer_per_share": 22.54,
            "book_valuer_per_share_4q_avg": 22.61,
            "equity": 3522156,
            "current_ratio": 309.8,
            "debt_ratio": 20.74,
            "inventory_turnover_ratio": 1.14,
            "account_receivable_turnover_ratio": null,
            "reinvestment_rate": null,
            "research_to_sale_ratio": null,
            "price_fair": 0,
            "eps_avg_yearly": 0,
            "eps_latest_yearly": 0,
            "eps_growth_yearly": 0
        },
        "20014": {
            "year_quarter": 20014,
            "year": 2001,
            "quarter": 4,
            "eps": 1.2,
            "eps_growth_year": 103.39,
            "eps_4q": 3.4,
            "eps_4q_growth_year": 31.06,
            "roe": 5.17,
            "roe_4q": 14.870000000000001,
            "gross_profit": 306872,
            "gross_margin": 23.69,
            "gross_margin_4q_avg": 23.08,
            "net_income": 187229,
            "net_income_4q": null,
            "revenue": 1295506,
            "revenue_4q": null,
            "common_shares": 1562489,
            "book_valuer_per_share": 23.77,
            "book_valuer_per_share_4q_avg": 22.9,
            "equity": 3714787,
            "current_ratio": 361.39,
            "debt_ratio": 23.22,
            "inventory_turnover_ratio": 1.13,
            "account_receivable_turnover_ratio": null,
            "reinvestment_rate": null,
            "research_to_sale_ratio": null,
            "price_fair": 0,
            "eps_avg_yearly": 0,
            "eps_latest_yearly": 0,
            "eps_growth_yearly": 0
        },
        "20021": {
            "year_quarter": 20021,
            "year": 2002,
            "quarter": 1,
            "eps": 1.08,
            "eps_growth_year": 8,
            "eps_4q": 3.46,
            "eps_4q_growth_year": 35.45,
            "roe": 4.45,
            "roe_4q": 14.920000000000002,
            "gross_profit": 302666,
            "gross_margin": 24.44,
            "gross_margin_4q_avg": 23.02,
            "net_income": 169181,
            "net_income_4q": null,
            "revenue": 1238247,
            "revenue_4q": null,
            "common_shares": 1562489,
            "book_valuer_per_share": 24.86,
            "book_valuer_per_share_4q_avg": 23.29,
            "equity": 3884574,
            "current_ratio": 345.24,
            "debt_ratio": 19.93,
            "inventory_turnover_ratio": 1.05,
            "account_receivable_turnover_ratio": null,
            "reinvestment_rate": null,
            "research_to_sale_ratio": null,
            "price_fair": 12.96,
            "eps_avg_yearly": 4.32,
            "eps_latest_yearly": 4.32,
            "eps_growth_yearly": -40
        },
        "20022": {
            "year_quarter": 20022,
            "year": 2002,
            "quarter": 2,
            "eps": 0.81,
            "eps_growth_year": 26.56,
            "eps_4q": 3.65,
            "eps_4q_growth_year": 51.19,
            "roe": 3.34,
            "roe_4q": 15.450000000000001,
            "gross_profit": 306264,
            "gross_margin": 25.33,
            "gross_margin_4q_avg": 24.14,
            "net_income": 126400,
            "net_income_4q": null,
            "revenue": 1209068,
            "revenue_4q": null,
            "common_shares": 1562489,
            "book_valuer_per_share": 23.51,
            "book_valuer_per_share_4q_avg": 23.67,
            "equity": 3673171,
            "current_ratio": 251.86,
            "debt_ratio": 26.62,
            "inventory_turnover_ratio": 1.04,
            "account_receivable_turnover_ratio": null,
            "reinvestment_rate": null,
            "research_to_sale_ratio": null,
            "price_fair": 11.34,
            "eps_avg_yearly": 3.78,
            "eps_latest_yearly": 3.24,
            "eps_growth_yearly": -70
        },
        "20023": {
            "year_quarter": 20023,
            "year": 2002,
            "quarter": 3,
            "eps": 0.7,
            "eps_growth_year": 27.27,
            "eps_4q": 3.78,
            "eps_4q_growth_year": 36.91,
            "roe": 2.93,
            "roe_4q": 15.889999999999999,
            "gross_profit": 286137,
            "gross_margin": 23.3,
            "gross_margin_4q_avg": 24.19,
            "net_income": 109697,
            "net_income_4q": null,
            "revenue": 1228021,
            "revenue_4q": null,
            "common_shares": 1562489,
            "book_valuer_per_share": 24.35,
            "book_valuer_per_share_4q_avg": 24.12,
            "equity": 3805053,
            "current_ratio": 322.06,
            "debt_ratio": 20.24,
            "inventory_turnover_ratio": 1.12,
            "account_receivable_turnover_ratio": null,
            "reinvestment_rate": null,
            "research_to_sale_ratio": null,
            "price_fair": 10.36,
            "eps_avg_yearly": 3.45,
            "eps_latest_yearly": 2.8,
            "eps_growth_yearly": -64.77
        },
        "20024": {
            "year_quarter": 20024,
            "year": 2002,
            "quarter": 4,
            "eps": 0.58,
            "eps_growth_year": -51.67,
            "eps_4q": 3.19,
            "eps_4q_growth_year": -5.93,
            "roe": 2.34,
            "roe_4q": 13.059999999999999,
            "gross_profit": 326526,
            "gross_margin": 24.1,
            "gross_margin_4q_avg": 24.29,
            "net_income": 89900,
            "net_income_4q": null,
            "revenue": 1355067,
            "revenue_4q": null,
            "common_shares": 1562489,
            "book_valuer_per_share": 24.91,
            "book_valuer_per_share_4q_avg": 24.41,
            "equity": 3892087,
            "current_ratio": 353.06,
            "debt_ratio": 26.49,
            "inventory_turnover_ratio": 1.11,
            "account_receivable_turnover_ratio": null,
            "reinvestment_rate": 15.98,
            "research_to_sale_ratio": null,
            "price_fair": 9.51,
            "eps_avg_yearly": 3.17,
            "eps_latest_yearly": 2.32,
            "eps_growth_yearly": -65.72
        },
        "20031": {
            "year_quarter": 20031,
            "year": 2003,
            "quarter": 1,
            "eps": 1.05,
            "eps_growth_year": -2.78,
            "eps_4q": 3.14,
            "eps_4q_growth_year": -9.32,
            "roe": 4.12,
            "roe_4q": 12.73,
            "gross_profit": 329495,
            "gross_margin": 26.15,
            "gross_margin_4q_avg": 24.72,
            "net_income": 163851,
            "net_income_4q": null,
            "revenue": 1259834,
            "revenue_4q": null,
            "common_shares": 1562489,
            "book_valuer_per_share": 25.96,
            "book_valuer_per_share_4q_avg": 24.68,
            "equity": 4055865,
            "current_ratio": 326.77,
            "debt_ratio": 21.81,
            "inventory_turnover_ratio": 1.03,
            "account_receivable_turnover_ratio": null,
            "reinvestment_rate": -0.51,
            "research_to_sale_ratio": null,
            "price_fair": 75.11,
            "eps_avg_yearly": 3.38,
            "eps_latest_yearly": 4.2,
            "eps_growth_yearly": 12.25
        },
        "20032": {
            "year_quarter": 20032,
            "year": 2003,
            "quarter": 2,
            "eps": 0.65,
            "eps_growth_year": -19.75,
            "eps_4q": 2.92,
            "eps_4q_growth_year": -20.1,
            "roe": 2.64,
            "roe_4q": 12.03,
            "gross_profit": 243455,
            "gross_margin": 21.85,
            "gross_margin_4q_avg": 23.85,
            "net_income": 104298,
            "net_income_4q": null,
            "revenue": 1114031,
            "revenue_4q": null,
            "common_shares": 1562489,
            "book_valuer_per_share": 24.56,
            "book_valuer_per_share_4q_avg": 24.95,
            "equity": 3837715,
            "current_ratio": 274.91,
            "debt_ratio": 25.43,
            "inventory_turnover_ratio": 1.1,
            "account_receivable_turnover_ratio": null,
            "reinvestment_rate": -0.39,
            "research_to_sale_ratio": null,
            "price_fair": 9.74,
            "eps_avg_yearly": 3.25,
            "eps_latest_yearly": 2.6,
            "eps_growth_yearly": -15.19
        },
        "20033": {
            "year_quarter": 20033,
            "year": 2003,
            "quarter": 3,
            "eps": 0.86,
            "eps_growth_year": 22.86,
            "eps_4q": 3.1,
            "eps_4q_growth_year": -17.89,
            "roe": 3.52,
            "roe_4q": 12.620000000000001,
            "gross_profit": 264523,
            "gross_margin": 22.96,
            "gross_margin_4q_avg": 23.77,
            "net_income": 137194,
            "net_income_4q": null,
            "revenue": 1151870,
            "revenue_4q": null,
            "common_shares": 1599988,
            "book_valuer_per_share": 24.76,
            "book_valuer_per_share_4q_avg": 25.05,
            "equity": 3962266,
            "current_ratio": 366.65,
            "debt_ratio": 19.63,
            "inventory_turnover_ratio": 1.11,
            "account_receivable_turnover_ratio": null,
            "reinvestment_rate": -0.48,
            "research_to_sale_ratio": null,
            "price_fair": 50.56,
            "eps_avg_yearly": 3.27,
            "eps_latest_yearly": 3.44,
            "eps_growth_yearly": 5.44
        },
        "20034": {
            "year_quarter": 20034,
            "year": 2003,
            "quarter": 4,
            "eps": 0.77,
            "eps_growth_year": 32.76,
            "eps_4q": 3.31,
            "eps_4q_growth_year": 3.58,
            "roe": 3.05,
            "roe_4q": 13.330000000000002,
            "gross_profit": 366343,
            "gross_margin": 26.93,
            "gross_margin_4q_avg": 24.47,
            "net_income": 122927,
            "net_income_4q": null,
            "revenue": 1360143,
            "revenue_4q": null,
            "common_shares": 1599989,
            "book_valuer_per_share": 25.55,
            "book_valuer_per_share_4q_avg": 25.21,
            "equity": 4088764,
            "current_ratio": 386.73,
            "debt_ratio": 25.02,
            "inventory_turnover_ratio": 1.05,
            "account_receivable_turnover_ratio": null,
            "reinvestment_rate": 16.48,
            "research_to_sale_ratio": null,
            "price_fair": 9.75,
            "eps_avg_yearly": 3.25,
            "eps_latest_yearly": 3.08,
            "eps_growth_yearly": -0.47
        },
        "20041": {
            "year_quarter": 20041,
            "year": 2004,
            "quarter": 1,
            "eps": 1.14,
            "eps_growth_year": 8.57,
            "eps_4q": 3.42,
            "eps_4q_growth_year": 8.87,
            "roe": 4.37,
            "roe_4q": 13.58,
            "gross_profit": 337472,
            "gross_margin": 24.55,
            "gross_margin_4q_avg": 24.07,
            "net_income": 182420,
            "net_income_4q": null,
            "revenue": 1374662,
            "revenue_4q": null,
            "common_shares": 1599989,
            "book_valuer_per_share": 26.61,
            "book_valuer_per_share_4q_avg": 25.37,
            "equity": 4257849,
            "current_ratio": 332.62,
            "debt_ratio": 21.82,
            "inventory_turnover_ratio": 1.07,
            "account_receivable_turnover_ratio": null,
            "reinvestment_rate": 4.89,
            "research_to_sale_ratio": null,
            "price_fair": 105.05,
            "eps_avg_yearly": 3.4,
            "eps_latest_yearly": 4.56,
            "eps_growth_yearly": 20.94
        },
        "20042": {
            "year_quarter": 20042,
            "year": 2004,
            "quarter": 2,
            "eps": 1.09,
            "eps_growth_year": 67.69,
            "eps_4q": 3.85,
            "eps_4q_growth_year": 32.18,
            "roe": 4.17,
            "roe_4q": 15.11,
            "gross_profit": 331421,
            "gross_margin": 26.41,
            "gross_margin_4q_avg": 25.21,
            "net_income": 174581,
            "net_income_4q": null,
            "revenue": 1255118,
            "revenue_4q": null,
            "common_shares": 1599989,
            "book_valuer_per_share": 25.72,
            "book_valuer_per_share_4q_avg": 25.66,
            "equity": 4115725,
            "current_ratio": 294.5,
            "debt_ratio": 24.21,
            "inventory_turnover_ratio": 1,
            "account_receivable_turnover_ratio": null,
            "reinvestment_rate": 5.26,
            "research_to_sale_ratio": null,
            "price_fair": 94.6,
            "eps_avg_yearly": 3.49,
            "eps_latest_yearly": 4.36,
            "eps_growth_yearly": 17.09
        },
        "20043": {
            "year_quarter": 20043,
            "year": 2004,
            "quarter": 3,
            "eps": 1.23,
            "eps_growth_year": 43.02,
            "eps_4q": 4.23,
            "eps_4q_growth_year": 36.27,
            "roe": 4.67,
            "roe_4q": 16.26,
            "gross_profit": 367193,
            "gross_margin": 23.89,
            "gross_margin_4q_avg": 25.45,
            "net_income": 196747,
            "net_income_4q": null,
            "revenue": 1536732,
            "revenue_4q": null,
            "common_shares": 1599989,
            "book_valuer_per_share": 26.97,
            "book_valuer_per_share_4q_avg": 26.21,
            "equity": 4315744,
            "current_ratio": 337.64,
            "debt_ratio": 21.55,
            "inventory_turnover_ratio": 1.14,
            "account_receivable_turnover_ratio": null,
            "reinvestment_rate": 4.55,
            "research_to_sale_ratio": null,
            "price_fair": 109.4,
            "eps_avg_yearly": 3.62,
            "eps_latest_yearly": 4.92,
            "eps_growth_yearly": 20.21
        },
        "20044": {
            "year_quarter": 20044,
            "year": 2004,
            "quarter": 4,
            "eps": 0.41,
            "eps_growth_year": -46.75,
            "eps_4q": 3.87,
            "eps_4q_growth_year": 16.91,
            "roe": 1.52,
            "roe_4q": 14.73,
            "gross_profit": 398669,
            "gross_margin": 22.05,
            "gross_margin_4q_avg": 24.23,
            "net_income": 65645,
            "net_income_4q": null,
            "revenue": 1807944,
            "revenue_4q": null,
            "common_shares": 1599989,
            "book_valuer_per_share": 27.17,
            "book_valuer_per_share_4q_avg": 26.62,
            "equity": 4346619,
            "current_ratio": 343.98,
            "debt_ratio": 27.92,
            "inventory_turnover_ratio": 1.13,
            "account_receivable_turnover_ratio": null,
            "reinvestment_rate": 11.93,
            "research_to_sale_ratio": null,
            "price_fair": 10.37,
            "eps_avg_yearly": 3.46,
            "eps_latest_yearly": 1.64,
            "eps_growth_yearly": -3.7
        },
        "20051": {
            "year_quarter": 20051,
            "year": 2005,
            "quarter": 1,
            "eps": 1.04,
            "eps_growth_year": -8.77,
            "eps_4q": 3.78,
            "eps_4q_growth_year": 10.5,
            "roe": 3.75,
            "roe_4q": 14.11,
            "gross_profit": 299898,
            "gross_margin": 22.99,
            "gross_margin_4q_avg": 23.84,
            "net_income": 166087,
            "net_income_4q": null,
            "revenue": 1304209,
            "revenue_4q": null,
            "common_shares": 1599989,
            "book_valuer_per_share": 28.19,
            "book_valuer_per_share_4q_avg": 27.01,
            "equity": 4509982,
            "current_ratio": 353.55,
            "debt_ratio": 21.57,
            "inventory_turnover_ratio": 0.79,
            "account_receivable_turnover_ratio": null,
            "reinvestment_rate": 1.75,
            "research_to_sale_ratio": null,
            "price_fair": 122.88,
            "eps_avg_yearly": 3.51,
            "eps_latest_yearly": 4.16,
            "eps_growth_yearly": 43.86
        },
        "20052": {
            "year_quarter": 20052,
            "year": 2005,
            "quarter": 2,
            "eps": 0.99,
            "eps_growth_year": -9.17,
            "eps_4q": 3.68,
            "eps_4q_growth_year": -4.52,
            "roe": 3.58,
            "roe_4q": 13.52,
            "gross_profit": 323975,
            "gross_margin": 22.41,
            "gross_margin_4q_avg": 22.84,
            "net_income": 157760,
            "net_income_4q": null,
            "revenue": 1445416,
            "revenue_4q": null,
            "common_shares": 1599989,
            "book_valuer_per_share": 26.9,
            "book_valuer_per_share_4q_avg": 27.31,
            "equity": 4304655,
            "current_ratio": 270.76,
            "debt_ratio": 26.43,
            "inventory_turnover_ratio": 1.05,
            "account_receivable_turnover_ratio": null,
            "reinvestment_rate": -0.12,
            "research_to_sale_ratio": null,
            "price_fair": 124,
            "eps_avg_yearly": 3.54,
            "eps_latest_yearly": 3.96,
            "eps_growth_yearly": 39.36
        },
        "20053": {
            "year_quarter": 20053,
            "year": 2005,
            "quarter": 3,
            "eps": 1.21,
            "eps_growth_year": -1.63,
            "eps_4q": 3.64,
            "eps_4q_growth_year": -13.85,
            "roe": 4.38,
            "roe_4q": 13.23,
            "gross_profit": 296841,
            "gross_margin": 21.88,
            "gross_margin_4q_avg": 22.33,
            "net_income": 193604,
            "net_income_4q": null,
            "revenue": 1356819,
            "revenue_4q": null,
            "common_shares": 1599989,
            "book_valuer_per_share": 28.33,
            "book_valuer_per_share_4q_avg": 27.65,
            "equity": 4533497,
            "current_ratio": 371.92,
            "debt_ratio": 19.26,
            "inventory_turnover_ratio": 1.04,
            "account_receivable_turnover_ratio": null,
            "reinvestment_rate": -1.2,
            "research_to_sale_ratio": null,
            "price_fair": 127.03,
            "eps_avg_yearly": 3.63,
            "eps_latest_yearly": 4.84,
            "eps_growth_yearly": 42.66
        },
        "20054": {
            "year_quarter": 20054,
            "year": 2005,
            "quarter": 4,
            "eps": 0.91,
            "eps_growth_year": 121.95,
            "eps_4q": 4.16,
            "eps_4q_growth_year": 7.46,
            "roe": 3.15,
            "roe_4q": 14.86,
            "gross_profit": 408418,
            "gross_margin": 18.1,
            "gross_margin_4q_avg": 21.35,
            "net_income": 145015,
            "net_income_4q": null,
            "revenue": 2256482,
            "revenue_4q": null,
            "common_shares": 1599989,
            "book_valuer_per_share": 29.17,
            "book_valuer_per_share_4q_avg": 28.15,
            "equity": 4667210,
            "current_ratio": 376.49,
            "debt_ratio": 25.19,
            "inventory_turnover_ratio": 1.69,
            "account_receivable_turnover_ratio": null,
            "reinvestment_rate": 2.54,
            "research_to_sale_ratio": null,
            "price_fair": 127.05,
            "eps_avg_yearly": 3.63,
            "eps_latest_yearly": 3.64,
            "eps_growth_yearly": 33.8
        },
        "20061": {
            "year_quarter": 20061,
            "year": 2006,
            "quarter": 1,
            "eps": 1.47,
            "eps_growth_year": 41.35,
            "eps_4q": 4.57,
            "eps_4q_growth_year": 20.91,
            "roe": 4.93,
            "roe_4q": 16.04,
            "gross_profit": 399740,
            "gross_margin": 26.32,
            "gross_margin_4q_avg": 22.18,
            "net_income": 235693,
            "net_income_4q": null,
            "revenue": 1518875,
            "revenue_4q": null,
            "common_shares": 1599989,
            "book_valuer_per_share": 30.58,
            "book_valuer_per_share_4q_avg": 28.75,
            "equity": 4892611,
            "current_ratio": 430.63,
            "debt_ratio": 16.74,
            "inventory_turnover_ratio": 1.03,
            "account_receivable_turnover_ratio": null,
            "reinvestment_rate": -1,
            "research_to_sale_ratio": null,
            "price_fair": 130.46,
            "eps_avg_yearly": 3.73,
            "eps_latest_yearly": 5.88,
            "eps_growth_yearly": 51.68
        },
        "20062": {
            "year_quarter": 20062,
            "year": 2006,
            "quarter": 2,
            "eps": 0.98,
            "eps_growth_year": -1.01,
            "eps_4q": 4.57,
            "eps_4q_growth_year": 24.31,
            "roe": 3.27,
            "roe_4q": 15.73,
            "gross_profit": 366312,
            "gross_margin": 21.84,
            "gross_margin_4q_avg": 22.04,
            "net_income": 156634,
            "net_income_4q": null,
            "revenue": 1677427,
            "revenue_4q": null,
            "common_shares": 1599989,
            "book_valuer_per_share": 29.29,
            "book_valuer_per_share_4q_avg": 29.34,
            "equity": 4686859,
            "current_ratio": 321.09,
            "debt_ratio": 22.08,
            "inventory_turnover_ratio": 1.32,
            "account_receivable_turnover_ratio": null,
            "reinvestment_rate": -0.83,
            "research_to_sale_ratio": null,
            "price_fair": 131.95,
            "eps_avg_yearly": 3.77,
            "eps_latest_yearly": 3.92,
            "eps_growth_yearly": 49.6
        },
        "20063": {
            "year_quarter": 20063,
            "year": 2006,
            "quarter": 3,
            "eps": 1,
            "eps_growth_year": -17.36,
            "eps_4q": 4.34,
            "eps_4q_growth_year": 19.14,
            "roe": 3.37,
            "roe_4q": 14.72,
            "gross_profit": 278626,
            "gross_margin": 19.18,
            "gross_margin_4q_avg": 21.36,
            "net_income": 160794,
            "net_income_4q": null,
            "revenue": 1452322,
            "revenue_4q": null,
            "common_shares": 1599989,
            "book_valuer_per_share": 30.43,
            "book_valuer_per_share_4q_avg": 29.87,
            "equity": 4869495,
            "current_ratio": 443.02,
            "debt_ratio": 16.13,
            "inventory_turnover_ratio": 1.09,
            "account_receivable_turnover_ratio": null,
            "reinvestment_rate": -0.85,
            "research_to_sale_ratio": null,
            "price_fair": 134.58,
            "eps_avg_yearly": 3.85,
            "eps_latest_yearly": 4,
            "eps_growth_yearly": 53.5
        },
        "20064": {
            "year_quarter": 20064,
            "year": 2006,
            "quarter": 4,
            "eps": 1.03,
            "eps_growth_year": 13.19,
            "eps_4q": 4.49,
            "eps_4q_growth_year": 8.07,
            "roe": 3.32,
            "roe_4q": 14.889999999999999,
            "gross_profit": 307802,
            "gross_margin": 19,
            "gross_margin_4q_avg": 21.59,
            "net_income": 164532,
            "net_income_4q": null,
            "revenue": 1620132,
            "revenue_4q": null,
            "common_shares": 1599989,
            "book_valuer_per_share": 31.54,
            "book_valuer_per_share_4q_avg": 30.46,
            "equity": 5045854,
            "current_ratio": 452.54,
            "debt_ratio": 22.3,
            "inventory_turnover_ratio": 0.93,
            "account_receivable_turnover_ratio": null,
            "reinvestment_rate": 3.63,
            "research_to_sale_ratio": null,
            "price_fair": 138.51,
            "eps_avg_yearly": 3.96,
            "eps_latest_yearly": 4.12,
            "eps_growth_yearly": 58.54
        },
        "20071": {
            "year_quarter": 20071,
            "year": 2007,
            "quarter": 1,
            "eps": 1.29,
            "eps_growth_year": -12.24,
            "eps_4q": 4.31,
            "eps_4q_growth_year": -5.7,
            "roe": 3.99,
            "roe_4q": 13.95,
            "gross_profit": 310666,
            "gross_margin": 20.33,
            "gross_margin_4q_avg": 20.09,
            "net_income": 206156,
            "net_income_4q": null,
            "revenue": 1528443,
            "revenue_4q": null,
            "common_shares": 1599989,
            "book_valuer_per_share": 32.99,
            "book_valuer_per_share_4q_avg": 31.06,
            "equity": 5278496,
            "current_ratio": 497.83,
            "debt_ratio": 14.68,
            "inventory_turnover_ratio": 0.82,
            "account_receivable_turnover_ratio": null,
            "reinvestment_rate": 0.15,
            "research_to_sale_ratio": null,
            "price_fair": 140.61,
            "eps_avg_yearly": 4.02,
            "eps_latest_yearly": 5.16,
            "eps_growth_yearly": 44.59
        },
        "20072": {
            "year_quarter": 20072,
            "year": 2007,
            "quarter": 2,
            "eps": 0.92,
            "eps_growth_year": -6.12,
            "eps_4q": 4.23,
            "eps_4q_growth_year": -7.5,
            "roe": 2.87,
            "roe_4q": 13.55,
            "gross_profit": 270626,
            "gross_margin": 18.65,
            "gross_margin_4q_avg": 19.29,
            "net_income": 147702,
            "net_income_4q": null,
            "revenue": 1451165,
            "revenue_4q": null,
            "common_shares": 1599989,
            "book_valuer_per_share": 31.36,
            "book_valuer_per_share_4q_avg": 31.58,
            "equity": 5017841,
            "current_ratio": 333.48,
            "debt_ratio": 20.92,
            "inventory_turnover_ratio": 0.9,
            "account_receivable_turnover_ratio": null,
            "reinvestment_rate": 0.39,
            "research_to_sale_ratio": null,
            "price_fair": 142.98,
            "eps_avg_yearly": 4.09,
            "eps_latest_yearly": 3.68,
            "eps_growth_yearly": 46.94
        },
        "20073": {
            "year_quarter": 20073,
            "year": 2007,
            "quarter": 3,
            "eps": 0.88,
            "eps_growth_year": -12,
            "eps_4q": 4.11,
            "eps_4q_growth_year": -5.42,
            "roe": 2.78,
            "roe_4q": 12.96,
            "gross_profit": 269687,
            "gross_margin": 18.36,
            "gross_margin_4q_avg": 19.09,
            "net_income": 141388,
            "net_income_4q": null,
            "revenue": 1468881,
            "revenue_4q": null,
            "common_shares": 1599989,
            "book_valuer_per_share": 32.26,
            "book_valuer_per_share_4q_avg": 32.04,
            "equity": 5161132,
            "current_ratio": 435.01,
            "debt_ratio": 16.49,
            "inventory_turnover_ratio": 0.91,
            "account_receivable_turnover_ratio": null,
            "reinvestment_rate": 1.27,
            "research_to_sale_ratio": null,
            "price_fair": 143.15,
            "eps_avg_yearly": 4.09,
            "eps_latest_yearly": 3.52,
            "eps_growth_yearly": 37.78
        },
        "20074": {
            "year_quarter": 20074,
            "year": 2007,
            "quarter": 4,
            "eps": 0.8,
            "eps_growth_year": -22.33,
            "eps_4q": 3.88,
            "eps_4q_growth_year": -13.69,
            "roe": 2.46,
            "roe_4q": 12.1,
            "gross_profit": 296624,
            "gross_margin": 19.1,
            "gross_margin_4q_avg": 19.11,
            "net_income": 128740,
            "net_income_4q": null,
            "revenue": 1552961,
            "revenue_4q": null,
            "common_shares": 1599989,
            "book_valuer_per_share": 33.19,
            "book_valuer_per_share_4q_avg": 32.45,
            "equity": 5310269,
            "current_ratio": 429.12,
            "debt_ratio": 22.95,
            "inventory_turnover_ratio": 0.81,
            "account_receivable_turnover_ratio": null,
            "reinvestment_rate": 6.34,
            "research_to_sale_ratio": null,
            "price_fair": 143.41,
            "eps_avg_yearly": 4.1,
            "eps_latest_yearly": 3.2,
            "eps_growth_yearly": 38.12
        },
        "20081": {
            "year_quarter": 20081,
            "year": 2008,
            "quarter": 1,
            "eps": 1.04,
            "eps_growth_year": -19.38,
            "eps_4q": 3.66,
            "eps_4q_growth_year": -14.91,
            "roe": 3.09,
            "roe_4q": 11.2,
            "gross_profit": 388437,
            "gross_margin": 20.29,
            "gross_margin_4q_avg": 19.1,
            "net_income": 165606,
            "net_income_4q": null,
            "revenue": 1914468,
            "revenue_4q": null,
            "common_shares": 1599989,
            "book_valuer_per_share": 33.81,
            "book_valuer_per_share_4q_avg": 32.66,
            "equity": 5409135,
            "current_ratio": 363.63,
            "debt_ratio": 24.22,
            "inventory_turnover_ratio": 0.89,
            "account_receivable_turnover_ratio": null,
            "reinvestment_rate": 13.51,
            "research_to_sale_ratio": null,
            "price_fair": 142.54,
            "eps_avg_yearly": 4.07,
            "eps_latest_yearly": 4.16,
            "eps_growth_yearly": 33.61
        },
        "20082": {
            "year_quarter": 20082,
            "year": 2008,
            "quarter": 2,
            "eps": 0.85,
            "eps_growth_year": -7.61,
            "eps_4q": 3.52,
            "eps_4q_growth_year": -16.68,
            "roe": 2.61,
            "roe_4q": 10.94,
            "gross_profit": 385402,
            "gross_margin": 19.76,
            "gross_margin_4q_avg": 19.38,
            "net_income": 138470,
            "net_income_4q": null,
            "revenue": 1949996,
            "revenue_4q": null,
            "common_shares": 1599989,
            "book_valuer_per_share": 32.63,
            "book_valuer_per_share_4q_avg": 32.97,
            "equity": 5220169,
            "current_ratio": 299.06,
            "debt_ratio": 29.22,
            "inventory_turnover_ratio": 0.92,
            "account_receivable_turnover_ratio": null,
            "reinvestment_rate": 13.24,
            "research_to_sale_ratio": null,
            "price_fair": 140.44,
            "eps_avg_yearly": 4.01,
            "eps_latest_yearly": 3.4,
            "eps_growth_yearly": 30.14
        },
        "20083": {
            "year_quarter": 20083,
            "year": 2008,
            "quarter": 3,
            "eps": 0.63,
            "eps_growth_year": -28.41,
            "eps_4q": 3.3,
            "eps_4q_growth_year": -19.74,
            "roe": 1.92,
            "roe_4q": 10.079999999999998,
            "gross_profit": 362583,
            "gross_margin": 20.66,
            "gross_margin_4q_avg": 19.95,
            "net_income": 102278,
            "net_income_4q": null,
            "revenue": 1755018,
            "revenue_4q": null,
            "common_shares": 1620000,
            "book_valuer_per_share": 33.52,
            "book_valuer_per_share_4q_avg": 33.29,
            "equity": 5430136,
            "current_ratio": 365.41,
            "debt_ratio": 24.32,
            "inventory_turnover_ratio": 0.76,
            "account_receivable_turnover_ratio": null,
            "reinvestment_rate": 15.65,
            "research_to_sale_ratio": null,
            "price_fair": 117.64,
            "eps_avg_yearly": 3.86,
            "eps_latest_yearly": 2.52,
            "eps_growth_yearly": 20.46
        },
        "20084": {
            "year_quarter": 20084,
            "year": 2008,
            "quarter": 4,
            "eps": 0.3,
            "eps_growth_year": -62.5,
            "eps_4q": 2.68,
            "eps_4q_growth_year": -30.78,
            "roe": 0.93,
            "roe_4q": 8.55,
            "gross_profit": 365333,
            "gross_margin": 22.51,
            "gross_margin_4q_avg": 20.81,
            "net_income": 50766,
            "net_income_4q": null,
            "revenue": 1623134,
            "revenue_4q": null,
            "common_shares": 1620000,
            "book_valuer_per_share": 34.12,
            "book_valuer_per_share_4q_avg": 33.52,
            "equity": 5528153,
            "current_ratio": 401.46,
            "debt_ratio": 22.73,
            "inventory_turnover_ratio": 0.68,
            "account_receivable_turnover_ratio": 2.28,
            "reinvestment_rate": 5.05,
            "research_to_sale_ratio": null,
            "price_fair": 130.5,
            "eps_avg_yearly": 3.84,
            "eps_latest_yearly": 1.2,
            "eps_growth_yearly": 24.03
        },
        "20091": {
            "year_quarter": 20091,
            "year": 2009,
            "quarter": 1,
            "eps": 0.79,
            "eps_growth_year": -24.04,
            "eps_4q": 2.56,
            "eps_4q_growth_year": -30,
            "roe": 2.27,
            "roe_4q": 7.73,
            "gross_profit": 282156,
            "gross_margin": 20.12,
            "gross_margin_4q_avg": 20.76,
            "net_income": 128448,
            "net_income_4q": null,
            "revenue": 1402604,
            "revenue_4q": null,
            "common_shares": 1620000,
            "book_valuer_per_share": 35.71,
            "book_valuer_per_share_4q_avg": 34,
            "equity": 5784758,
            "current_ratio": 430.1,
            "debt_ratio": 21.12,
            "inventory_turnover_ratio": 0.65,
            "account_receivable_turnover_ratio": 1.03,
            "reinvestment_rate": 16.92,
            "research_to_sale_ratio": null,
            "price_fair": 132.04,
            "eps_avg_yearly": 3.77,
            "eps_latest_yearly": 3.16,
            "eps_growth_yearly": 26.45
        },
        "20092": {
            "year_quarter": 20092,
            "year": 2009,
            "quarter": 2,
            "eps": 1.17,
            "eps_growth_year": 37.65,
            "eps_4q": 2.89,
            "eps_4q_growth_year": -18.06,
            "roe": 3.31,
            "roe_4q": 8.43,
            "gross_profit": 403078,
            "gross_margin": 25.04,
            "gross_margin_4q_avg": 22.08,
            "net_income": 189695,
            "net_income_4q": null,
            "revenue": 1609560,
            "revenue_4q": null,
            "common_shares": 1620000,
            "book_valuer_per_share": 35,
            "book_valuer_per_share_4q_avg": 34.59,
            "equity": 5669670,
            "current_ratio": 413.79,
            "debt_ratio": 23.85,
            "inventory_turnover_ratio": 0.78,
            "account_receivable_turnover_ratio": 1.18,
            "reinvestment_rate": 15.53,
            "research_to_sale_ratio": null,
            "price_fair": 133.61,
            "eps_avg_yearly": 3.82,
            "eps_latest_yearly": 4.68,
            "eps_growth_yearly": 39.67
        },
        "20093": {
            "year_quarter": 20093,
            "year": 2009,
            "quarter": 3,
            "eps": 1.17,
            "eps_growth_year": 85.71,
            "eps_4q": 3.44,
            "eps_4q_growth_year": 4.33,
            "roe": 3.29,
            "roe_4q": 9.799999999999999,
            "gross_profit": 384293,
            "gross_margin": 24.62,
            "gross_margin_4q_avg": 23.07,
            "net_income": 188743,
            "net_income_4q": null,
            "revenue": 1561016,
            "revenue_4q": null,
            "common_shares": 1620000,
            "book_valuer_per_share": 35.83,
            "book_valuer_per_share_4q_avg": 35.17,
            "equity": 5804085,
            "current_ratio": 507.36,
            "debt_ratio": 20.48,
            "inventory_turnover_ratio": 0.78,
            "account_receivable_turnover_ratio": 1.08,
            "reinvestment_rate": 17.21,
            "research_to_sale_ratio": null,
            "price_fair": 133.26,
            "eps_avg_yearly": 3.81,
            "eps_latest_yearly": 4.68,
            "eps_growth_yearly": 34.12
        },
        "20094": {
            "year_quarter": 20094,
            "year": 2009,
            "quarter": 4,
            "eps": 1.52,
            "eps_growth_year": 406.67,
            "eps_4q": 4.65,
            "eps_4q_growth_year": 73.12,
            "roe": 4.17,
            "roe_4q": 13.04,
            "gross_profit": 448269,
            "gross_margin": 24.48,
            "gross_margin_4q_avg": 23.57,
            "net_income": 245816,
            "net_income_4q": null,
            "revenue": 1831415,
            "revenue_4q": null,
            "common_shares": 1620000,
            "book_valuer_per_share": 36.88,
            "book_valuer_per_share_4q_avg": 35.86,
            "equity": 5974421,
            "current_ratio": 520.16,
            "debt_ratio": 19.56,
            "inventory_turnover_ratio": 0.99,
            "account_receivable_turnover_ratio": 2.17,
            "reinvestment_rate": 10.8,
            "research_to_sale_ratio": null,
            "price_fair": 138.6,
            "eps_avg_yearly": 3.96,
            "eps_latest_yearly": 6.08,
            "eps_growth_yearly": 47.8
        },
        "20101": {
            "year_quarter": 20101,
            "year": 2010,
            "quarter": 1,
            "eps": 1.22,
            "eps_growth_year": 54.43,
            "eps_4q": 5.08,
            "eps_4q_growth_year": 97.99,
            "roe": 3.28,
            "roe_4q": 14.049999999999999,
            "gross_profit": 448284,
            "gross_margin": 23.13,
            "gross_margin_4q_avg": 24.32,
            "net_income": 198374,
            "net_income_4q": null,
            "revenue": 1938098,
            "revenue_4q": null,
            "common_shares": 1620000,
            "book_valuer_per_share": 37.78,
            "book_valuer_per_share_4q_avg": 36.37,
            "equity": 6120035,
            "current_ratio": 495.81,
            "debt_ratio": 20.56,
            "inventory_turnover_ratio": 1.17,
            "account_receivable_turnover_ratio": 1.12,
            "reinvestment_rate": 22.5,
            "research_to_sale_ratio": 1.3,
            "price_fair": 136.41,
            "eps_avg_yearly": 3.9,
            "eps_latest_yearly": 4.88,
            "eps_growth_yearly": 27.48
        },
        "20102": {
            "year_quarter": 20102,
            "year": 2010,
            "quarter": 2,
            "eps": 0.69,
            "eps_growth_year": -41.11,
            "eps_4q": 4.6,
            "eps_4q_growth_year": 59.14,
            "roe": 1.87,
            "roe_4q": 12.61,
            "gross_profit": 363470,
            "gross_margin": 22.23,
            "gross_margin_4q_avg": 23.62,
            "net_income": 111617,
            "net_income_4q": null,
            "revenue": 1634804,
            "revenue_4q": null,
            "common_shares": 1620000,
            "book_valuer_per_share": 36.06,
            "book_valuer_per_share_4q_avg": 36.64,
            "equity": 5842001,
            "current_ratio": 411.39,
            "debt_ratio": 23.73,
            "inventory_turnover_ratio": 0.92,
            "account_receivable_turnover_ratio": 0.99,
            "reinvestment_rate": 22.46,
            "research_to_sale_ratio": 1.72,
            "price_fair": 133.68,
            "eps_avg_yearly": 3.83,
            "eps_latest_yearly": 2.76,
            "eps_growth_yearly": 24.95
        },
        "20103": {
            "year_quarter": 20103,
            "year": 2010,
            "quarter": 3,
            "eps": 0.86,
            "eps_growth_year": -26.92,
            "eps_4q": 4.29,
            "eps_4q_growth_year": 24.64,
            "roe": 2.34,
            "roe_4q": 11.66,
            "gross_profit": 357866,
            "gross_margin": 20.5,
            "gross_margin_4q_avg": 22.59,
            "net_income": 138519,
            "net_income_4q": null,
            "revenue": 1745542,
            "revenue_4q": null,
            "common_shares": 1620000,
            "book_valuer_per_share": 36.88,
            "book_valuer_per_share_4q_avg": 36.9,
            "equity": 5974038,
            "current_ratio": 581.67,
            "debt_ratio": 18.31,
            "inventory_turnover_ratio": 0.92,
            "account_receivable_turnover_ratio": 1.12,
            "reinvestment_rate": 23.57,
            "research_to_sale_ratio": 2,
            "price_fair": 132.65,
            "eps_avg_yearly": 3.79,
            "eps_latest_yearly": 3.44,
            "eps_growth_yearly": 30.6
        },
        "20104": {
            "year_quarter": 20104,
            "year": 2010,
            "quarter": 4,
            "eps": 0.69,
            "eps_growth_year": -54.62,
            "eps_4q": 3.46,
            "eps_4q_growth_year": -25.57,
            "roe": 1.87,
            "roe_4q": 9.36,
            "gross_profit": 396279,
            "gross_margin": 21.1,
            "gross_margin_4q_avg": 21.74,
            "net_income": 111741,
            "net_income_4q": null,
            "revenue": 1877703,
            "revenue_4q": null,
            "common_shares": 1620000,
            "book_valuer_per_share": 36.87,
            "book_valuer_per_share_4q_avg": 36.9,
            "equity": 5973277,
            "current_ratio": 515.62,
            "debt_ratio": 20.28,
            "inventory_turnover_ratio": 0.96,
            "account_receivable_turnover_ratio": 1.09,
            "reinvestment_rate": 4.7,
            "research_to_sale_ratio": 1.6,
            "price_fair": 129.33,
            "eps_avg_yearly": 3.71,
            "eps_latest_yearly": 2.76,
            "eps_growth_yearly": 24.91
        },
        "20111": {
            "year_quarter": 20111,
            "year": 2011,
            "quarter": 1,
            "eps": 1.09,
            "eps_growth_year": -10.66,
            "eps_4q": 3.32,
            "eps_4q_growth_year": -34.57,
            "roe": 2.91,
            "roe_4q": 8.99,
            "gross_profit": 413581,
            "gross_margin": 21.04,
            "gross_margin_4q_avg": 21.22,
            "net_income": 176363,
            "net_income_4q": null,
            "revenue": 1965419,
            "revenue_4q": null,
            "common_shares": 1620000,
            "book_valuer_per_share": 37.93,
            "book_valuer_per_share_4q_avg": 36.94,
            "equity": 6143956,
            "current_ratio": 493.32,
            "debt_ratio": 20.57,
            "inventory_turnover_ratio": 0.97,
            "account_receivable_turnover_ratio": 1.08,
            "reinvestment_rate": 26.82,
            "research_to_sale_ratio": 1.49,
            "price_fair": 127.93,
            "eps_avg_yearly": 3.66,
            "eps_latest_yearly": 4.36,
            "eps_growth_yearly": 33.09
        },
        "20112": {
            "year_quarter": 20112,
            "year": 2011,
            "quarter": 2,
            "eps": 0.71,
            "eps_growth_year": 3.59,
            "eps_4q": 3.35,
            "eps_4q_growth_year": -27.17,
            "roe": 1.93,
            "roe_4q": 9.05,
            "gross_profit": 348515,
            "gross_margin": 19.88,
            "gross_margin_4q_avg": 20.63,
            "net_income": 115619,
            "net_income_4q": null,
            "revenue": 1753169,
            "revenue_4q": null,
            "common_shares": 1620000,
            "book_valuer_per_share": 36.03,
            "book_valuer_per_share_4q_avg": 36.93,
            "equity": 5836986,
            "current_ratio": 370.32,
            "debt_ratio": 24.02,
            "inventory_turnover_ratio": 0.82,
            "account_receivable_turnover_ratio": 0.98,
            "reinvestment_rate": 26.15,
            "research_to_sale_ratio": 1.83,
            "price_fair": 126.09,
            "eps_avg_yearly": 3.6,
            "eps_latest_yearly": 2.84,
            "eps_growth_yearly": 31.54
        },
        "20113": {
            "year_quarter": 20113,
            "year": 2011,
            "quarter": 3,
            "eps": 1.33,
            "eps_growth_year": 56,
            "eps_4q": 3.83,
            "eps_4q_growth_year": -10.73,
            "roe": 3.55,
            "roe_4q": 10.260000000000002,
            "gross_profit": 420246,
            "gross_margin": 20.69,
            "gross_margin_4q_avg": 20.68,
            "net_income": 216089,
            "net_income_4q": null,
            "revenue": 2031258,
            "revenue_4q": null,
            "common_shares": 1620000,
            "book_valuer_per_share": 39.17,
            "book_valuer_per_share_4q_avg": 37.5,
            "equity": 6345489,
            "current_ratio": 452.61,
            "debt_ratio": 19.69,
            "inventory_turnover_ratio": 0.88,
            "account_receivable_turnover_ratio": 1.06,
            "reinvestment_rate": 34.48,
            "research_to_sale_ratio": 1.64,
            "price_fair": 130.03,
            "eps_avg_yearly": 3.72,
            "eps_latest_yearly": 5.32,
            "eps_growth_yearly": 54.46
        },
        "20114": {
            "year_quarter": 20114,
            "year": 2011,
            "quarter": 4,
            "eps": 1.17,
            "eps_growth_year": 70.12,
            "eps_4q": 4.31,
            "eps_4q_growth_year": 24.62,
            "roe": 2.96,
            "roe_4q": 11.35,
            "gross_profit": 466769,
            "gross_margin": 22.91,
            "gross_margin_4q_avg": 21.13,
            "net_income": 190091,
            "net_income_4q": null,
            "revenue": 2037582,
            "revenue_4q": null,
            "common_shares": 1620000,
            "book_valuer_per_share": 40.15,
            "book_valuer_per_share_4q_avg": 38.32,
            "equity": 6504389,
            "current_ratio": 503.42,
            "debt_ratio": 20.25,
            "inventory_turnover_ratio": 0.82,
            "account_receivable_turnover_ratio": 1.02,
            "reinvestment_rate": 14.44,
            "research_to_sale_ratio": 1.61,
            "price_fair": 133.26,
            "eps_avg_yearly": 3.81,
            "eps_latest_yearly": 4.68,
            "eps_growth_yearly": 53.73
        },
        "20121": {
            "year_quarter": 20121,
            "year": 2012,
            "quarter": 1,
            "eps": 1.91,
            "eps_growth_year": 75.23,
            "eps_4q": 5.13,
            "eps_4q_growth_year": 54.45,
            "roe": 4.69,
            "roe_4q": 13.129999999999999,
            "gross_profit": 411519,
            "gross_margin": 21.7,
            "gross_margin_4q_avg": 21.3,
            "net_income": 309519,
            "net_income_4q": null,
            "revenue": 1896203,
            "revenue_4q": null,
            "common_shares": 1620000,
            "book_valuer_per_share": 41.38,
            "book_valuer_per_share_4q_avg": 39.18,
            "equity": 6703118,
            "current_ratio": 566.85,
            "debt_ratio": 18.68,
            "inventory_turnover_ratio": 0.74,
            "account_receivable_turnover_ratio": 1.06,
            "reinvestment_rate": 14.85,
            "research_to_sale_ratio": 1.54,
            "price_fair": 140.88,
            "eps_avg_yearly": 4.03,
            "eps_latest_yearly": 7.64,
            "eps_growth_yearly": 62.04
        },
        "20122": {
            "year_quarter": 20122,
            "year": 2012,
            "quarter": 2,
            "eps": 1.31,
            "eps_growth_year": 84.08,
            "eps_4q": 5.73,
            "eps_4q_growth_year": 71.24,
            "roe": 3.22,
            "roe_4q": 14.420000000000002,
            "gross_profit": 483738,
            "gross_margin": 23.2,
            "gross_margin_4q_avg": 22.13,
            "net_income": 212835,
            "net_income_4q": null,
            "revenue": 2085156,
            "revenue_4q": null,
            "common_shares": 1620000,
            "book_valuer_per_share": 40.29,
            "book_valuer_per_share_4q_avg": 40.25,
            "equity": 6527219,
            "current_ratio": 401.65,
            "debt_ratio": 22.67,
            "inventory_turnover_ratio": 0.79,
            "account_receivable_turnover_ratio": 1.13,
            "reinvestment_rate": 15.14,
            "research_to_sale_ratio": 1.77,
            "price_fair": 144.9,
            "eps_avg_yearly": 4.14,
            "eps_latest_yearly": 5.24,
            "eps_growth_yearly": 58.75
        },
        "20123": {
            "year_quarter": 20123,
            "year": 2012,
            "quarter": 3,
            "eps": 1.33,
            "eps_growth_year": -0.53,
            "eps_4q": 5.72,
            "eps_4q_growth_year": 49.63,
            "roe": 3.25,
            "roe_4q": 14.120000000000001,
            "gross_profit": 455875,
            "gross_margin": 22.68,
            "gross_margin_4q_avg": 22.62,
            "net_income": 214950,
            "net_income_4q": null,
            "revenue": 2010021,
            "revenue_4q": null,
            "common_shares": 1620000,
            "book_valuer_per_share": 41.35,
            "book_valuer_per_share_4q_avg": 40.79,
            "equity": 6698371,
            "current_ratio": 541.67,
            "debt_ratio": 17.87,
            "inventory_turnover_ratio": 0.77,
            "account_receivable_turnover_ratio": 1,
            "reinvestment_rate": 12.89,
            "research_to_sale_ratio": 1.84,
            "price_fair": 151.03,
            "eps_avg_yearly": 4.32,
            "eps_latest_yearly": 5.32,
            "eps_growth_yearly": 65.61
        },
        "20124": {
            "year_quarter": 20124,
            "year": 2012,
            "quarter": 4,
            "eps": 0.84,
            "eps_growth_year": -28.13,
            "eps_4q": 5.39,
            "eps_4q_growth_year": 25.18,
            "roe": 2,
            "roe_4q": 13.16,
            "gross_profit": 470306,
            "gross_margin": 22.02,
            "gross_margin_4q_avg": 22.4,
            "net_income": 135039,
            "net_income_4q": null,
            "revenue": 2135994,
            "revenue_4q": null,
            "common_shares": 1620000,
            "book_valuer_per_share": 42.1,
            "book_valuer_per_share_4q_avg": 41.28,
            "equity": 6821558,
            "current_ratio": 578.56,
            "debt_ratio": 16.99,
            "inventory_turnover_ratio": 0.86,
            "account_receivable_turnover_ratio": 1.05,
            "reinvestment_rate": 12.24,
            "research_to_sale_ratio": 2.27,
            "price_fair": 155.75,
            "eps_avg_yearly": 4.45,
            "eps_latest_yearly": 3.36,
            "eps_growth_yearly": 69.49
        },
        "20131": {
            "year_quarter": 20131,
            "year": 2013,
            "quarter": 1,
            "eps": 2.02,
            "eps_growth_year": 5.76,
            "eps_4q": 5.5,
            "eps_4q_growth_year": 7.16,
            "roe": 4.57,
            "roe_4q": 13.040000000000001,
            "gross_profit": 537182,
            "gross_margin": 26.06,
            "gross_margin_4q_avg": 23.49,
            "net_income": 319340,
            "net_income_4q": null,
            "revenue": 2061544,
            "revenue_4q": null,
            "common_shares": 1620000,
            "book_valuer_per_share": 44.11,
            "book_valuer_per_share_4q_avg": 41.96,
            "equity": 7139720,
            "current_ratio": 619.16,
            "debt_ratio": 17.32,
            "inventory_turnover_ratio": 0.86,
            "account_receivable_turnover_ratio": 1.01,
            "reinvestment_rate": 10.22,
            "research_to_sale_ratio": 2.04,
            "price_fair": 166.51,
            "eps_avg_yearly": 4.76,
            "eps_latest_yearly": 8.08,
            "eps_growth_yearly": 63.78
        },
        "20132": {
            "year_quarter": 20132,
            "year": 2013,
            "quarter": 2,
            "eps": 1.12,
            "eps_growth_year": -14.75,
            "eps_4q": 5.3,
            "eps_4q_growth_year": -7.45,
            "roe": 2.62,
            "roe_4q": 12.440000000000001,
            "gross_profit": 495024,
            "gross_margin": 25.53,
            "gross_margin_4q_avg": 24.07,
            "net_income": 182817,
            "net_income_4q": null,
            "revenue": 1939101,
            "revenue_4q": null,
            "common_shares": 1620000,
            "book_valuer_per_share": 41.98,
            "book_valuer_per_share_4q_avg": 42.39,
            "equity": 6796523,
            "current_ratio": 418.1,
            "debt_ratio": 23.73,
            "inventory_turnover_ratio": 0.83,
            "account_receivable_turnover_ratio": 1.01,
            "reinvestment_rate": 10.47,
            "research_to_sale_ratio": 2.37,
            "price_fair": 166.08,
            "eps_avg_yearly": 4.75,
            "eps_latest_yearly": 4.48,
            "eps_growth_yearly": 40.61
        },
        "20133": {
            "year_quarter": 20133,
            "year": 2013,
            "quarter": 3,
            "eps": 1.58,
            "eps_growth_year": 19.08,
            "eps_4q": 5.56,
            "eps_4q_growth_year": -2.86,
            "roe": 3.68,
            "roe_4q": 12.870000000000001,
            "gross_profit": 538873,
            "gross_margin": 27.17,
            "gross_margin_4q_avg": 25.2,
            "net_income": 254043,
            "net_income_4q": null,
            "revenue": 1983672,
            "revenue_4q": null,
            "common_shares": 1620000,
            "book_valuer_per_share": 43.3,
            "book_valuer_per_share_4q_avg": 42.87,
            "equity": 7007819,
            "current_ratio": 631.85,
            "debt_ratio": 17.18,
            "inventory_turnover_ratio": 0.79,
            "account_receivable_turnover_ratio": 1.07,
            "reinvestment_rate": 8.49,
            "research_to_sale_ratio": 2.35,
            "price_fair": 169.66,
            "eps_avg_yearly": 4.85,
            "eps_latest_yearly": 6.32,
            "eps_growth_yearly": 50.88
        },
        "20134": {
            "year_quarter": 20134,
            "year": 2013,
            "quarter": 4,
            "eps": 1.61,
            "eps_growth_year": 90.99,
            "eps_4q": 6.33,
            "eps_4q_growth_year": 17.3,
            "roe": 3.62,
            "roe_4q": 14.490000000000002,
            "gross_profit": 619723,
            "gross_margin": 28.66,
            "gross_margin_4q_avg": 26.86,
            "net_income": 259197,
            "net_income_4q": null,
            "revenue": 2162371,
            "revenue_4q": null,
            "common_shares": 1620000,
            "book_valuer_per_share": 45.12,
            "book_valuer_per_share_4q_avg": 43.63,
            "equity": 7300039,
            "current_ratio": 591.73,
            "debt_ratio": 17.54,
            "inventory_turnover_ratio": 0.81,
            "account_receivable_turnover_ratio": 1.14,
            "reinvestment_rate": 0.95,
            "research_to_sale_ratio": 2.59,
            "price_fair": 170.45,
            "eps_avg_yearly": 4.87,
            "eps_latest_yearly": 6.44,
            "eps_growth_yearly": 43.88
        },
        "20141": {
            "year_quarter": 20141,
            "year": 2014,
            "quarter": 1,
            "eps": 1.58,
            "eps_growth_year": -21.78,
            "eps_4q": 5.9,
            "eps_4q_growth_year": 7.24,
            "roe": 3.45,
            "roe_4q": 13.370000000000001,
            "gross_profit": 594055,
            "gross_margin": 29.56,
            "gross_margin_4q_avg": 27.73,
            "net_income": 256711,
            "net_income_4q": null,
            "revenue": 2009469,
            "revenue_4q": null,
            "common_shares": 1620000,
            "book_valuer_per_share": 46.85,
            "book_valuer_per_share_4q_avg": 44.31,
            "equity": 7589247,
            "current_ratio": 696.17,
            "debt_ratio": 15.54,
            "inventory_turnover_ratio": 0.75,
            "account_receivable_turnover_ratio": 1.07,
            "reinvestment_rate": 3.78,
            "research_to_sale_ratio": 2.53,
            "price_fair": 173.6,
            "eps_avg_yearly": 4.96,
            "eps_latest_yearly": 6.32,
            "eps_growth_yearly": 48.34
        },
        "20142": {
            "year_quarter": 20142,
            "year": 2014,
            "quarter": 2,
            "eps": 1.78,
            "eps_growth_year": 58.93,
            "eps_4q": 6.55,
            "eps_4q_growth_year": 23.49,
            "roe": 3.9,
            "roe_4q": 14.649999999999999,
            "gross_profit": 583160,
            "gross_margin": 28.31,
            "gross_margin_4q_avg": 28.43,
            "net_income": 287109,
            "net_income_4q": null,
            "revenue": 2060124,
            "revenue_4q": null,
            "common_shares": 1620000,
            "book_valuer_per_share": 44.07,
            "book_valuer_per_share_4q_avg": 44.84,
            "equity": 7138853,
            "current_ratio": 425.72,
            "debt_ratio": 22.63,
            "inventory_turnover_ratio": 0.8,
            "account_receivable_turnover_ratio": 1.1,
            "reinvestment_rate": 3.47,
            "research_to_sale_ratio": 2.09,
            "price_fair": 183.14,
            "eps_avg_yearly": 5.23,
            "eps_latest_yearly": 7.12,
            "eps_growth_yearly": 62.37
        },
        "20143": {
            "year_quarter": 20143,
            "year": 2014,
            "quarter": 3,
            "eps": 1.49,
            "eps_growth_year": -5.7,
            "eps_4q": 6.46,
            "eps_4q_growth_year": 16.19,
            "roe": 3.32,
            "roe_4q": 14.29,
            "gross_profit": 549224,
            "gross_margin": 26.78,
            "gross_margin_4q_avg": 28.33,
            "net_income": 241935,
            "net_income_4q": null,
            "revenue": 2051143,
            "revenue_4q": null,
            "common_shares": 1620000,
            "book_valuer_per_share": 45.77,
            "book_valuer_per_share_4q_avg": 45.45,
            "equity": 7414952,
            "current_ratio": 664.95,
            "debt_ratio": 15.89,
            "inventory_turnover_ratio": 0.79,
            "account_receivable_turnover_ratio": 1.09,
            "reinvestment_rate": 3.18,
            "research_to_sale_ratio": 1.95,
            "price_fair": 188.65,
            "eps_avg_yearly": 5.39,
            "eps_latest_yearly": 5.96,
            "eps_growth_yearly": 52.14
        },
        "20144": {
            "year_quarter": 20144,
            "year": 2014,
            "quarter": 4,
            "eps": 1.54,
            "eps_growth_year": -4.46,
            "eps_4q": 6.39,
            "eps_4q_growth_year": 0.97,
            "roe": 3.29,
            "roe_4q": 13.96,
            "gross_profit": 619419,
            "gross_margin": 28.39,
            "gross_margin_4q_avg": 28.26,
            "net_income": 249284,
            "net_income_4q": null,
            "revenue": 2181870,
            "revenue_4q": null,
            "common_shares": 1620000,
            "book_valuer_per_share": 47.64,
            "book_valuer_per_share_4q_avg": 46.08,
            "equity": 7717648,
            "current_ratio": 610.31,
            "debt_ratio": 17.16,
            "inventory_turnover_ratio": 0.8,
            "account_receivable_turnover_ratio": 1.11,
            "reinvestment_rate": 5.5,
            "research_to_sale_ratio": 1.82,
            "price_fair": 196.09,
            "eps_avg_yearly": 5.6,
            "eps_latest_yearly": 6.16,
            "eps_growth_yearly": 57.92
        },
        "20151": {
            "year_quarter": 20151,
            "year": 2015,
            "quarter": 1,
            "eps": 1.34,
            "eps_growth_year": -15.19,
            "eps_4q": 6.14,
            "eps_4q_growth_year": 4.16,
            "roe": 2.78,
            "roe_4q": 13.290000000000001,
            "gross_profit": 592646,
            "gross_margin": 28.38,
            "gross_margin_4q_avg": 27.97,
            "net_income": 216843,
            "net_income_4q": null,
            "revenue": 2088232,
            "revenue_4q": null,
            "common_shares": 1620000,
            "book_valuer_per_share": 48.65,
            "book_valuer_per_share_4q_avg": 46.53,
            "equity": 7881798,
            "current_ratio": 605.67,
            "debt_ratio": 17.13,
            "inventory_turnover_ratio": 0.79,
            "account_receivable_turnover_ratio": 1.01,
            "reinvestment_rate": 5.17,
            "research_to_sale_ratio": 2.05,
            "price_fair": 198.28,
            "eps_avg_yearly": 5.67,
            "eps_latest_yearly": 5.36,
            "eps_growth_yearly": 40.18
        },
        "20152": {
            "year_quarter": 20152,
            "year": 2015,
            "quarter": 2,
            "eps": 1.45,
            "eps_growth_year": -18.54,
            "eps_4q": 5.82,
            "eps_4q_growth_year": -11.17,
            "roe": 3.06,
            "roe_4q": 12.45,
            "gross_profit": 590198,
            "gross_margin": 29.57,
            "gross_margin_4q_avg": 28.28,
            "net_income": 234607,
            "net_income_4q": null,
            "revenue": 1996131,
            "revenue_4q": null,
            "common_shares": 1620000,
            "book_valuer_per_share": 45.93,
            "book_valuer_per_share_4q_avg": 47,
            "equity": 7440195,
            "current_ratio": 427.87,
            "debt_ratio": 22.56,
            "inventory_turnover_ratio": 0.75,
            "account_receivable_turnover_ratio": 0.97,
            "reinvestment_rate": 5.47,
            "research_to_sale_ratio": 1.89,
            "price_fair": 204.75,
            "eps_avg_yearly": 5.85,
            "eps_latest_yearly": 5.8,
            "eps_growth_yearly": 50.95
        },
        "20153": {
            "year_quarter": 20153,
            "year": 2015,
            "quarter": 3,
            "eps": 1.65,
            "eps_growth_year": 10.74,
            "eps_4q": 5.97,
            "eps_4q_growth_year": -7.59,
            "roe": 3.51,
            "roe_4q": 12.64,
            "gross_profit": 538220,
            "gross_margin": 28.49,
            "gross_margin_4q_avg": 28.71,
            "net_income": 266543,
            "net_income_4q": null,
            "revenue": 1889246,
            "revenue_4q": null,
            "common_shares": 1620000,
            "book_valuer_per_share": 47.85,
            "book_valuer_per_share_4q_avg": 47.52,
            "equity": 7751351,
            "current_ratio": 708.46,
            "debt_ratio": 15.31,
            "inventory_turnover_ratio": 0.71,
            "account_receivable_turnover_ratio": 0.97,
            "reinvestment_rate": 1.54,
            "research_to_sale_ratio": 2.24,
            "price_fair": 207.55,
            "eps_avg_yearly": 5.93,
            "eps_latest_yearly": 6.6,
            "eps_growth_yearly": 32.56
        },
        "20154": {
            "year_quarter": 20154,
            "year": 2015,
            "quarter": 4,
            "eps": 1.37,
            "eps_growth_year": -11,
            "eps_4q": 5.8,
            "eps_4q_growth_year": -9.2,
            "roe": 2.83,
            "roe_4q": 12.18,
            "gross_profit": 647524,
            "gross_margin": 30.8,
            "gross_margin_4q_avg": 29.31,
            "net_income": 221861,
            "net_income_4q": null,
            "revenue": 2102507,
            "revenue_4q": null,
            "common_shares": 1620000,
            "book_valuer_per_share": 49,
            "book_valuer_per_share_4q_avg": 47.86,
            "equity": 7937703,
            "current_ratio": 664.23,
            "debt_ratio": 16.34,
            "inventory_turnover_ratio": 0.79,
            "account_receivable_turnover_ratio": 1.12,
            "reinvestment_rate": 2.18,
            "research_to_sale_ratio": 2.1,
            "price_fair": 209.3,
            "eps_avg_yearly": 5.98,
            "eps_latest_yearly": 5.48,
            "eps_growth_yearly": 31.33
        },
        "20161": {
            "year_quarter": 20161,
            "year": 2016,
            "quarter": 1,
            "eps": 1.5,
            "eps_growth_year": 11.94,
            "eps_4q": 5.96,
            "eps_4q_growth_year": -2.93,
            "roe": 3.02,
            "roe_4q": 12.42,
            "gross_profit": 520947,
            "gross_margin": 29.1,
            "gross_margin_4q_avg": 29.49,
            "net_income": 242984,
            "net_income_4q": null,
            "revenue": 1789919,
            "revenue_4q": null,
            "common_shares": 1620000,
            "book_valuer_per_share": 50.43,
            "book_valuer_per_share_4q_avg": 48.3,
            "equity": 8169441,
            "current_ratio": 732.33,
            "debt_ratio": 14.77,
            "inventory_turnover_ratio": 0.72,
            "account_receivable_turnover_ratio": 0.98,
            "reinvestment_rate": 3.2,
            "research_to_sale_ratio": 2.4,
            "price_fair": 163.92,
            "eps_avg_yearly": 5.88,
            "eps_latest_yearly": 6,
            "eps_growth_yearly": 17.89
        },
        "20162": {
            "year_quarter": 20162,
            "year": 2016,
            "quarter": 2,
            "eps": 1.69,
            "eps_growth_year": 16.55,
            "eps_4q": 6.21,
            "eps_4q_growth_year": 6.68,
            "roe": 3.44,
            "roe_4q": 12.799999999999999,
            "gross_profit": 584468,
            "gross_margin": 30.26,
            "gross_margin_4q_avg": 29.66,
            "net_income": 274244,
            "net_income_4q": null,
            "revenue": 1931588,
            "revenue_4q": null,
            "common_shares": 1620000,
            "book_valuer_per_share": 48.08,
            "book_valuer_per_share_4q_avg": 48.84,
            "equity": 7788596,
            "current_ratio": 464.45,
            "debt_ratio": 20.91,
            "inventory_turnover_ratio": 0.78,
            "account_receivable_turnover_ratio": 1.07,
            "reinvestment_rate": 3.04,
            "research_to_sale_ratio": 1.94,
            "price_fair": 209.04,
            "eps_avg_yearly": 5.97,
            "eps_latest_yearly": 6.76,
            "eps_growth_yearly": 28.91
        },
        "20163": {
            "year_quarter": 20163,
            "year": 2016,
            "quarter": 3,
            "eps": 1.66,
            "eps_growth_year": 0.61,
            "eps_4q": 6.22,
            "eps_4q_growth_year": 4.11,
            "roe": 3.4,
            "roe_4q": 12.69,
            "gross_profit": 546155,
            "gross_margin": 29.73,
            "gross_margin_4q_avg": 29.97,
            "net_income": 267928,
            "net_income_4q": null,
            "revenue": 1836855,
            "revenue_4q": null,
            "common_shares": 1620000,
            "book_valuer_per_share": 49.18,
            "book_valuer_per_share_4q_avg": 49.17,
            "equity": 7967302,
            "current_ratio": 679.02,
            "debt_ratio": 15.6,
            "inventory_turnover_ratio": 0.75,
            "account_receivable_turnover_ratio": 1.02,
            "reinvestment_rate": 3.63,
            "research_to_sale_ratio": 2.13,
            "price_fair": 211.93,
            "eps_avg_yearly": 6.06,
            "eps_latest_yearly": 6.64,
            "eps_growth_yearly": 28.08
        },
        "20164": {
            "year_quarter": 20164,
            "year": 2016,
            "quarter": 4,
            "eps": 1.67,
            "eps_growth_year": 21.87,
            "eps_4q": 6.52,
            "eps_4q_growth_year": 12.31,
            "roe": 3.33,
            "roe_4q": 13.19,
            "gross_profit": 564344,
            "gross_margin": 27.27,
            "gross_margin_4q_avg": 29.09,
            "net_income": 270382,
            "net_income_4q": null,
            "revenue": 2069286,
            "revenue_4q": null,
            "common_shares": 1620000,
            "book_valuer_per_share": 51.15,
            "book_valuer_per_share_4q_avg": 49.71,
            "equity": 8285995,
            "current_ratio": 616.72,
            "debt_ratio": 16.09,
            "inventory_turnover_ratio": 0.89,
            "account_receivable_turnover_ratio": 1.09,
            "reinvestment_rate": 5.18,
            "research_to_sale_ratio": 2.48,
            "price_fair": 219.19,
            "eps_avg_yearly": 6.26,
            "eps_latest_yearly": 6.68,
            "eps_growth_yearly": 37.44
        },
        "20171": {
            "year_quarter": 20171,
            "year": 2017,
            "quarter": 1,
            "eps": 1.3,
            "eps_growth_year": -13.33,
            "eps_4q": 6.32,
            "eps_4q_growth_year": 5.92,
            "roe": 2.54,
            "roe_4q": 12.709999999999999,
            "gross_profit": 484352,
            "gross_margin": 27.16,
            "gross_margin_4q_avg": 28.61,
            "net_income": 210658,
            "net_income_4q": null,
            "revenue": 1783027,
            "revenue_4q": null,
            "common_shares": 1620000,
            "book_valuer_per_share": 51.44,
            "book_valuer_per_share_4q_avg": 49.96,
            "equity": 8333427,
            "current_ratio": 660.2,
            "debt_ratio": 15.09,
            "inventory_turnover_ratio": 0.75,
            "account_receivable_turnover_ratio": 0.96,
            "reinvestment_rate": 6.19,
            "research_to_sale_ratio": 2.48,
            "price_fair": 18.25,
            "eps_avg_yearly": 6.08,
            "eps_latest_yearly": 5.2,
            "eps_growth_yearly": -3.21
        },
        "20172": {
            "year_quarter": 20172,
            "year": 2017,
            "quarter": 2,
            "eps": 1.29,
            "eps_growth_year": -23.67,
            "eps_4q": 5.91,
            "eps_4q_growth_year": -4.78,
            "roe": 2.56,
            "roe_4q": 11.83,
            "gross_profit": 521372,
            "gross_margin": 27.76,
            "gross_margin_4q_avg": 27.98,
            "net_income": 208617,
            "net_income_4q": null,
            "revenue": 1878184,
            "revenue_4q": null,
            "common_shares": 1620000,
            "book_valuer_per_share": 48.97,
            "book_valuer_per_share_4q_avg": 50.19,
            "equity": 7933231,
            "current_ratio": 456.78,
            "debt_ratio": 20.17,
            "inventory_turnover_ratio": 0.72,
            "account_receivable_turnover_ratio": 1.07,
            "reinvestment_rate": 8.31,
            "research_to_sale_ratio": 2.73,
            "price_fair": 108.61,
            "eps_avg_yearly": 6.13,
            "eps_latest_yearly": 5.16,
            "eps_growth_yearly": 7.73
        },
        "20173": {
            "year_quarter": 20173,
            "year": 2017,
            "quarter": 3,
            "eps": 1.03,
            "eps_growth_year": -37.95,
            "eps_4q": 5.29,
            "eps_4q_growth_year": -14.87,
            "roe": 2.09,
            "roe_4q": 10.52,
            "gross_profit": 539827,
            "gross_margin": 27.46,
            "gross_margin_4q_avg": 27.41,
            "net_income": 167586,
            "net_income_4q": null,
            "revenue": 1965974,
            "revenue_4q": null,
            "common_shares": 1620000,
            "book_valuer_per_share": 50.06,
            "book_valuer_per_share_4q_avg": 50.41,
            "equity": 8109956,
            "current_ratio": 601.54,
            "debt_ratio": 15.7,
            "inventory_turnover_ratio": 0.73,
            "account_receivable_turnover_ratio": 1.06,
            "reinvestment_rate": 10.18,
            "research_to_sale_ratio": 2.62,
            "price_fair": 17.96,
            "eps_avg_yearly": 5.99,
            "eps_latest_yearly": 4.12,
            "eps_growth_yearly": -7.57
        },
        "20174": {
            "year_quarter": 20174,
            "year": 2017,
            "quarter": 4,
            "eps": 1.26,
            "eps_growth_year": -24.74,
            "eps_4q": 4.88,
            "eps_4q_growth_year": -25.12,
            "roe": 2.48,
            "roe_4q": 9.670000000000002,
            "gross_profit": 547959,
            "gross_margin": 26.99,
            "gross_margin_4q_avg": 27.34,
            "net_income": 203493,
            "net_income_4q": null,
            "revenue": 2030592,
            "revenue_4q": null,
            "common_shares": 1620000,
            "book_valuer_per_share": 51.08,
            "book_valuer_per_share_4q_avg": 50.39,
            "equity": 8274682,
            "current_ratio": 557.82,
            "debt_ratio": 16.28,
            "inventory_turnover_ratio": 0.76,
            "account_receivable_turnover_ratio": 1.05,
            "reinvestment_rate": 12.44,
            "research_to_sale_ratio": 3.54,
            "price_fair": 17.7,
            "eps_avg_yearly": 5.9,
            "eps_latest_yearly": 5.04,
            "eps_growth_yearly": -2.47
        },
        "20181": {
            "year_quarter": 20181,
            "year": 2018,
            "quarter": 1,
            "eps": 1.15,
            "eps_growth_year": -11.54,
            "eps_4q": 4.73,
            "eps_4q_growth_year": -25.17,
            "roe": 2.22,
            "roe_4q": 9.35,
            "gross_profit": 530833,
            "gross_margin": 25.41,
            "gross_margin_4q_avg": 26.91,
            "net_income": 185983,
            "net_income_4q": null,
            "revenue": 2088706,
            "revenue_4q": null,
            "common_shares": 1620000,
            "book_valuer_per_share": 52.47,
            "book_valuer_per_share_4q_avg": 50.65,
            "equity": 8500136,
            "current_ratio": 596.33,
            "debt_ratio": 15.05,
            "inventory_turnover_ratio": 0.82,
            "account_receivable_turnover_ratio": 1.04,
            "reinvestment_rate": 11.03,
            "research_to_sale_ratio": 2.42,
            "price_fair": 17.38,
            "eps_avg_yearly": 5.79,
            "eps_latest_yearly": 4.6,
            "eps_growth_yearly": -4.18
        },
        "20182": {
            "year_quarter": 20182,
            "year": 2018,
            "quarter": 2,
            "eps": 1.45,
            "eps_growth_year": 12.4,
            "eps_4q": 4.9,
            "eps_4q_growth_year": -17.18,
            "roe": 2.82,
            "roe_4q": 9.61,
            "gross_profit": 444938,
            "gross_margin": 23.21,
            "gross_margin_4q_avg": 25.77,
            "net_income": 236021,
            "net_income_4q": null,
            "revenue": 1916946,
            "revenue_4q": null,
            "common_shares": 1620000,
            "book_valuer_per_share": 50.71,
            "book_valuer_per_share_4q_avg": 51.08,
            "equity": 8214511,
            "current_ratio": 406.27,
            "debt_ratio": 20.64,
            "inventory_turnover_ratio": 0.75,
            "account_receivable_turnover_ratio": 0.98,
            "reinvestment_rate": 12.92,
            "research_to_sale_ratio": 2.87,
            "price_fair": 17.13,
            "eps_avg_yearly": 5.71,
            "eps_latest_yearly": 5.8,
            "eps_growth_yearly": -0.83
        },
        "20183": {
            "year_quarter": 20183,
            "year": 2018,
            "quarter": 3,
            "eps": 1.14,
            "eps_growth_year": 10.68,
            "eps_4q": 5,
            "eps_4q_growth_year": -5.6,
            "roe": 2.22,
            "roe_4q": 9.74,
            "gross_profit": 460121,
            "gross_margin": 22.93,
            "gross_margin_4q_avg": 24.64,
            "net_income": 183723,
            "net_income_4q": null,
            "revenue": 2006299,
            "revenue_4q": null,
            "common_shares": 1620000,
            "book_valuer_per_share": 51.33,
            "book_valuer_per_share_4q_avg": 51.4,
            "equity": 8316164,
            "current_ratio": 548.04,
            "debt_ratio": 15.92,
            "inventory_turnover_ratio": 0.74,
            "account_receivable_turnover_ratio": 1.01,
            "reinvestment_rate": 14.46,
            "research_to_sale_ratio": 2.92,
            "price_fair": 16.87,
            "eps_avg_yearly": 5.62,
            "eps_latest_yearly": 4.56,
            "eps_growth_yearly": -2.1
        },
        "20184": {
            "year_quarter": 20184,
            "year": 2018,
            "quarter": 4,
            "eps": 0.87,
            "eps_growth_year": -31.02,
            "eps_4q": 4.61,
            "eps_4q_growth_year": -5.6,
            "roe": 1.68,
            "roe_4q": 8.940000000000001,
            "gross_profit": 482706,
            "gross_margin": 23.78,
            "gross_margin_4q_avg": 23.83,
            "net_income": 140368,
            "net_income_4q": null,
            "revenue": 2029924,
            "revenue_4q": null,
            "common_shares": 1620000,
            "book_valuer_per_share": 52.07,
            "book_valuer_per_share_4q_avg": 51.65,
            "equity": 8435012,
            "current_ratio": 546.74,
            "debt_ratio": 15.94,
            "inventory_turnover_ratio": 0.71,
            "account_receivable_turnover_ratio": 0.95,
            "reinvestment_rate": 15.29,
            "research_to_sale_ratio": 3.13,
            "price_fair": 16.37,
            "eps_avg_yearly": 5.46,
            "eps_latest_yearly": 3.48,
            "eps_growth_yearly": -8.86
        },
        "20191": {
            "year_quarter": 20191,
            "year": 2019,
            "quarter": 1,
            "eps": 0.88,
            "eps_growth_year": -23.48,
            "eps_4q": 4.34,
            "eps_4q_growth_year": -8.27,
            "roe": 1.67,
            "roe_4q": 8.39,
            "gross_profit": 472861,
            "gross_margin": 24.92,
            "gross_margin_4q_avg": 23.71,
            "net_income": 142257,
            "net_income_4q": null,
            "revenue": 1897614,
            "revenue_4q": null,
            "common_shares": 1620000,
            "book_valuer_per_share": 53.3,
            "book_valuer_per_share_4q_avg": 51.85,
            "equity": 8635014,
            "current_ratio": 635.57,
            "debt_ratio": 13.94,
            "inventory_turnover_ratio": 0.65,
            "account_receivable_turnover_ratio": 0.89,
            "reinvestment_rate": 20.54,
            "research_to_sale_ratio": 2.88,
            "price_fair": 16.02,
            "eps_avg_yearly": 5.34,
            "eps_latest_yearly": 3.52,
            "eps_growth_yearly": -5.32
        },
        "20192": {
            "year_quarter": 20192,
            "year": 2019,
            "quarter": 2,
            "eps": 0.97,
            "eps_growth_year": -33.1,
            "eps_4q": 3.85,
            "eps_4q_growth_year": -21.37,
            "roe": 1.87,
            "roe_4q": 7.4399999999999995,
            "gross_profit": 453530,
            "gross_margin": 24.2,
            "gross_margin_4q_avg": 23.96,
            "net_income": 157233,
            "net_income_4q": null,
            "revenue": 1874404,
            "revenue_4q": null,
            "common_shares": 1620000,
            "book_valuer_per_share": 50.55,
            "book_valuer_per_share_4q_avg": 51.81,
            "equity": 8189807,
            "current_ratio": 413.24,
            "debt_ratio": 19.72,
            "inventory_turnover_ratio": 0.66,
            "account_receivable_turnover_ratio": 0.91,
            "reinvestment_rate": 23.71,
            "research_to_sale_ratio": 3.01,
            "price_fair": 15.66,
            "eps_avg_yearly": 5.22,
            "eps_latest_yearly": 3.88,
            "eps_growth_yearly": -4.82
        },
        "20193": {
            "year_quarter": 20193,
            "year": 2019,
            "quarter": 3,
            "eps": 1,
            "eps_growth_year": -12.28,
            "eps_4q": 3.72,
            "eps_4q_growth_year": -25.55,
            "roe": 1.97,
            "roe_4q": 7.1899999999999995,
            "gross_profit": 470430,
            "gross_margin": 24.28,
            "gross_margin_4q_avg": 24.3,
            "net_income": 162613,
            "net_income_4q": null,
            "revenue": 1937241,
            "revenue_4q": null,
            "common_shares": 1620000,
            "book_valuer_per_share": 51.1,
            "book_valuer_per_share_4q_avg": 51.76,
            "equity": 8277943,
            "current_ratio": 613.62,
            "debt_ratio": 14.15,
            "inventory_turnover_ratio": 0.7,
            "account_receivable_turnover_ratio": 0.96,
            "reinvestment_rate": 21.29,
            "research_to_sale_ratio": 2.94,
            "price_fair": 15.17,
            "eps_avg_yearly": 5.06,
            "eps_latest_yearly": 4,
            "eps_growth_yearly": -7.49
        },
        "20194": {
            "year_quarter": 20194,
            "year": 2019,
            "quarter": 4,
            "eps": 1.36,
            "eps_growth_year": 57.22,
            "eps_4q": 4.21,
            "eps_4q_growth_year": -8.48,
            "roe": 2.64,
            "roe_4q": 8.15,
            "gross_profit": 570576,
            "gross_margin": 25.58,
            "gross_margin_4q_avg": 24.75,
            "net_income": 220689,
            "net_income_4q": null,
            "revenue": 2230870,
            "revenue_4q": null,
            "common_shares": 1620000,
            "book_valuer_per_share": 51.93,
            "book_valuer_per_share_4q_avg": 51.72,
            "equity": 8412879,
            "current_ratio": 613.93,
            "debt_ratio": 13.97,
            "inventory_turnover_ratio": 0.82,
            "account_receivable_turnover_ratio": 1.07,
            "reinvestment_rate": 22.15,
            "research_to_sale_ratio": 3.11,
            "price_fair": 79.61,
            "eps_avg_yearly": 5.06,
            "eps_latest_yearly": 5.44,
            "eps_growth_yearly": 5.75
        },
        "20201": {
            "year_quarter": 20201,
            "year": 2020,
            "quarter": 1,
            "eps": 1.13,
            "eps_growth_year": 28.41,
            "eps_4q": 4.47,
            "eps_4q_growth_year": 3.08,
            "roe": 2.17,
            "roe_4q": 8.65,
            "gross_profit": 468700,
            "gross_margin": 24.52,
            "gross_margin_4q_avg": 24.65,
            "net_income": 183485,
            "net_income_4q": null,
            "revenue": 1911502,
            "revenue_4q": null,
            "common_shares": 1620000,
            "book_valuer_per_share": 52.63,
            "book_valuer_per_share_4q_avg": 51.55,
            "equity": 8525672,
            "current_ratio": 649.67,
            "debt_ratio": 13.21,
            "inventory_turnover_ratio": 0.74,
            "account_receivable_turnover_ratio": 0.9,
            "reinvestment_rate": 22.56,
            "research_to_sale_ratio": 2.56,
            "price_fair": 14.89,
            "eps_avg_yearly": 4.96,
            "eps_latest_yearly": 4.52,
            "eps_growth_yearly": -0.85
        },
        "20202": {
            "year_quarter": 20202,
            "year": 2020,
            "quarter": 2,
            "eps": 1.21,
            "eps_growth_year": 24.74,
            "eps_4q": 4.71,
            "eps_4q_growth_year": 22.29,
            "roe": 2.34,
            "roe_4q": 9.120000000000001,
            "gross_profit": 482522,
            "gross_margin": 25.96,
            "gross_margin_4q_avg": 25.09,
            "net_income": 195765,
            "net_income_4q": null,
            "revenue": 1858652,
            "revenue_4q": null,
            "common_shares": 1620000,
            "book_valuer_per_share": 50.48,
            "book_valuer_per_share_4q_avg": 51.54,
            "equity": 8177104,
            "current_ratio": 452.13,
            "debt_ratio": 17.83,
            "inventory_turnover_ratio": 0.71,
            "account_receivable_turnover_ratio": 0.92,
            "reinvestment_rate": 24.41,
            "research_to_sale_ratio": 3.19,
            "price_fair": 14.53,
            "eps_avg_yearly": 4.84,
            "eps_latest_yearly": 4.84,
            "eps_growth_yearly": -2.25
        },
        "20203": {
            "year_quarter": 20203,
            "year": 2020,
            "quarter": 3,
            "eps": 1.38,
            "eps_growth_year": 38,
            "eps_4q": 5.09,
            "eps_4q_growth_year": 36.8,
            "roe": 2.7,
            "roe_4q": 9.85,
            "gross_profit": 540451,
            "gross_margin": 27.23,
            "gross_margin_4q_avg": 25.82,
            "net_income": 224264,
            "net_income_4q": null,
            "revenue": 1985029,
            "revenue_4q": null,
            "common_shares": 1620000,
            "book_valuer_per_share": 52.22,
            "book_valuer_per_share_4q_avg": 51.82,
            "equity": 8458964,
            "current_ratio": 655.54,
            "debt_ratio": 13.05,
            "inventory_turnover_ratio": 0.73,
            "account_receivable_turnover_ratio": 1,
            "reinvestment_rate": 25.64,
            "research_to_sale_ratio": 2.71,
            "price_fair": 55.88,
            "eps_avg_yearly": 4.77,
            "eps_latest_yearly": 5.52,
            "eps_growth_yearly": 1.71
        },
        "20204": {
            "year_quarter": 20204,
            "year": 2020,
            "quarter": 4,
            "eps": 1.4,
            "eps_growth_year": 2.86,
            "eps_4q": 5.13,
            "eps_4q_growth_year": 21.64,
            "roe": 2.64,
            "roe_4q": 9.85,
            "gross_profit": 626220,
            "gross_margin": 28.05,
            "gross_margin_4q_avg": 26.44,
            "net_income": 227002,
            "net_income_4q": null,
            "revenue": 2232813,
            "revenue_4q": null,
            "common_shares": 1620000,
            "book_valuer_per_share": 54.09,
            "book_valuer_per_share_4q_avg": 52.36,
            "equity": 8763190,
            "current_ratio": 559.51,
            "debt_ratio": 14.81,
            "inventory_turnover_ratio": 0.83,
            "account_receivable_turnover_ratio": 1.08,
            "reinvestment_rate": 27.04,
            "research_to_sale_ratio": 3.18,
            "price_fair": 56.08,
            "eps_avg_yearly": 4.71,
            "eps_latest_yearly": 5.6,
            "eps_growth_yearly": 1.92
        },
        "20211": {
            "year_quarter": 20211,
            "year": 2021,
            "quarter": 1,
            "eps": 1.76,
            "eps_growth_year": 55.75,
            "eps_4q": 5.76,
            "eps_4q_growth_year": 28.82,
            "roe": 3.2,
            "roe_4q": 10.879999999999999,
            "gross_profit": 592697,
            "gross_margin": 28.36,
            "gross_margin_4q_avg": 27.4,
            "net_income": 285671,
            "net_income_4q": null,
            "revenue": 2090014,
            "revenue_4q": null,
            "common_shares": 1620000,
            "book_valuer_per_share": 56.02,
            "book_valuer_per_share_4q_avg": 53.2,
            "equity": 9074513,
            "current_ratio": 590.62,
            "debt_ratio": 13.81,
            "inventory_turnover_ratio": 0.76,
            "account_receivable_turnover_ratio": 0.98,
            "reinvestment_rate": 28.29,
            "research_to_sale_ratio": 2.86,
            "price_fair": 115.14,
            "eps_avg_yearly": 4.82,
            "eps_latest_yearly": 7.04,
            "eps_growth_yearly": 13.89
        },
        "20212": {
            "year_quarter": 20212,
            "year": 2021,
            "quarter": 2,
            "eps": 1.26,
            "eps_growth_year": 4.13,
            "eps_4q": 5.81,
            "eps_4q_growth_year": 23.37,
            "roe": 2.21,
            "roe_4q": 10.75,
            "gross_profit": 523291,
            "gross_margin": 24.06,
            "gross_margin_4q_avg": 26.93,
            "net_income": 203836,
            "net_income_4q": null,
            "revenue": 2174720,
            "revenue_4q": null,
            "common_shares": 1620000,
            "book_valuer_per_share": 57.7,
            "book_valuer_per_share_4q_avg": 55.01,
            "equity": 9347075,
            "current_ratio": 585.71,
            "debt_ratio": 13.84,
            "inventory_turnover_ratio": 0.77,
            "account_receivable_turnover_ratio": 1.01,
            "reinvestment_rate": 28.23,
            "research_to_sale_ratio": 2.41,
            "price_fair": 81.7,
            "eps_avg_yearly": 4.81,
            "eps_latest_yearly": 5.04,
            "eps_growth_yearly": 6.98
        },
        "20213": {
            "year_quarter": 20213,
            "year": 2021,
            "quarter": 3,
            "eps": 1.36,
            "eps_growth_year": -1.45,
            "eps_4q": 5.78,
            "eps_4q_growth_year": 13.59,
            "roe": 2.39,
            "roe_4q": 10.44,
            "gross_profit": 553075,
            "gross_margin": 25.4,
            "gross_margin_4q_avg": 26.47,
            "net_income": 219691,
            "net_income_4q": null,
            "revenue": 2177795,
            "revenue_4q": null,
            "common_shares": 1620000,
            "book_valuer_per_share": 55.71,
            "book_valuer_per_share_4q_avg": 55.88,
            "equity": 9025502,
            "current_ratio": 477.35,
            "debt_ratio": 15.87,
            "inventory_turnover_ratio": 0.69,
            "account_receivable_turnover_ratio": 1,
            "reinvestment_rate": 37.28,
            "research_to_sale_ratio": 2.83,
            "price_fair": 117.48,
            "eps_avg_yearly": 4.9,
            "eps_latest_yearly": 5.44,
            "eps_growth_yearly": 14
        },
        "20214": {
            "year_quarter": 20214,
            "year": 2021,
            "quarter": 4,
            "eps": 1.07,
            "eps_growth_year": -23.8,
            "eps_4q": 5.45,
            "eps_4q_growth_year": 6.22,
            "roe": 1.9,
            "roe_4q": 9.7,
            "gross_profit": 568969,
            "gross_margin": 23.48,
            "gross_margin_4q_avg": 25.33,
            "net_income": 172969,
            "net_income_4q": null,
            "revenue": 2423098,
            "revenue_4q": null,
            "common_shares": 1620000,
            "book_valuer_per_share": 56.9,
            "book_valuer_per_share_4q_avg": 56.58,
            "equity": 9217441,
            "current_ratio": 396.96,
            "debt_ratio": 17.98,
            "inventory_turnover_ratio": 0.74,
            "account_receivable_turnover_ratio": 1.06,
            "reinvestment_rate": 41.92,
            "research_to_sale_ratio": 3.37,
            "price_fair": 63.44,
            "eps_avg_yearly": 4.85,
            "eps_latest_yearly": 4.28,
            "eps_growth_yearly": 3.09
        },
        "20221": {
            "year_quarter": 20221,
            "year": 2022,
            "quarter": 1,
            "eps": 1.35,
            "eps_growth_year": -23.3,
            "eps_4q": 5.03,
            "eps_4q_growth_year": -12.66,
            "roe": 2.32,
            "roe_4q": 8.82,
            "gross_profit": 566088,
            "gross_margin": 23,
            "gross_margin_4q_avg": 23.99,
            "net_income": 218130,
            "net_income_4q": null,
            "revenue": 2460797,
            "revenue_4q": null,
            "common_shares": 1620000,
            "book_valuer_per_share": 59.1,
            "book_valuer_per_share_4q_avg": 57.35,
            "equity": 9574989,
            "current_ratio": 466.48,
            "debt_ratio": 15.38,
            "inventory_turnover_ratio": 0.73,
            "account_receivable_turnover_ratio": 1.02,
            "reinvestment_rate": 46.09,
            "research_to_sale_ratio": 2.47,
            "price_fair": 106.82,
            "eps_avg_yearly": 4.9,
            "eps_latest_yearly": 5.4,
            "eps_growth_yearly": 11.81
        },
        "20222": {
            "year_quarter": 20222,
            "year": 2022,
            "quarter": 2,
            "eps": 1.27,
            "eps_growth_year": 0.79,
            "eps_4q": 5.04,
            "eps_4q_growth_year": -13.26,
            "roe": 2.19,
            "roe_4q": 8.8,
            "gross_profit": 483672,
            "gross_margin": 21.14,
            "gross_margin_4q_avg": 23.26,
            "net_income": 205230,
            "net_income_4q": null,
            "revenue": 2287724,
            "revenue_4q": null,
            "common_shares": 1620000,
            "book_valuer_per_share": 56.49,
            "book_valuer_per_share_4q_avg": 57.05,
            "equity": 9150623,
            "current_ratio": 351.14,
            "debt_ratio": 20.15,
            "inventory_turnover_ratio": 0.64,
            "account_receivable_turnover_ratio": 1.01,
            "reinvestment_rate": 44.84,
            "research_to_sale_ratio": 2.42,
            "price_fair": 67,
            "eps_avg_yearly": 4.85,
            "eps_latest_yearly": 5.08,
            "eps_growth_yearly": 3.81
        },
        "20223": {
            "year_quarter": 20223,
            "year": 2022,
            "quarter": 3,
            "eps": 1.07,
            "eps_growth_year": -21.32,
            "eps_4q": 4.75,
            "eps_4q_growth_year": -17.84,
            "roe": 1.86,
            "roe_4q": 8.27,
            "gross_profit": 493793,
            "gross_margin": 21.06,
            "gross_margin_4q_avg": 22.17,
            "net_income": 172807,
            "net_income_4q": null,
            "revenue": 2344266,
            "revenue_4q": null,
            "common_shares": 1620000,
            "book_valuer_per_share": 58,
            "book_valuer_per_share_4q_avg": 57.62,
            "equity": 9396152,
            "current_ratio": 428.05,
            "debt_ratio": 16.53,
            "inventory_turnover_ratio": 0.61,
            "account_receivable_turnover_ratio": 1.1,
            "reinvestment_rate": 44.74,
            "research_to_sale_ratio": 2.64,
            "price_fair": 73.57,
            "eps_avg_yearly": 4.84,
            "eps_latest_yearly": 4.28,
            "eps_growth_yearly": 5.22
        },
        "20224": {
            "year_quarter": 20224,
            "year": 2022,
            "quarter": 4,
            "eps": 1.35,
            "eps_growth_year": 26.21,
            "eps_4q": 5.03,
            "eps_4q_growth_year": -7.67,
            "roe": 2.3,
            "roe_4q": 8.67,
            "gross_profit": 613753,
            "gross_margin": 23.22,
            "gross_margin_4q_avg": 22.11,
            "net_income": 218307,
            "net_income_4q": null,
            "revenue": 2642774,
            "revenue_4q": null,
            "common_shares": 1620000,
            "book_valuer_per_share": 59.09,
            "book_valuer_per_share_4q_avg": 58.17,
            "equity": 9573199,
            "current_ratio": 444.48,
            "debt_ratio": 16.15,
            "inventory_turnover_ratio": 0.73,
            "account_receivable_turnover_ratio": 1.09,
            "reinvestment_rate": 40.63,
            "research_to_sale_ratio": 2.56,
            "price_fair": 137.15,
            "eps_avg_yearly": 4.96,
            "eps_latest_yearly": 5.4,
            "eps_growth_yearly": 17.68
        },
        "20231": {
            "year_quarter": 20231,
            "year": 2023,
            "quarter": 1,
            "eps": 1.3,
            "eps_growth_year": -3.7,
            "eps_4q": 4.98,
            "eps_4q_growth_year": -0.93,
            "roe": 2.17,
            "roe_4q": 8.52,
            "gross_profit": 578950,
            "gross_margin": 23.5,
            "gross_margin_4q_avg": 22.23,
            "net_income": 210710,
            "net_income_4q": null,
            "revenue": 2463271,
            "revenue_4q": null,
            "common_shares": 1620000,
            "book_valuer_per_share": 60.56,
            "book_valuer_per_share_4q_avg": 58.54,
            "equity": 9811489,
            "current_ratio": 515.24,
            "debt_ratio": 13.68,
            "inventory_turnover_ratio": 0.76,
            "account_receivable_turnover_ratio": 0.96,
            "reinvestment_rate": 32.55,
            "research_to_sale_ratio": 2.53,
            "price_fair": 133.92,
            "eps_avg_yearly": 5.06,
            "eps_latest_yearly": 5.2,
            "eps_growth_yearly": 16.47
        },
        "20232": {
            "year_quarter": 20232,
            "year": 2023,
            "quarter": 2,
            "eps": 1.17,
            "eps_growth_year": -7.87,
            "eps_4q": 4.89,
            "eps_4q_growth_year": -3,
            "roe": 1.98,
            "roe_4q": 8.31,
            "gross_profit": 532285,
            "gross_margin": 24.48,
            "gross_margin_4q_avg": 23.07,
            "net_income": 189689,
            "net_income_4q": null,
            "revenue": 2173919,
            "revenue_4q": null,
            "common_shares": 1620000,
            "book_valuer_per_share": 57.83,
            "book_valuer_per_share_4q_avg": 58.87,
            "equity": 9369237,
            "current_ratio": 390.42,
            "debt_ratio": 17.8,
            "inventory_turnover_ratio": 0.68,
            "account_receivable_turnover_ratio": 0.93,
            "reinvestment_rate": 28.98,
            "research_to_sale_ratio": 2.56,
            "price_fair": 109.4,
            "eps_avg_yearly": 5.11,
            "eps_latest_yearly": 4.68,
            "eps_growth_yearly": 11.41
        },
        "20233": {
            "year_quarter": 20233,
            "year": 2023,
            "quarter": 3,
            "eps": 1.35,
            "eps_growth_year": 26.17,
            "eps_4q": 5.17,
            "eps_4q_growth_year": 8.93,
            "roe": 2.3,
            "roe_4q": 8.75,
            "gross_profit": 539189,
            "gross_margin": 24.61,
            "gross_margin_4q_avg": 23.95,
            "net_income": 219121,
            "net_income_4q": null,
            "revenue": 2190847,
            "revenue_4q": null,
            "common_shares": 1620000,
            "book_valuer_per_share": 59.98,
            "book_valuer_per_share_4q_avg": 59.37,
            "equity": 9715991,
            "current_ratio": 483.6,
            "debt_ratio": 14.5,
            "inventory_turnover_ratio": 0.67,
            "account_receivable_turnover_ratio": 0.96,
            "reinvestment_rate": 30.23,
            "research_to_sale_ratio": 3.1,
            "price_fair": 127.25,
            "eps_avg_yearly": 5.2,
            "eps_latest_yearly": 5.4,
            "eps_growth_yearly": 14.48
        }
    },
    "months": {
        "2001-06": {
            "month": "2001-06",
            "price": "27.54",
            "revenue": 344317
        },
        "2001-07": {
            "month": "2001-07",
            "price": "27.54",
            "revenue": 388982
        },
        "2001-08": {
            "month": "2001-08",
            "price": "27.11",
            "revenue": 483310
        },
        "2001-09": {
            "month": "2001-09",
            "price": "27.49",
            "revenue": 301219
        },
        "2001-10": {
            "month": "2001-10",
            "price": "26.90",
            "revenue": 429198
        },
        "2001-11": {
            "month": "2001-11",
            "price": "26.95",
            "revenue": 421686
        },
        "2001-12": {
            "month": "2001-12",
            "price": "30.42",
            "revenue": 437167
        },
        "2002-01": {
            "month": "2002-01",
            "price": "33.32",
            "revenue": 514248
        },
        "2002-02": {
            "month": "2002-02",
            "price": "35.38",
            "revenue": 297251
        },
        "2002-03": {
            "month": "2002-03",
            "price": "37.21",
            "revenue": 421774
        },
        "2002-04": {
            "month": "2002-04",
            "price": "37.19",
            "revenue": 390151
        },
        "2002-05": {
            "month": "2002-05",
            "price": "37.50",
            "revenue": 457581
        },
        "2002-06": {
            "month": "2002-06",
            "price": "41.76",
            "revenue": 352136
        },
        "2002-07": {
            "month": "2002-07",
            "price": "41.88",
            "revenue": 458791
        },
        "2002-08": {
            "month": "2002-08",
            "price": "41.04",
            "revenue": 396811
        },
        "2002-09": {
            "month": "2002-09",
            "price": "38.53",
            "revenue": 380625
        },
        "2002-10": {
            "month": "2002-10",
            "price": "37.14",
            "revenue": 405097
        },
        "2002-11": {
            "month": "2002-11",
            "price": "39.56",
            "revenue": 460301
        },
        "2002-12": {
            "month": "2002-12",
            "price": "41.20",
            "revenue": 490600
        },
        "2003-01": {
            "month": "2003-01",
            "price": "43.03",
            "revenue": 527663
        },
        "2003-02": {
            "month": "2003-02",
            "price": "39.40",
            "revenue": 316671
        },
        "2003-03": {
            "month": "2003-03",
            "price": "37.80",
            "revenue": 413833
        },
        "2003-04": {
            "month": "2003-04",
            "price": "36.83",
            "revenue": 368956
        },
        "2003-05": {
            "month": "2003-05",
            "price": "35.39",
            "revenue": 408272
        },
        "2003-06": {
            "month": "2003-06",
            "price": "37.08",
            "revenue": 334433
        },
        "2003-07": {
            "month": "2003-07",
            "price": "37.64",
            "revenue": 429372
        },
        "2003-08": {
            "month": "2003-08",
            "price": "40.00",
            "revenue": 361571
        },
        "2003-09": {
            "month": "2003-09",
            "price": "37.79",
            "revenue": 343749
        },
        "2003-10": {
            "month": "2003-10",
            "price": "38.73",
            "revenue": 406016
        },
        "2003-11": {
            "month": "2003-11",
            "price": "39.64",
            "revenue": 386199
        },
        "2003-12": {
            "month": "2003-12",
            "price": "39.10",
            "revenue": 512203
        },
        "2004-01": {
            "month": "2004-01",
            "price": "39.49",
            "revenue": 392217
        },
        "2004-02": {
            "month": "2004-02",
            "price": "40.56",
            "revenue": 531067
        },
        "2004-03": {
            "month": "2004-03",
            "price": "42.33",
            "revenue": 448962
        },
        "2004-04": {
            "month": "2004-04",
            "price": "41.21",
            "revenue": 416825
        },
        "2004-05": {
            "month": "2004-05",
            "price": "37.97",
            "revenue": 385426
        },
        "2004-06": {
            "month": "2004-06",
            "price": "38.42",
            "revenue": 451563
        },
        "2004-07": {
            "month": "2004-07",
            "price": "38.60",
            "revenue": 423851
        },
        "2004-08": {
            "month": "2004-08",
            "price": "37.89",
            "revenue": 499639
        },
        "2004-09": {
            "month": "2004-09",
            "price": "40.27",
            "revenue": 611393
        },
        "2004-10": {
            "month": "2004-10",
            "price": "41.94",
            "revenue": 464456
        },
        "2004-11": {
            "month": "2004-11",
            "price": "41.26",
            "revenue": 516316
        },
        "2004-12": {
            "month": "2004-12",
            "price": "42.27",
            "revenue": 824033
        },
        "2005-01": {
            "month": "2005-01",
            "price": "44.24",
            "revenue": 523057
        },
        "2005-02": {
            "month": "2005-02",
            "price": "44.46",
            "revenue": 301195
        },
        "2005-03": {
            "month": "2005-03",
            "price": "43.79",
            "revenue": 477486
        },
        "2005-04": {
            "month": "2005-04",
            "price": "41.89",
            "revenue": 435880
        },
        "2005-05": {
            "month": "2005-05",
            "price": "41.15",
            "revenue": 465372
        },
        "2005-06": {
            "month": "2005-06",
            "price": "42.02",
            "revenue": 537326
        },
        "2005-07": {
            "month": "2005-07",
            "price": "40.22",
            "revenue": 380856
        },
        "2005-08": {
            "month": "2005-08",
            "price": "38.04",
            "revenue": 457107
        },
        "2005-09": {
            "month": "2005-09",
            "price": "36.99",
            "revenue": 516857
        },
        "2005-10": {
            "month": "2005-10",
            "price": "35.95",
            "revenue": 458925
        },
        "2005-11": {
            "month": "2005-11",
            "price": "36.45",
            "revenue": 482546
        },
        "2005-12": {
            "month": "2005-12",
            "price": "37.00",
            "revenue": 1279802
        },
        "2006-01": {
            "month": "2006-01",
            "price": "38.02",
            "revenue": 567726
        },
        "2006-02": {
            "month": "2006-02",
            "price": "38.34",
            "revenue": 387510
        },
        "2006-03": {
            "month": "2006-03",
            "price": "37.68",
            "revenue": 572451
        },
        "2006-04": {
            "month": "2006-04",
            "price": "38.46",
            "revenue": 582477
        },
        "2006-05": {
            "month": "2006-05",
            "price": "41.73",
            "revenue": 576335
        },
        "2006-06": {
            "month": "2006-06",
            "price": "40.51",
            "revenue": 502131
        },
        "2006-07": {
            "month": "2006-07",
            "price": "39.84",
            "revenue": 416126
        },
        "2006-08": {
            "month": "2006-08",
            "price": "44.27",
            "revenue": 558157
        },
        "2006-09": {
            "month": "2006-09",
            "price": "49.21",
            "revenue": 480511
        },
        "2006-10": {
            "month": "2006-10",
            "price": "58.37",
            "revenue": 490921
        },
        "2006-11": {
            "month": "2006-11",
            "price": "57.10",
            "revenue": 590439
        },
        "2006-12": {
            "month": "2006-12",
            "price": "58.14",
            "revenue": 531146
        },
        "2007-01": {
            "month": "2007-01",
            "price": "63.62",
            "revenue": 652104
        },
        "2007-02": {
            "month": "2007-02",
            "price": "64.17",
            "revenue": 424195
        },
        "2007-03": {
            "month": "2007-03",
            "price": "58.73",
            "revenue": 456015
        },
        "2007-04": {
            "month": "2007-04",
            "price": "61.41",
            "revenue": 463539
        },
        "2007-05": {
            "month": "2007-05",
            "price": "58.56",
            "revenue": 535257
        },
        "2007-06": {
            "month": "2007-06",
            "price": "57.76",
            "revenue": 450598
        },
        "2007-07": {
            "month": "2007-07",
            "price": "57.69",
            "revenue": 449964
        },
        "2007-08": {
            "month": "2007-08",
            "price": "50.64",
            "revenue": 491156
        },
        "2007-09": {
            "month": "2007-09",
            "price": "50.76",
            "revenue": 511154
        },
        "2007-10": {
            "month": "2007-10",
            "price": "50.97",
            "revenue": 465948
        },
        "2007-11": {
            "month": "2007-11",
            "price": "45.22",
            "revenue": 501267
        },
        "2007-12": {
            "month": "2007-12",
            "price": "42.51",
            "revenue": 604781
        },
        "2008-01": {
            "month": "2008-01",
            "price": "42.21",
            "revenue": 587202
        },
        "2008-02": {
            "month": "2008-02",
            "price": "42.80",
            "revenue": 333038
        },
        "2008-03": {
            "month": "2008-03",
            "price": "44.25",
            "revenue": 701287
        },
        "2008-04": {
            "month": "2008-04",
            "price": "50.58",
            "revenue": 454034
        },
        "2008-05": {
            "month": "2008-05",
            "price": "49.77",
            "revenue": 559421
        },
        "2008-06": {
            "month": "2008-06",
            "price": "43.43",
            "revenue": 568180
        },
        "2008-07": {
            "month": "2008-07",
            "price": "38.68",
            "revenue": 597684
        },
        "2008-08": {
            "month": "2008-08",
            "price": "39.08",
            "revenue": 409648
        },
        "2008-09": {
            "month": "2008-09",
            "price": "33.70",
            "revenue": 418697
        },
        "2008-10": {
            "month": "2008-10",
            "price": "29.31",
            "revenue": 454774
        },
        "2008-11": {
            "month": "2008-11",
            "price": "28.64",
            "revenue": 407510
        },
        "2008-12": {
            "month": "2008-12",
            "price": "29.07",
            "revenue": 503067
        },
        "2009-01": {
            "month": "2009-01",
            "price": "29.19",
            "revenue": 403880
        },
        "2009-02": {
            "month": "2009-02",
            "price": "29.59",
            "revenue": 420280
        },
        "2009-03": {
            "month": "2009-03",
            "price": "32.35",
            "revenue": 408064
        },
        "2009-04": {
            "month": "2009-04",
            "price": "34.18",
            "revenue": 465498
        },
        "2009-05": {
            "month": "2009-05",
            "price": "35.93",
            "revenue": 418596
        },
        "2009-06": {
            "month": "2009-06",
            "price": "36.87",
            "revenue": 473270
        },
        "2009-07": {
            "month": "2009-07",
            "price": "37.78",
            "revenue": 455992
        },
        "2009-08": {
            "month": "2009-08",
            "price": "38.15",
            "revenue": 392309
        },
        "2009-09": {
            "month": "2009-09",
            "price": "40.13",
            "revenue": 418722
        },
        "2009-10": {
            "month": "2009-10",
            "price": "41.21",
            "revenue": 474500
        },
        "2009-11": {
            "month": "2009-11",
            "price": "42.77",
            "revenue": 453650
        },
        "2009-12": {
            "month": "2009-12",
            "price": "44.34",
            "revenue": 565091
        },
        "2010-01": {
            "month": "2010-01",
            "price": "44.82",
            "revenue": 576113
        },
        "2010-02": {
            "month": "2010-02",
            "price": "42.48",
            "revenue": 460928
        },
        "2010-03": {
            "month": "2010-03",
            "price": "44.48",
            "revenue": 590600
        },
        "2010-04": {
            "month": "2010-04",
            "price": "47.47",
            "revenue": 455782
        },
        "2010-05": {
            "month": "2010-05",
            "price": "45.42",
            "revenue": 414742
        },
        "2010-06": {
            "month": "2010-06",
            "price": "44.27",
            "revenue": 435091
        },
        "2010-07": {
            "month": "2010-07",
            "price": "43.70",
            "revenue": 479078
        },
        "2010-08": {
            "month": "2010-08",
            "price": "44.57",
            "revenue": 546860
        },
        "2010-09": {
            "month": "2010-09",
            "price": "44.13",
            "revenue": 371965
        },
        "2010-10": {
            "month": "2010-10",
            "price": "44.33",
            "revenue": 428741
        },
        "2010-11": {
            "month": "2010-11",
            "price": "44.10",
            "revenue": 512436
        },
        "2010-12": {
            "month": "2010-12",
            "price": "44.15",
            "revenue": 628044
        },
        "2011-01": {
            "month": "2011-01",
            "price": "44.66",
            "revenue": 756911
        },
        "2011-02": {
            "month": "2011-02",
            "price": "45.34",
            "revenue": 440248
        },
        "2011-03": {
            "month": "2011-03",
            "price": "46.11",
            "revenue": 459746
        },
        "2011-04": {
            "month": "2011-04",
            "price": "46.60",
            "revenue": 410367
        },
        "2011-05": {
            "month": "2011-05",
            "price": "47.80",
            "revenue": 523818
        },
        "2011-06": {
            "month": "2011-06",
            "price": "45.90",
            "revenue": 504707
        },
        "2011-07": {
            "month": "2011-07",
            "price": "46.27",
            "revenue": 507467
        },
        "2011-08": {
            "month": "2011-08",
            "price": "46.17",
            "revenue": 697542
        },
        "2011-09": {
            "month": "2011-09",
            "price": "42.67",
            "revenue": 482179
        },
        "2011-10": {
            "month": "2011-10",
            "price": "41.44",
            "revenue": 496334
        },
        "2011-11": {
            "month": "2011-11",
            "price": "42.76",
            "revenue": 539340
        },
        "2011-12": {
            "month": "2011-12",
            "price": "42.40",
            "revenue": 617603
        },
        "2012-01": {
            "month": "2012-01",
            "price": "42.95",
            "revenue": 566842
        },
        "2012-02": {
            "month": "2012-02",
            "price": "45.29",
            "revenue": 452860
        },
        "2012-03": {
            "month": "2012-03",
            "price": "46.38",
            "revenue": 506944
        },
        "2012-04": {
            "month": "2012-04",
            "price": "46.90",
            "revenue": 575642
        },
        "2012-05": {
            "month": "2012-05",
            "price": "49.44",
            "revenue": 572692
        },
        "2012-06": {
            "month": "2012-06",
            "price": "49.10",
            "revenue": 557695
        },
        "2012-07": {
            "month": "2012-07",
            "price": "50.97",
            "revenue": 525871
        },
        "2012-08": {
            "month": "2012-08",
            "price": "58.82",
            "revenue": 519094
        },
        "2012-09": {
            "month": "2012-09",
            "price": "58.64",
            "revenue": 555618
        },
        "2012-10": {
            "month": "2012-10",
            "price": "57.28",
            "revenue": 601654
        },
        "2012-11": {
            "month": "2012-11",
            "price": "56.00",
            "revenue": 572278
        },
        "2012-12": {
            "month": "2012-12",
            "price": "57.81",
            "revenue": 584271
        },
        "2013-01": {
            "month": "2013-01",
            "price": "59.43",
            "revenue": 903955
        },
        "2013-02": {
            "month": "2013-02",
            "price": "63.20",
            "revenue": 559799
        },
        "2013-03": {
            "month": "2013-03",
            "price": "69.61",
            "revenue": 598460
        },
        "2013-04": {
            "month": "2013-04",
            "price": "74.87",
            "revenue": 648138
        },
        "2013-05": {
            "month": "2013-05",
            "price": "80.38",
            "revenue": 687120
        },
        "2013-06": {
            "month": "2013-06",
            "price": "75.42",
            "revenue": 605032
        },
        "2013-07": {
            "month": "2013-07",
            "price": "75.65",
            "revenue": 678937
        },
        "2013-08": {
            "month": "2013-08",
            "price": "76.57",
            "revenue": 640500
        },
        "2013-09": {
            "month": "2013-09",
            "price": "70.12",
            "revenue": 654845
        },
        "2013-10": {
            "month": "2013-10",
            "price": "69.84",
            "revenue": 692208
        },
        "2013-11": {
            "month": "2013-11",
            "price": "69.66",
            "revenue": 707802
        },
        "2013-12": {
            "month": "2013-12",
            "price": "74.67",
            "revenue": 753357
        },
        "2014-01": {
            "month": "2014-01",
            "price": "76.47",
            "revenue": 828847
        },
        "2014-02": {
            "month": "2014-02",
            "price": "75.15",
            "revenue": 476635
        },
        "2014-03": {
            "month": "2014-03",
            "price": "75.64",
            "revenue": 703005
        },
        "2014-04": {
            "month": "2014-04",
            "price": "78.35",
            "revenue": 739000
        },
        "2014-05": {
            "month": "2014-05",
            "price": "83.47",
            "revenue": 665626
        },
        "2014-06": {
            "month": "2014-06",
            "price": "82.68",
            "revenue": 631120
        },
        "2014-07": {
            "month": "2014-07",
            "price": "83.55",
            "revenue": 722473
        },
        "2014-08": {
            "month": "2014-08",
            "price": "84.17",
            "revenue": 623331
        },
        "2014-09": {
            "month": "2014-09",
            "price": "86.55",
            "revenue": 710387
        },
        "2014-10": {
            "month": "2014-10",
            "price": "82.07",
            "revenue": 763775
        },
        "2014-11": {
            "month": "2014-11",
            "price": "80.12",
            "revenue": 679466
        },
        "2014-12": {
            "month": "2014-12",
            "price": "80.38",
            "revenue": 749591
        },
        "2015-01": {
            "month": "2015-01",
            "price": "82.64",
            "revenue": 802241
        },
        "2015-02": {
            "month": "2015-02",
            "price": "84.05",
            "revenue": 547940
        },
        "2015-03": {
            "month": "2015-03",
            "price": "84.36",
            "revenue": 729360
        },
        "2015-04": {
            "month": "2015-04",
            "price": "86.93",
            "revenue": 677988
        },
        "2015-05": {
            "month": "2015-05",
            "price": "87.16",
            "revenue": 640014
        },
        "2015-06": {
            "month": "2015-06",
            "price": "83.91",
            "revenue": 681620
        },
        "2015-07": {
            "month": "2015-07",
            "price": "83.49",
            "revenue": 690414
        },
        "2015-08": {
            "month": "2015-08",
            "price": "73.05",
            "revenue": 642463
        },
        "2015-09": {
            "month": "2015-09",
            "price": "64.86",
            "revenue": 561316
        },
        "2015-10": {
            "month": "2015-10",
            "price": "66.14",
            "revenue": 656630
        },
        "2015-11": {
            "month": "2015-11",
            "price": "68.36",
            "revenue": 679952
        },
        "2015-12": {
            "month": "2015-12",
            "price": "69.74",
            "revenue": 753407
        },
        "2016-01": {
            "month": "2016-01",
            "price": "70.64",
            "revenue": 700061
        },
        "2016-02": {
            "month": "2016-02",
            "price": "73.88",
            "revenue": 453189
        },
        "2016-03": {
            "month": "2016-03",
            "price": "77.70",
            "revenue": 635198
        },
        "2016-04": {
            "month": "2016-04",
            "price": "74.57",
            "revenue": 611662
        },
        "2016-05": {
            "month": "2016-05",
            "price": "72.10",
            "revenue": 702695
        },
        "2016-06": {
            "month": "2016-06",
            "price": "74.88",
            "revenue": 615602
        },
        "2016-07": {
            "month": "2016-07",
            "price": "75.99",
            "revenue": 618589
        },
        "2016-08": {
            "month": "2016-08",
            "price": "77.09",
            "revenue": 636481
        },
        "2016-09": {
            "month": "2016-09",
            "price": "76.12",
            "revenue": 583412
        },
        "2016-10": {
            "month": "2016-10",
            "price": "76.49",
            "revenue": 633754
        },
        "2016-11": {
            "month": "2016-11",
            "price": "77.90",
            "revenue": 647084
        },
        "2016-12": {
            "month": "2016-12",
            "price": "78.42",
            "revenue": 798981
        },
        "2017-01": {
            "month": "2017-01",
            "price": "80.29",
            "revenue": 612370
        },
        "2017-02": {
            "month": "2017-02",
            "price": "81.65",
            "revenue": 491165
        },
        "2017-03": {
            "month": "2017-03",
            "price": "82.30",
            "revenue": 675678
        },
        "2017-04": {
            "month": "2017-04",
            "price": "81.16",
            "revenue": 585591
        },
        "2017-05": {
            "month": "2017-05",
            "price": "83.40",
            "revenue": 617550
        },
        "2017-06": {
            "month": "2017-06",
            "price": "83.22",
            "revenue": 675262
        },
        "2017-07": {
            "month": "2017-07",
            "price": "82.30",
            "revenue": 623675
        },
        "2017-08": {
            "month": "2017-08",
            "price": "81.94",
            "revenue": 679385
        },
        "2017-09": {
            "month": "2017-09",
            "price": "79.95",
            "revenue": 664215
        },
        "2017-10": {
            "month": "2017-10",
            "price": "79.86",
            "revenue": 637660
        },
        "2017-11": {
            "month": "2017-11",
            "price": "80.58",
            "revenue": 662888
        },
        "2017-12": {
            "month": "2017-12",
            "price": "81.20",
            "revenue": 732289
        },
        "2018-01": {
            "month": "2018-01",
            "price": "81.33",
            "revenue": 749584
        },
        "2018-02": {
            "month": "2018-02",
            "price": "81.62",
            "revenue": 507852
        },
        "2018-03": {
            "month": "2018-03",
            "price": "82.14",
            "revenue": 832814
        },
        "2018-04": {
            "month": "2018-04",
            "price": "81.29",
            "revenue": 677884
        },
        "2018-05": {
            "month": "2018-05",
            "price": "80.79",
            "revenue": 643339
        },
        "2018-06": {
            "month": "2018-06",
            "price": "80.09",
            "revenue": 599500
        },
        "2018-07": {
            "month": "2018-07",
            "price": "80.48",
            "revenue": 671084
        },
        "2018-08": {
            "month": "2018-08",
            "price": "79.93",
            "revenue": 665631
        },
        "2018-09": {
            "month": "2018-09",
            "price": "78.97",
            "revenue": 672099
        },
        "2018-10": {
            "month": "2018-10",
            "price": "76.51",
            "revenue": 678653
        },
        "2018-11": {
            "month": "2018-11",
            "price": "74.13",
            "revenue": 663246
        },
        "2018-12": {
            "month": "2018-12",
            "price": "70.53",
            "revenue": 689733
        },
        "2019-01": {
            "month": "2019-01",
            "price": "70.72",
            "revenue": 792055
        },
        "2019-02": {
            "month": "2019-02",
            "price": "72.50",
            "revenue": 499212
        },
        "2019-03": {
            "month": "2019-03",
            "price": "74.16",
            "revenue": 608459
        },
        "2019-04": {
            "month": "2019-04",
            "price": "73.92",
            "revenue": 618665
        },
        "2019-05": {
            "month": "2019-05",
            "price": "73.00",
            "revenue": 666448
        },
        "2019-06": {
            "month": "2019-06",
            "price": "74.19",
            "revenue": 591514
        },
        "2019-07": {
            "month": "2019-07",
            "price": "75.11",
            "revenue": 646539
        },
        "2019-08": {
            "month": "2019-08",
            "price": "71.32",
            "revenue": 631792
        },
        "2019-09": {
            "month": "2019-09",
            "price": "70.44",
            "revenue": 662636
        },
        "2019-10": {
            "month": "2019-10",
            "price": "71.07",
            "revenue": 766438
        },
        "2019-11": {
            "month": "2019-11",
            "price": "70.32",
            "revenue": 706593
        },
        "2019-12": {
            "month": "2019-12",
            "price": "70.41",
            "revenue": 762602
        },
        "2020-01": {
            "month": "2020-01",
            "price": "70.37",
            "revenue": 654464
        },
        "2020-02": {
            "month": "2020-02",
            "price": "70.06",
            "revenue": 583689
        },
        "2020-03": {
            "month": "2020-03",
            "price": "65.65",
            "revenue": 671992
        },
        "2020-04": {
            "month": "2020-04",
            "price": "66.32",
            "revenue": 627774
        },
        "2020-05": {
            "month": "2020-05",
            "price": "68.82",
            "revenue": 595797
        },
        "2020-06": {
            "month": "2020-06",
            "price": "69.59",
            "revenue": 636312
        },
        "2020-07": {
            "month": "2020-07",
            "price": "70.32",
            "revenue": 669485
        },
        "2020-08": {
            "month": "2020-08",
            "price": "70.65",
            "revenue": 594184
        },
        "2020-09": {
            "month": "2020-09",
            "price": "69.41",
            "revenue": 731228
        },
        "2020-10": {
            "month": "2020-10",
            "price": "69.79",
            "revenue": 732255
        },
        "2020-11": {
            "month": "2020-11",
            "price": "71.04",
            "revenue": 708516
        },
        "2020-12": {
            "month": "2020-12",
            "price": "71.58",
            "revenue": 792970
        },
        "2021-01": {
            "month": "2021-01",
            "price": "70.93",
            "revenue": 786523
        },
        "2021-02": {
            "month": "2021-02",
            "price": "71.15",
            "revenue": 537408
        },
        "2021-03": {
            "month": "2021-03",
            "price": "71.95",
            "revenue": 770746
        },
        "2021-04": {
            "month": "2021-04",
            "price": "73.58",
            "revenue": 673100
        },
        "2021-05": {
            "month": "2021-05",
            "price": "73.41",
            "revenue": 764047
        },
        "2021-06": {
            "month": "2021-06",
            "price": "74.41",
            "revenue": 739969
        },
        "2021-07": {
            "month": "2021-07",
            "price": "75.80",
            "revenue": 717208
        },
        "2021-08": {
            "month": "2021-08",
            "price": "75.22",
            "revenue": 727220
        },
        "2021-09": {
            "month": "2021-09",
            "price": "72.92",
            "revenue": 733270
        },
        "2021-10": {
            "month": "2021-10",
            "price": "72.38",
            "revenue": 802513
        },
        "2021-11": {
            "month": "2021-11",
            "price": "73.13",
            "revenue": 779413
        },
        "2021-12": {
            "month": "2021-12",
            "price": "73.41",
            "revenue": 844839
        },
        "2022-01": {
            "month": "2022-01",
            "price": "73.58",
            "revenue": 873211
        },
        "2022-02": {
            "month": "2022-02",
            "price": "73.77",
            "revenue": 608193
        },
        "2022-03": {
            "month": "2022-03",
            "price": "73.57",
            "revenue": 967359
        },
        "2022-04": {
            "month": "2022-04",
            "price": "73.13",
            "revenue": 749504
        },
        "2022-05": {
            "month": "2022-05",
            "price": "72.00",
            "revenue": 784344
        },
        "2022-06": {
            "month": "2022-06",
            "price": "72.07",
            "revenue": 765499
        },
        "2022-07": {
            "month": "2022-07",
            "price": "71.78",
            "revenue": 791287
        },
        "2022-08": {
            "month": "2022-08",
            "price": "72.48",
            "revenue": 763776
        },
        "2022-09": {
            "month": "2022-09",
            "price": "70.82",
            "revenue": 790559
        },
        "2022-10": {
            "month": "2022-10",
            "price": "69.90",
            "revenue": 817312
        },
        "2022-11": {
            "month": "2022-11",
            "price": "70.16",
            "revenue": 891236
        },
        "2022-12": {
            "month": "2022-12",
            "price": "70.55",
            "revenue": 937389
        },
        "2023-01": {
            "month": "2023-01",
            "price": "70.74",
            "revenue": 766379
        },
        "2023-02": {
            "month": "2023-02",
            "price": "71.61",
            "revenue": 818068
        },
        "2023-03": {
            "month": "2023-03",
            "price": "72.33",
            "revenue": 875292
        },
        "2023-04": {
            "month": "2023-04",
            "price": "74.08",
            "revenue": 694234
        },
        "2023-05": {
            "month": "2023-05",
            "price": "75.10",
            "revenue": 727324
        },
        "2023-06": {
            "month": "2023-06",
            "price": "75.37",
            "revenue": 753886
        },
        "2023-07": {
            "month": "2023-07",
            "price": "75.30",
            "revenue": 706595
        },
        "2023-08": {
            "month": "2023-08",
            "price": "74.20",
            "revenue": 784327
        },
        "2023-09": {
            "month": "2023-09",
            "price": "73.35",
            "revenue": 708441
        },
        "2023-10": {
            "month": "2023-10",
            "price": "73.31",
            "revenue": 814687
        },
        "2023-11": {
            "month": "2023-11",
            "price": "74.10",
            "revenue": 839238
        }
    }
}
