{
    "summary": {
        "stock_name": "中華化",
        "stock_id": "1727",
        "category": "化工",
        "main_business": "硫酸等及各化學工業原料製造暨零售與成品之買賣。<br>前項有關化學工程之設計。<br>各工業投資及化學原料及進出口貿易及代理經銷。",
        "website_url": "http://www.chciw.com.tw",
        "ceo": "江志舜",
        "pe_ratio": 37,
        "report_year_from": 2001,
        "report_year_to": 2023,
        "age": 22,
        "eps_negative_percentage": 19,
        "eps_growth_avg": {
            "last_all": -11,
            "last_2y": -70.43,
            "last_4y": -47.77,
            "last_8y": -27.29,
            "last_12y": -12.92,
            "last_16y": -9.74,
            "last_20y": -11,
            "at_2006_last_3y": 2.94,
            "at_2007_last_3y": -1.13,
            "at_2008_last_3y": 9.38,
            "at_2009_last_3y": -0.21,
            "at_2010_last_3y": 34.33,
            "at_2011_last_3y": 34.8,
            "at_2012_last_3y": 5.72,
            "at_2013_last_3y": 15.82,
            "at_2014_last_3y": -10.07,
            "at_2015_last_3y": -10.91,
            "at_2016_last_3y": -7.65,
            "at_2017_last_3y": -6.82,
            "at_2018_last_3y": -4.44,
            "at_2019_last_3y": -14.78,
            "at_2020_last_3y": -38.96,
            "at_2021_last_3y": -50.08,
            "at_2022_last_3y": -65.68,
            "at_2023_last_3y": -65.68,
            "at_2006_last_all": -22.8,
            "at_2007_last_all": -20.9,
            "at_2008_last_all": -0.75,
            "at_2009_last_all": -7.7,
            "at_2010_last_all": 5.77,
            "at_2011_last_all": 3.85,
            "at_2012_last_all": 1.84,
            "at_2013_last_all": 0.86,
            "at_2014_last_all": 0.49,
            "at_2015_last_all": -0.69,
            "at_2016_last_all": -0.87,
            "at_2017_last_all": -1.19,
            "at_2018_last_all": -0.74,
            "at_2019_last_all": -4,
            "at_2020_last_all": -9.34,
            "at_2021_last_all": -9.34,
            "at_2022_last_all": -11,
            "at_2023_last_all": -11
        },
        "latest_eps": 1.01,
        "latest_price": 37.5,
        "latest_roe": 7.84,
        "latest_gross_margin": 9.94,
        "latest_equity": 1541654,
        "latest_revenue": 442574,
        "latest_gross_profit": 44008,
        "latest_net_income": 32521,
        "latest_debt_ratio": 43.49,
        "latest_current_ratio": 212.03,
        "latest_account_receivable_turnover_ratio": 0.83,
        "latest_inventory_turnover_ratio": 1.38,
        "latest_reinvestment_rate": 87.12,
        "latest_research_to_sale_ratio": 1.32
    },
    "eps_dividends": {
        "1998": {
            "cash": 0,
            "stock": 1,
            "eps": 0
        },
        "2000": {
            "cash": 0,
            "stock": 1,
            "eps": 0
        },
        "2001": {
            "cash": 0,
            "stock": 2,
            "eps": 0.16
        },
        "2002": {
            "cash": 0,
            "stock": 1,
            "eps": -0.12
        },
        "2003": {
            "cash": 0,
            "stock": 1,
            "eps": 0.69
        },
        "2004": {
            "cash": 0,
            "stock": 1,
            "eps": 1.09
        },
        "2005": {
            "cash": 0,
            "stock": 1,
            "eps": 0.97
        },
        "2006": {
            "cash": 0,
            "stock": 1,
            "eps": 0.6
        },
        "2007": {
            "cash": 0,
            "stock": 0,
            "eps": 0.52
        },
        "2008": {
            "cash": 0,
            "stock": 0,
            "eps": 1.56
        },
        "2009": {
            "cash": 0,
            "stock": 1,
            "eps": 0.79
        },
        "2010": {
            "cash": 0,
            "stock": 1,
            "eps": 1.66
        },
        "2011": {
            "cash": 0,
            "stock": 2,
            "eps": 1.47
        },
        "2012": {
            "cash": 0,
            "stock": 0,
            "eps": 1.23
        },
        "2013": {
            "cash": 0,
            "stock": 1,
            "eps": 1.12
        },
        "2014": {
            "cash": 1,
            "stock": 1,
            "eps": 1.08
        },
        "2015": {
            "cash": 1,
            "stock": 1,
            "eps": 0.92
        },
        "2016": {
            "cash": 1,
            "stock": 0,
            "eps": 0.89
        },
        "2017": {
            "cash": 1,
            "stock": 0,
            "eps": 0.84
        },
        "2018": {
            "cash": 1,
            "stock": 0,
            "eps": 0.89
        },
        "2019": {
            "cash": 1,
            "stock": 0,
            "eps": 0.39
        },
        "2020": {
            "cash": 0,
            "stock": 0,
            "eps": -1.25
        },
        "2021": {
            "cash": 0,
            "stock": 0,
            "eps": 1.86
        },
        "2022": {
            "cash": 1,
            "stock": 0,
            "eps": 1.1
        },
        "2023": {
            "cash": 1,
            "stock": 0,
            "eps": 0.27
        }
    },
    "dividends": {
        "1998-05-02": {
            "cash": 0,
            "stock": 1
        },
        "2000-06-15": {
            "cash": 0,
            "stock": 0.72
        },
        "2001-06-12": {
            "cash": 0,
            "stock": 1.72
        },
        "2002-06-12": {
            "cash": 0.2,
            "stock": 0.64
        },
        "2003-03-25": {
            "cash": 0.2,
            "stock": 0.6
        },
        "2004-03-24": {
            "cash": 0.3,
            "stock": 0.73
        },
        "2005-06-10": {
            "cash": 0.3,
            "stock": 0.83
        },
        "2006-03-24": {
            "cash": 0.2,
            "stock": 0.6
        },
        "2007-03-27": {
            "cash": 0.22,
            "stock": 0.28
        },
        "2008-03-24": {
            "cash": 0.23,
            "stock": 0.27
        },
        "2009-03-24": {
            "cash": 0.2,
            "stock": 0.6
        },
        "2010-03-23": {
            "cash": 0.29,
            "stock": 0.51
        },
        "2011-01-01": {
            "cash": 0.43,
            "stock": 0.87
        },
        "2011-03-22": {
            "cash": 0.45,
            "stock": 1.03
        },
        "2013-03-26": {
            "cash": 0.4,
            "stock": 0.7
        },
        "2014-09-05": {
            "cash": 0.5,
            "stock": 0.5
        },
        "2015-09-03": {
            "cash": 0.5,
            "stock": 0.5
        },
        "2016-08-10": {
            "cash": 0.5,
            "stock": 0
        },
        "2017-08-10": {
            "cash": 0.6,
            "stock": 0
        },
        "2018-08-15": {
            "cash": 0.6,
            "stock": 0
        },
        "2019-08-05": {
            "cash": 0.6,
            "stock": 0
        },
        "2020-07-17": {
            "cash": 0.2,
            "stock": 0
        },
        "2022-07-15": {
            "cash": 0.52,
            "stock": 0
        },
        "2023-02-21": {
            "cash": 0.8,
            "stock": 0
        }
    },
    "prices": {
        "200101": "10.17",
        "200102": "11.31",
        "200103": "12.09",
        "200104": "11.45",
        "200105": "10.48",
        "200106": "10.37",
        "200107": "9.75",
        "200108": "7.93",
        "200109": "6.12",
        "200110": "4.66",
        "200111": "6.41",
        "200112": "7.02",
        "200201": "8.09",
        "200202": "9.99",
        "200203": "9.98",
        "200204": "11.49",
        "200205": "10.18",
        "200206": "10.70",
        "200207": "10.20",
        "200208": "9.23",
        "200209": "8.08",
        "200210": "7.68",
        "200211": "8.06",
        "200212": "8.35",
        "200301": "8.92",
        "200302": "8.62",
        "200303": "8.22",
        "200304": "8.68",
        "200305": "9.86",
        "200306": "9.64",
        "200307": "9.72",
        "200308": "9.63",
        "200309": "9.44",
        "200310": "9.45",
        "200311": "9.67",
        "200312": "9.49",
        "200401": "10.54",
        "200402": "12.16",
        "200403": "11.85",
        "200404": "12.72",
        "200405": "11.84",
        "200406": "11.72",
        "200407": "11.76",
        "200408": "11.45",
        "200409": "11.84",
        "200410": "12.08",
        "200411": "11.72",
        "200412": "11.50",
        "200501": "11.57",
        "200502": "11.47",
        "200503": "11.02",
        "200504": "11.30",
        "200505": "11.67",
        "200506": "11.57",
        "200507": "11.37",
        "200508": "10.42",
        "200509": "9.85",
        "200510": "10.28",
        "200511": "10.58",
        "200512": "10.13",
        "200601": "10.09",
        "200602": "9.98",
        "200603": "9.73",
        "200604": "9.90",
        "200605": "10.25",
        "200606": "9.64",
        "200607": "9.47",
        "200608": "9.48",
        "200609": "9.10",
        "200610": "9.56",
        "200611": "9.51",
        "200612": "9.87",
        "200701": "10.13",
        "200702": "10.04",
        "200703": "9.66",
        "200704": "11.30",
        "200705": "10.78",
        "200706": "10.98",
        "200707": "17.18",
        "200708": "17.85",
        "200709": "19.88",
        "200710": "19.00",
        "200711": "14.21",
        "200712": "12.57",
        "200801": "11.60",
        "200802": "13.01",
        "200803": "14.21",
        "200804": "19.20",
        "200805": "28.10",
        "200806": "22.98",
        "200807": "22.11",
        "200808": "20.11",
        "200809": "15.66",
        "200810": "14.19",
        "200811": "14.06",
        "200812": "13.42",
        "200901": "13.45",
        "200902": "14.28",
        "200903": "15.56",
        "200904": "16.70",
        "200905": "15.86",
        "200906": "15.33",
        "200907": "14.84",
        "200908": "15.43",
        "200909": "15.02",
        "200910": "15.41",
        "200911": "15.35",
        "200912": "18.16",
        "201001": "22.54",
        "201002": "19.30",
        "201003": "23.96",
        "201004": "27.40",
        "201005": "24.84",
        "201006": "23.85",
        "201007": "26.32",
        "201008": "30.06",
        "201009": "28.54",
        "201010": "28.72",
        "201011": "25.50",
        "201012": "27.10",
        "201101": "28.23",
        "201102": "28.44",
        "201103": "28.78",
        "201104": "29.11",
        "201105": "26.07",
        "201106": "24.10",
        "201107": "24.36",
        "201108": "19.98",
        "201109": "19.09",
        "201110": "17.91",
        "201111": "17.68",
        "201112": "17.52",
        "201201": "17.76",
        "201202": "21.61",
        "201203": "21.25",
        "201204": "19.64",
        "201205": "18.44",
        "201206": "18.00",
        "201207": "18.65",
        "201208": "19.28",
        "201209": "20.94",
        "201210": "19.01",
        "201211": "17.60",
        "201212": "18.27",
        "201301": "18.17",
        "201302": "17.96",
        "201303": "17.64",
        "201304": "17.96",
        "201305": "18.07",
        "201306": "18.34",
        "201307": "18.64",
        "201308": "17.35",
        "201309": "17.01",
        "201310": "17.26",
        "201311": "16.81",
        "201312": "16.88",
        "201401": "17.38",
        "201402": "17.07",
        "201403": "16.90",
        "201404": "17.20",
        "201405": "17.73",
        "201406": "19.09",
        "201407": "21.20",
        "201408": "19.62",
        "201409": "17.98",
        "201410": "17.34",
        "201411": "17.81",
        "201412": "18.60",
        "201501": "19.75",
        "201502": "18.99",
        "201503": "18.37",
        "201504": "18.86",
        "201505": "18.46",
        "201506": "17.67",
        "201507": "17.43",
        "201508": "15.63",
        "201509": "14.76",
        "201510": "15.11",
        "201511": "15.35",
        "201512": "15.00",
        "201601": "13.81",
        "201602": "13.83",
        "201603": "14.46",
        "201604": "14.03",
        "201605": "12.98",
        "201606": "12.95",
        "201607": "12.70",
        "201608": "12.64",
        "201609": "12.96",
        "201610": "12.85",
        "201611": "12.58",
        "201612": "13.11",
        "201701": "13.23",
        "201702": "13.96",
        "201703": "13.95",
        "201704": "13.77",
        "201705": "13.21",
        "201706": "12.83",
        "201707": "12.72",
        "201708": "12.48",
        "201709": "12.76",
        "201710": "12.89",
        "201711": "13.45",
        "201712": "14.34",
        "201801": "15.76",
        "201802": "14.52",
        "201803": "14.87",
        "201804": "15.25",
        "201805": "15.43",
        "201806": "14.95",
        "201807": "14.25",
        "201808": "13.98",
        "201809": "14.72",
        "201810": "14.42",
        "201811": "14.13",
        "201812": "14.22",
        "201901": "14.03",
        "201902": "14.15",
        "201903": "14.14",
        "201904": "14.06",
        "201905": "13.25",
        "201906": "13.16",
        "201907": "13.00",
        "201908": "12.47",
        "201909": "12.37",
        "201910": "11.86",
        "201911": "11.85",
        "201912": "11.78",
        "202001": "11.87",
        "202002": "11.48",
        "202003": "9.53",
        "202004": "9.03",
        "202005": "9.40",
        "202006": "9.47",
        "202007": "9.71",
        "202008": "10.35",
        "202009": "10.96",
        "202010": "10.84",
        "202011": "10.79",
        "202012": "11.15",
        "202101": "10.93",
        "202102": "10.85",
        "202103": "11.04",
        "202104": "12.56",
        "202105": "12.17",
        "202106": "14.61",
        "202107": "15.22",
        "202108": "16.52",
        "202109": "28.57",
        "202110": "39.52",
        "202111": "51.37",
        "202112": "49.80",
        "202201": "45.12",
        "202202": "41.35",
        "202203": "43.16",
        "202204": "47.16",
        "202205": "39.16",
        "202206": "39.22",
        "202207": "31.49",
        "202208": "31.83",
        "202209": "29.11",
        "202210": "24.80",
        "202211": "25.03",
        "202212": "26.92",
        "202301": "24.85",
        "202302": "26.67",
        "202303": "25.98",
        "202304": "29.32",
        "202305": "39.84"
    },
    "quarters": {
        "20011": {
            "year_quarter": 20011,
            "year": 2001,
            "quarter": 1,
            "eps": 0.01,
            "eps_growth_year": -92.86,
            "eps_4q": 0.81,
            "eps_4q_growth_year": 79.89,
            "roe": 0.05,
            "gross_profit": 19040,
            "gross_margin": 12.65,
            "net_income": 367,
            "revenue": 150505,
            "common_shares": 400000,
            "equity": 693199,
            "current_ratio": 217.01,
            "debt_ratio": 27.04,
            "inventory_turnover_ratio": 1,
            "account_receivable_turnover_ratio": null,
            "reinvestment_rate": null,
            "research_to_sale_ratio": null,
            "price_fair": 0,
            "eps_avg_yearly": 0,
            "eps_latest_yearly": 0,
            "eps_growth_yearly": 0
        },
        "20012": {
            "year_quarter": 20012,
            "year": 2001,
            "quarter": 2,
            "eps": 0.08,
            "eps_growth_year": -78.38,
            "eps_4q": 0.51,
            "eps_4q_growth_year": -42.03,
            "roe": 0.43,
            "gross_profit": 22803,
            "gross_margin": 14.51,
            "net_income": 3004,
            "revenue": 157120,
            "common_shares": 400000,
            "equity": 695285,
            "current_ratio": 199.35,
            "debt_ratio": 29.47,
            "inventory_turnover_ratio": 0.88,
            "account_receivable_turnover_ratio": null,
            "reinvestment_rate": null,
            "research_to_sale_ratio": null,
            "price_fair": 0,
            "eps_avg_yearly": 0,
            "eps_latest_yearly": 0,
            "eps_growth_yearly": 0
        },
        "20013": {
            "year_quarter": 20013,
            "year": 2001,
            "quarter": 3,
            "eps": 0.02,
            "eps_growth_year": -71.43,
            "eps_4q": 0.39,
            "eps_4q_growth_year": -49.56,
            "roe": 0.13,
            "gross_profit": 22622,
            "gross_margin": 13.46,
            "net_income": 882,
            "revenue": 168129,
            "common_shares": 470000,
            "equity": 696168,
            "current_ratio": 200.59,
            "debt_ratio": 29.77,
            "inventory_turnover_ratio": 0.89,
            "account_receivable_turnover_ratio": null,
            "reinvestment_rate": null,
            "research_to_sale_ratio": null,
            "price_fair": 0,
            "eps_avg_yearly": 0,
            "eps_latest_yearly": 0,
            "eps_growth_yearly": 0
        },
        "20014": {
            "year_quarter": 20014,
            "year": 2001,
            "quarter": 4,
            "eps": 0.05,
            "eps_growth_year": -84.38,
            "eps_4q": 0.13,
            "eps_4q_growth_year": -84.3,
            "roe": 0.36,
            "gross_profit": 24782,
            "gross_margin": 13.47,
            "net_income": 2514,
            "revenue": 183975,
            "common_shares": 470000,
            "equity": 700302,
            "current_ratio": 214.88,
            "debt_ratio": 28.15,
            "inventory_turnover_ratio": 1.1,
            "account_receivable_turnover_ratio": null,
            "reinvestment_rate": null,
            "research_to_sale_ratio": null,
            "price_fair": 0,
            "eps_avg_yearly": 0,
            "eps_latest_yearly": 0,
            "eps_growth_yearly": 0
        },
        "20021": {
            "year_quarter": 20021,
            "year": 2002,
            "quarter": 1,
            "eps": -0.06,
            "eps_growth_year": -700,
            "eps_4q": 0.08,
            "eps_4q_growth_year": -90.59,
            "roe": -0.4,
            "gross_profit": 19131,
            "gross_margin": 11.36,
            "net_income": -2811,
            "revenue": 168344,
            "common_shares": 470000,
            "equity": 697491,
            "current_ratio": 225.97,
            "debt_ratio": 26.77,
            "inventory_turnover_ratio": 1.12,
            "account_receivable_turnover_ratio": null,
            "reinvestment_rate": null,
            "research_to_sale_ratio": null,
            "price_fair": 0,
            "eps_avg_yearly": 0,
            "eps_latest_yearly": 0,
            "eps_growth_yearly": 0
        },
        "20022": {
            "year_quarter": 20022,
            "year": 2002,
            "quarter": 2,
            "eps": -0.08,
            "eps_growth_year": -200,
            "eps_4q": -0.07,
            "eps_4q_growth_year": -113.55,
            "roe": -0.56,
            "gross_profit": 31591,
            "gross_margin": 16.9,
            "net_income": -3853,
            "revenue": 186879,
            "common_shares": 470000,
            "equity": 683705,
            "current_ratio": 201.4,
            "debt_ratio": 26.2,
            "inventory_turnover_ratio": 1.3,
            "account_receivable_turnover_ratio": null,
            "reinvestment_rate": null,
            "research_to_sale_ratio": null,
            "price_fair": 0,
            "eps_avg_yearly": 0,
            "eps_latest_yearly": 0,
            "eps_growth_yearly": 0
        },
        "20023": {
            "year_quarter": 20023,
            "year": 2002,
            "quarter": 3,
            "eps": 0.18,
            "eps_growth_year": 800,
            "eps_4q": 0.09,
            "eps_4q_growth_year": -76.75,
            "roe": 1.22,
            "gross_profit": 35959,
            "gross_margin": 19.41,
            "net_income": 8379,
            "revenue": 185284,
            "common_shares": 470000,
            "equity": 692084,
            "current_ratio": 197.82,
            "debt_ratio": 26.76,
            "inventory_turnover_ratio": 1.42,
            "account_receivable_turnover_ratio": null,
            "reinvestment_rate": null,
            "research_to_sale_ratio": null,
            "price_fair": 0,
            "eps_avg_yearly": 0,
            "eps_latest_yearly": 0,
            "eps_growth_yearly": 0
        },
        "20024": {
            "year_quarter": 20024,
            "year": 2002,
            "quarter": 4,
            "eps": -0.16,
            "eps_growth_year": -420,
            "eps_4q": -0.12,
            "eps_4q_growth_year": -189.16,
            "roe": -1.13,
            "gross_profit": 40222,
            "gross_margin": 19.7,
            "net_income": -7766,
            "revenue": 204203,
            "common_shares": 500000,
            "equity": 684318,
            "current_ratio": 185.97,
            "debt_ratio": 28.5,
            "inventory_turnover_ratio": 1.66,
            "account_receivable_turnover_ratio": null,
            "reinvestment_rate": 0.67,
            "research_to_sale_ratio": null,
            "price_fair": 0,
            "eps_avg_yearly": 0,
            "eps_latest_yearly": 0,
            "eps_growth_yearly": 0
        },
        "20031": {
            "year_quarter": 20031,
            "year": 2003,
            "quarter": 1,
            "eps": 0.15,
            "eps_growth_year": null,
            "eps_4q": 0.09,
            "eps_4q_growth_year": 13.06,
            "roe": 1.11,
            "gross_profit": 32914,
            "gross_margin": 18.43,
            "net_income": 7667,
            "revenue": 178612,
            "common_shares": 500000,
            "equity": 691984,
            "current_ratio": 192.92,
            "debt_ratio": 27.25,
            "inventory_turnover_ratio": 1.34,
            "account_receivable_turnover_ratio": null,
            "reinvestment_rate": 2.3,
            "research_to_sale_ratio": null,
            "price_fair": 0,
            "eps_avg_yearly": 0,
            "eps_latest_yearly": 0,
            "eps_growth_yearly": 0
        },
        "20032": {
            "year_quarter": 20032,
            "year": 2003,
            "quarter": 2,
            "eps": 0.06,
            "eps_growth_year": null,
            "eps_4q": 0.22,
            "eps_4q_growth_year": null,
            "roe": 0.45,
            "gross_profit": 29627,
            "gross_margin": 15.45,
            "net_income": 3088,
            "revenue": 191711,
            "common_shares": 500000,
            "equity": 685073,
            "current_ratio": 157.25,
            "debt_ratio": 30.19,
            "inventory_turnover_ratio": 1.38,
            "account_receivable_turnover_ratio": null,
            "reinvestment_rate": -129.92,
            "research_to_sale_ratio": null,
            "price_fair": 0.72,
            "eps_avg_yearly": 0.24,
            "eps_latest_yearly": 0.24,
            "eps_growth_yearly": -240
        },
        "20033": {
            "year_quarter": 20033,
            "year": 2003,
            "quarter": 3,
            "eps": 0.17,
            "eps_growth_year": -5.56,
            "eps_4q": 0.23,
            "eps_4q_growth_year": 152.81,
            "roe": 1.24,
            "gross_profit": 27354,
            "gross_margin": 13.5,
            "net_income": 8515,
            "revenue": 202590,
            "common_shares": 500000,
            "equity": 693588,
            "current_ratio": 155.33,
            "debt_ratio": 30.34,
            "inventory_turnover_ratio": 1.61,
            "account_receivable_turnover_ratio": null,
            "reinvestment_rate": -115.69,
            "research_to_sale_ratio": null,
            "price_fair": 16.1,
            "eps_avg_yearly": 0.46,
            "eps_latest_yearly": 0.68,
            "eps_growth_yearly": 246.67
        },
        "20034": {
            "year_quarter": 20034,
            "year": 2003,
            "quarter": 4,
            "eps": 0.31,
            "eps_growth_year": null,
            "eps_4q": 0.67,
            "eps_4q_growth_year": null,
            "roe": 2.35,
            "gross_profit": 38610,
            "gross_margin": 16.71,
            "net_income": 16483,
            "revenue": 231066,
            "common_shares": 530000,
            "equity": 708778,
            "current_ratio": 170.9,
            "debt_ratio": 27.43,
            "inventory_turnover_ratio": 1.77,
            "account_receivable_turnover_ratio": null,
            "reinvestment_rate": -94.02,
            "research_to_sale_ratio": null,
            "price_fair": 25.2,
            "eps_avg_yearly": 0.72,
            "eps_latest_yearly": 1.24,
            "eps_growth_yearly": 274.25
        },
        "20041": {
            "year_quarter": 20041,
            "year": 2004,
            "quarter": 1,
            "eps": 0.16,
            "eps_growth_year": 6.67,
            "eps_4q": 0.69,
            "eps_4q_growth_year": 702.18,
            "roe": 1.18,
            "gross_profit": 39329,
            "gross_margin": 19.4,
            "net_income": 8403,
            "revenue": 202749,
            "common_shares": 530000,
            "equity": 717181,
            "current_ratio": 181.84,
            "debt_ratio": 26.27,
            "inventory_turnover_ratio": 1.52,
            "account_receivable_turnover_ratio": null,
            "reinvestment_rate": -108.24,
            "research_to_sale_ratio": null,
            "price_fair": 24.5,
            "eps_avg_yearly": 0.7,
            "eps_latest_yearly": 0.64,
            "eps_growth_yearly": 157.3
        },
        "20042": {
            "year_quarter": 20042,
            "year": 2004,
            "quarter": 2,
            "eps": 0.32,
            "eps_growth_year": 433.33,
            "eps_4q": 0.95,
            "eps_4q_growth_year": 331.54,
            "roe": 2.35,
            "gross_profit": 52184,
            "gross_margin": 21.03,
            "net_income": 16880,
            "revenue": 248126,
            "common_shares": 530000,
            "equity": 717234,
            "current_ratio": 167,
            "debt_ratio": 29.97,
            "inventory_turnover_ratio": 1.8,
            "account_receivable_turnover_ratio": null,
            "reinvestment_rate": -126.42,
            "research_to_sale_ratio": null,
            "price_fair": 28.56,
            "eps_avg_yearly": 0.82,
            "eps_latest_yearly": 1.28,
            "eps_growth_yearly": 205.84
        },
        "20043": {
            "year_quarter": 20043,
            "year": 2004,
            "quarter": 3,
            "eps": 0.22,
            "eps_growth_year": 29.41,
            "eps_4q": 0.94,
            "eps_4q_growth_year": 308.39,
            "roe": 1.77,
            "gross_profit": 42993,
            "gross_margin": 15.78,
            "net_income": 12798,
            "revenue": 272459,
            "common_shares": 570000,
            "equity": 730032,
            "current_ratio": 176.22,
            "debt_ratio": 28.16,
            "inventory_turnover_ratio": 2.21,
            "account_receivable_turnover_ratio": null,
            "reinvestment_rate": -116.12,
            "research_to_sale_ratio": null,
            "price_fair": 28.93,
            "eps_avg_yearly": 0.83,
            "eps_latest_yearly": 0.88,
            "eps_growth_yearly": 150.7
        },
        "20044": {
            "year_quarter": 20044,
            "year": 2004,
            "quarter": 4,
            "eps": 0.39,
            "eps_growth_year": 25.81,
            "eps_4q": 1.06,
            "eps_4q_growth_year": 57.05,
            "roe": 3.01,
            "gross_profit": 53246,
            "gross_margin": 18.58,
            "net_income": 22299,
            "revenue": 286551,
            "common_shares": 570000,
            "equity": 753624,
            "current_ratio": 183.14,
            "debt_ratio": 27.33,
            "inventory_turnover_ratio": 2.18,
            "account_receivable_turnover_ratio": null,
            "reinvestment_rate": -163.33,
            "research_to_sale_ratio": null,
            "price_fair": 32.6,
            "eps_avg_yearly": 0.93,
            "eps_latest_yearly": 1.56,
            "eps_growth_yearly": 173.33
        },
        "20051": {
            "year_quarter": 20051,
            "year": 2005,
            "quarter": 1,
            "eps": 0.23,
            "eps_growth_year": 43.75,
            "eps_4q": 1.13,
            "eps_4q_growth_year": 63.23,
            "roe": 1.74,
            "gross_profit": 47741,
            "gross_margin": 19,
            "net_income": 13223,
            "revenue": 251216,
            "common_shares": 570000,
            "equity": 766847,
            "current_ratio": 186.22,
            "debt_ratio": 27.99,
            "inventory_turnover_ratio": 1.45,
            "account_receivable_turnover_ratio": null,
            "reinvestment_rate": -116.38,
            "research_to_sale_ratio": null,
            "price_fair": 32.55,
            "eps_avg_yearly": 0.93,
            "eps_latest_yearly": 0.92,
            "eps_growth_yearly": 131.15
        },
        "20052": {
            "year_quarter": 20052,
            "year": 2005,
            "quarter": 2,
            "eps": 0.26,
            "eps_growth_year": -18.75,
            "eps_4q": 1.12,
            "eps_4q_growth_year": 17.17,
            "roe": 1.92,
            "gross_profit": 49729,
            "gross_margin": 16.89,
            "net_income": 14662,
            "revenue": 294371,
            "common_shares": 570000,
            "equity": 757602,
            "current_ratio": 163.93,
            "debt_ratio": 32.49,
            "inventory_turnover_ratio": 1.51,
            "account_receivable_turnover_ratio": null,
            "reinvestment_rate": -46.32,
            "research_to_sale_ratio": null,
            "price_fair": 32.98,
            "eps_avg_yearly": 0.94,
            "eps_latest_yearly": 1.04,
            "eps_growth_yearly": 122.37
        },
        "20053": {
            "year_quarter": 20053,
            "year": 2005,
            "quarter": 3,
            "eps": 0.25,
            "eps_growth_year": 13.64,
            "eps_4q": 1.07,
            "eps_4q_growth_year": 13.86,
            "roe": 2,
            "gross_profit": 48383,
            "gross_margin": 17.11,
            "net_income": 15338,
            "revenue": 282805,
            "common_shares": 620000,
            "equity": 774190,
            "current_ratio": 166.22,
            "debt_ratio": 31.17,
            "inventory_turnover_ratio": 1.48,
            "account_receivable_turnover_ratio": null,
            "reinvestment_rate": -33.53,
            "research_to_sale_ratio": null,
            "price_fair": 33.18,
            "eps_avg_yearly": 0.95,
            "eps_latest_yearly": 1,
            "eps_growth_yearly": 108.6
        },
        "20054": {
            "year_quarter": 20054,
            "year": 2005,
            "quarter": 4,
            "eps": 0.23,
            "eps_growth_year": -41.03,
            "eps_4q": 0.91,
            "eps_4q_growth_year": -13.43,
            "roe": 1.86,
            "gross_profit": 49605,
            "gross_margin": 18.08,
            "net_income": 14529,
            "revenue": 274304,
            "common_shares": 620000,
            "equity": 788474,
            "current_ratio": 170.68,
            "debt_ratio": 31.4,
            "inventory_turnover_ratio": 1.41,
            "account_receivable_turnover_ratio": null,
            "reinvestment_rate": -10.73,
            "research_to_sale_ratio": null,
            "price_fair": 33.09,
            "eps_avg_yearly": 0.95,
            "eps_latest_yearly": 0.92,
            "eps_growth_yearly": 95.82
        },
        "20061": {
            "year_quarter": 20061,
            "year": 2006,
            "quarter": 1,
            "eps": 0.13,
            "eps_growth_year": -43.48,
            "eps_4q": 0.84,
            "eps_4q_growth_year": -25.63,
            "roe": 1.02,
            "gross_profit": 41883,
            "gross_margin": 17.51,
            "net_income": 8114,
            "revenue": 239152,
            "common_shares": 620000,
            "equity": 796982,
            "current_ratio": 168.06,
            "debt_ratio": 30.35,
            "inventory_turnover_ratio": 1.12,
            "account_receivable_turnover_ratio": null,
            "reinvestment_rate": -14.75,
            "research_to_sale_ratio": null,
            "price_fair": 31.85,
            "eps_avg_yearly": 0.91,
            "eps_latest_yearly": 0.52,
            "eps_growth_yearly": 73.34
        },
        "20062": {
            "year_quarter": 20062,
            "year": 2006,
            "quarter": 2,
            "eps": 0.18,
            "eps_growth_year": -30.77,
            "eps_4q": 0.8,
            "eps_4q_growth_year": -28.49,
            "roe": 1.39,
            "gross_profit": 44074,
            "gross_margin": 15.59,
            "net_income": 11051,
            "revenue": 282685,
            "common_shares": 620000,
            "equity": 793797,
            "current_ratio": 167.98,
            "debt_ratio": 30.61,
            "inventory_turnover_ratio": 1.38,
            "account_receivable_turnover_ratio": null,
            "reinvestment_rate": -12.12,
            "research_to_sale_ratio": null,
            "price_fair": 31.34,
            "eps_avg_yearly": 0.9,
            "eps_latest_yearly": 0.72,
            "eps_growth_yearly": 79.53
        },
        "20063": {
            "year_quarter": 20063,
            "year": 2006,
            "quarter": 3,
            "eps": 0.21,
            "eps_growth_year": -16,
            "eps_4q": 0.72,
            "eps_4q_growth_year": -32.28,
            "roe": 1.72,
            "gross_profit": 42728,
            "gross_margin": 13.94,
            "net_income": 13787,
            "revenue": 306453,
            "common_shares": 660000,
            "equity": 809218,
            "current_ratio": 175.28,
            "debt_ratio": 29.55,
            "inventory_turnover_ratio": 1.69,
            "account_receivable_turnover_ratio": null,
            "reinvestment_rate": -15.94,
            "research_to_sale_ratio": null,
            "price_fair": 31.2,
            "eps_avg_yearly": 0.89,
            "eps_latest_yearly": 0.84,
            "eps_growth_yearly": 78.61
        },
        "20064": {
            "year_quarter": 20064,
            "year": 2006,
            "quarter": 4,
            "eps": 0.08,
            "eps_growth_year": -65.22,
            "eps_4q": 0.61,
            "eps_4q_growth_year": -33.49,
            "roe": 0.61,
            "gross_profit": 41677,
            "gross_margin": 13.93,
            "net_income": 4992,
            "revenue": 299224,
            "common_shares": 660000,
            "equity": 821094,
            "current_ratio": 181.83,
            "debt_ratio": 28.06,
            "inventory_turnover_ratio": 1.82,
            "account_receivable_turnover_ratio": null,
            "reinvestment_rate": -8.64,
            "research_to_sale_ratio": null,
            "price_fair": 29.87,
            "eps_avg_yearly": 0.85,
            "eps_latest_yearly": 0.32,
            "eps_growth_yearly": 56.86
        },
        "20071": {
            "year_quarter": 20071,
            "year": 2007,
            "quarter": 1,
            "eps": 0.11,
            "eps_growth_year": -15.38,
            "eps_4q": 0.55,
            "eps_4q_growth_year": -34.53,
            "roe": 0.9,
            "gross_profit": 41919,
            "gross_margin": 17.41,
            "net_income": 7421,
            "revenue": 240763,
            "common_shares": 660000,
            "equity": 824528,
            "current_ratio": 175.18,
            "debt_ratio": 28.28,
            "inventory_turnover_ratio": 1.45,
            "account_receivable_turnover_ratio": null,
            "reinvestment_rate": -36.91,
            "research_to_sale_ratio": null,
            "price_fair": 28.96,
            "eps_avg_yearly": 0.83,
            "eps_latest_yearly": 0.44,
            "eps_growth_yearly": 62.68
        },
        "20072": {
            "year_quarter": 20072,
            "year": 2007,
            "quarter": 2,
            "eps": 0.19,
            "eps_growth_year": 5.56,
            "eps_4q": 0.59,
            "eps_4q_growth_year": -26.59,
            "roe": 1.53,
            "gross_profit": 50725,
            "gross_margin": 17.68,
            "net_income": 12563,
            "revenue": 286826,
            "common_shares": 660000,
            "equity": 821779,
            "current_ratio": 154.04,
            "debt_ratio": 32.69,
            "inventory_turnover_ratio": 1.56,
            "account_receivable_turnover_ratio": null,
            "reinvestment_rate": 15.49,
            "research_to_sale_ratio": null,
            "price_fair": 30.1,
            "eps_avg_yearly": 0.86,
            "eps_latest_yearly": 0.76,
            "eps_growth_yearly": 95.87
        },
        "20073": {
            "year_quarter": 20073,
            "year": 2007,
            "quarter": 3,
            "eps": 0.08,
            "eps_growth_year": -61.9,
            "eps_4q": 0.46,
            "eps_4q_growth_year": -35.79,
            "roe": 0.63,
            "gross_profit": 48127,
            "gross_margin": 14.81,
            "net_income": 5198,
            "revenue": 325023,
            "common_shares": 680000,
            "equity": 827757,
            "current_ratio": 153.51,
            "debt_ratio": 32.79,
            "inventory_turnover_ratio": 1.84,
            "account_receivable_turnover_ratio": null,
            "reinvestment_rate": 17.15,
            "research_to_sale_ratio": null,
            "price_fair": 29.31,
            "eps_avg_yearly": 0.84,
            "eps_latest_yearly": 0.32,
            "eps_growth_yearly": 35.56
        },
        "20074": {
            "year_quarter": 20074,
            "year": 2007,
            "quarter": 4,
            "eps": 0.14,
            "eps_growth_year": 75,
            "eps_4q": 0.51,
            "eps_4q_growth_year": -15.42,
            "roe": 1.11,
            "gross_profit": 57232,
            "gross_margin": 15.75,
            "net_income": 9419,
            "revenue": 363475,
            "common_shares": 680000,
            "equity": 864047,
            "current_ratio": 146.11,
            "debt_ratio": 35.14,
            "inventory_turnover_ratio": 2.08,
            "account_receivable_turnover_ratio": null,
            "reinvestment_rate": 73.63,
            "research_to_sale_ratio": null,
            "price_fair": 27.83,
            "eps_avg_yearly": 0.8,
            "eps_latest_yearly": 0.56,
            "eps_growth_yearly": 33.72
        },
        "20081": {
            "year_quarter": 20081,
            "year": 2008,
            "quarter": 1,
            "eps": 0.35,
            "eps_growth_year": 218.18,
            "eps_4q": 0.74,
            "eps_4q_growth_year": 34.51,
            "roe": 2.73,
            "gross_profit": 68557,
            "gross_margin": 15.59,
            "net_income": 23865,
            "revenue": 439805,
            "common_shares": 680000,
            "equity": 884917,
            "current_ratio": 138.06,
            "debt_ratio": 38.89,
            "inventory_turnover_ratio": 2.34,
            "account_receivable_turnover_ratio": null,
            "reinvestment_rate": 79.3,
            "research_to_sale_ratio": null,
            "price_fair": 29.49,
            "eps_avg_yearly": 0.84,
            "eps_latest_yearly": 1.4,
            "eps_growth_yearly": 83.32
        },
        "20082": {
            "year_quarter": 20082,
            "year": 2008,
            "quarter": 2,
            "eps": 0.65,
            "eps_growth_year": 242.11,
            "eps_4q": 1.22,
            "eps_4q_growth_year": 107.78,
            "roe": 4.89,
            "gross_profit": 91936,
            "gross_margin": 15.28,
            "net_income": 43990,
            "revenue": 601600,
            "common_shares": 680000,
            "equity": 915828,
            "current_ratio": 139.73,
            "debt_ratio": 44.74,
            "inventory_turnover_ratio": 2.79,
            "account_receivable_turnover_ratio": null,
            "reinvestment_rate": 78.09,
            "research_to_sale_ratio": null,
            "price_fair": 32.38,
            "eps_avg_yearly": 0.93,
            "eps_latest_yearly": 2.6,
            "eps_growth_yearly": 79.75
        },
        "20083": {
            "year_quarter": 20083,
            "year": 2008,
            "quarter": 3,
            "eps": 0.67,
            "eps_growth_year": 737.5,
            "eps_4q": 1.78,
            "eps_4q_growth_year": 284.16,
            "roe": 4.96,
            "gross_profit": 102654,
            "gross_margin": 15.21,
            "net_income": 46735,
            "revenue": 674977,
            "common_shares": 700000,
            "equity": 969713,
            "current_ratio": 141.29,
            "debt_ratio": 45.1,
            "inventory_turnover_ratio": 2.61,
            "account_receivable_turnover_ratio": null,
            "reinvestment_rate": 72.08,
            "research_to_sale_ratio": null,
            "price_fair": 36.31,
            "eps_avg_yearly": 1.04,
            "eps_latest_yearly": 2.68,
            "eps_growth_yearly": 88.33
        },
        "20084": {
            "year_quarter": 20084,
            "year": 2008,
            "quarter": 4,
            "eps": -0.11,
            "eps_growth_year": -178.57,
            "eps_4q": 1.56,
            "eps_4q_growth_year": 203.55,
            "roe": -0.88,
            "gross_profit": 50193,
            "gross_margin": 11.89,
            "net_income": -8473,
            "revenue": 422123,
            "common_shares": 700000,
            "equity": 964191,
            "current_ratio": 157.07,
            "debt_ratio": 36.37,
            "inventory_turnover_ratio": 1.78,
            "account_receivable_turnover_ratio": 1.61,
            "reinvestment_rate": 78.78,
            "research_to_sale_ratio": null,
            "price_fair": 35.09,
            "eps_avg_yearly": 1,
            "eps_latest_yearly": 2.68,
            "eps_growth_yearly": 73.61
        },
        "20091": {
            "year_quarter": 20091,
            "year": 2009,
            "quarter": 1,
            "eps": -0.07,
            "eps_growth_year": -120,
            "eps_4q": 1.13,
            "eps_4q_growth_year": 52.04,
            "roe": -0.6,
            "gross_profit": 35099,
            "gross_margin": 12.74,
            "net_income": -5796,
            "revenue": 275478,
            "common_shares": 700000,
            "equity": 961705,
            "current_ratio": 188.98,
            "debt_ratio": 26.74,
            "inventory_turnover_ratio": 1.49,
            "account_receivable_turnover_ratio": 0.62,
            "reinvestment_rate": 92.93,
            "research_to_sale_ratio": null,
            "price_fair": 35.3,
            "eps_avg_yearly": 1.01,
            "eps_latest_yearly": 2.68,
            "eps_growth_yearly": 90.59
        },
        "20092": {
            "year_quarter": 20092,
            "year": 2009,
            "quarter": 2,
            "eps": 0.4,
            "eps_growth_year": -38.46,
            "eps_4q": 0.94,
            "eps_4q_growth_year": -22.91,
            "roe": 2.76,
            "gross_profit": 52725,
            "gross_margin": 17.23,
            "net_income": 26689,
            "revenue": 306028,
            "common_shares": 700000,
            "equity": 971232,
            "current_ratio": 181.19,
            "debt_ratio": 26.26,
            "inventory_turnover_ratio": 1.81,
            "account_receivable_turnover_ratio": 0.83,
            "reinvestment_rate": 102.49,
            "research_to_sale_ratio": null,
            "price_fair": 35.22,
            "eps_avg_yearly": 1.01,
            "eps_latest_yearly": 2.68,
            "eps_growth_yearly": 93.55
        },
        "20093": {
            "year_quarter": 20093,
            "year": 2009,
            "quarter": 3,
            "eps": 0.21,
            "eps_growth_year": -68.66,
            "eps_4q": 0.41,
            "eps_4q_growth_year": -76.77,
            "roe": 1.62,
            "gross_profit": 53851,
            "gross_margin": 16.34,
            "net_income": 15869,
            "revenue": 329549,
            "common_shares": 742000,
            "equity": 984328,
            "current_ratio": 179.7,
            "debt_ratio": 27.28,
            "inventory_turnover_ratio": 1.87,
            "account_receivable_turnover_ratio": 0.86,
            "reinvestment_rate": 85.45,
            "research_to_sale_ratio": null,
            "price_fair": 34.78,
            "eps_avg_yearly": 0.99,
            "eps_latest_yearly": 0.84,
            "eps_growth_yearly": 80.11
        },
        "20094": {
            "year_quarter": 20094,
            "year": 2009,
            "quarter": 4,
            "eps": 0.25,
            "eps_growth_year": null,
            "eps_4q": 0.77,
            "eps_4q_growth_year": -50.41,
            "roe": 1.79,
            "gross_profit": 57383,
            "gross_margin": 16.9,
            "net_income": 17771,
            "revenue": 339484,
            "common_shares": 742000,
            "equity": 999764,
            "current_ratio": 196.35,
            "debt_ratio": 24.75,
            "inventory_turnover_ratio": 1.74,
            "account_receivable_turnover_ratio": 1.77,
            "reinvestment_rate": 76.76,
            "research_to_sale_ratio": null,
            "price_fair": 35,
            "eps_avg_yearly": 1,
            "eps_latest_yearly": 1,
            "eps_growth_yearly": 88.44
        },
        "20101": {
            "year_quarter": 20101,
            "year": 2010,
            "quarter": 1,
            "eps": 0.37,
            "eps_growth_year": null,
            "eps_4q": 1.21,
            "eps_4q_growth_year": 7.33,
            "roe": 2.61,
            "gross_profit": 68831,
            "gross_margin": 17.91,
            "net_income": 26445,
            "revenue": 384249,
            "common_shares": 742000,
            "equity": 1025682,
            "current_ratio": 188.4,
            "debt_ratio": 27.1,
            "inventory_turnover_ratio": 1.8,
            "account_receivable_turnover_ratio": 0.95,
            "reinvestment_rate": 79.83,
            "research_to_sale_ratio": 1.01,
            "price_fair": 37.58,
            "eps_avg_yearly": 1.07,
            "eps_latest_yearly": 1.48,
            "eps_growth_yearly": 116.58
        },
        "20102": {
            "year_quarter": 20102,
            "year": 2010,
            "quarter": 2,
            "eps": 0.52,
            "eps_growth_year": 31.02,
            "eps_4q": 1.32,
            "eps_4q_growth_year": 40.41,
            "roe": 3.89,
            "gross_profit": 86580,
            "gross_margin": 19.02,
            "net_income": 40276,
            "revenue": 455279,
            "common_shares": 742000,
            "equity": 1046746,
            "current_ratio": 122.39,
            "debt_ratio": 38.61,
            "inventory_turnover_ratio": 1.94,
            "account_receivable_turnover_ratio": 0.97,
            "reinvestment_rate": 112.86,
            "research_to_sale_ratio": 0.79,
            "price_fair": 41.25,
            "eps_avg_yearly": 1.18,
            "eps_latest_yearly": 2.08,
            "eps_growth_yearly": 117.22
        },
        "20103": {
            "year_quarter": 20103,
            "year": 2010,
            "quarter": 3,
            "eps": 0.38,
            "eps_growth_year": 78.96,
            "eps_4q": 1.49,
            "eps_4q_growth_year": 259.76,
            "roe": 2.69,
            "gross_profit": 78276,
            "gross_margin": 16.83,
            "net_income": 28523,
            "revenue": 465052,
            "common_shares": 780000,
            "equity": 1074507,
            "current_ratio": 126.78,
            "debt_ratio": 38.41,
            "inventory_turnover_ratio": 1.78,
            "account_receivable_turnover_ratio": 0.91,
            "reinvestment_rate": 113.3,
            "research_to_sale_ratio": 0.74,
            "price_fair": 43.08,
            "eps_avg_yearly": 1.23,
            "eps_latest_yearly": 1.52,
            "eps_growth_yearly": 103.81
        },
        "20104": {
            "year_quarter": 20104,
            "year": 2010,
            "quarter": 4,
            "eps": 0.39,
            "eps_growth_year": 54.76,
            "eps_4q": 1.64,
            "eps_4q_growth_year": 111.61,
            "roe": 2.76,
            "gross_profit": 86379,
            "gross_margin": 17.4,
            "net_income": 30006,
            "revenue": 496517,
            "common_shares": 780000,
            "equity": 1098329,
            "current_ratio": 124.2,
            "debt_ratio": 40.16,
            "inventory_turnover_ratio": 1.73,
            "account_receivable_turnover_ratio": 0.92,
            "reinvestment_rate": 87.63,
            "research_to_sale_ratio": 1.05,
            "price_fair": 46.42,
            "eps_avg_yearly": 1.33,
            "eps_latest_yearly": 1.56,
            "eps_growth_yearly": 123.67
        },
        "20111": {
            "year_quarter": 20111,
            "year": 2011,
            "quarter": 1,
            "eps": 0.29,
            "eps_growth_year": -21.62,
            "eps_4q": 1.58,
            "eps_4q_growth_year": 30.44,
            "roe": 2,
            "gross_profit": 75283,
            "gross_margin": 15.42,
            "net_income": 22145,
            "revenue": 488302,
            "common_shares": 780000,
            "equity": 1121138,
            "current_ratio": 125.38,
            "debt_ratio": 40.7,
            "inventory_turnover_ratio": 1.72,
            "account_receivable_turnover_ratio": 0.84,
            "reinvestment_rate": 102.05,
            "research_to_sale_ratio": 1.16,
            "price_fair": 48.35,
            "eps_avg_yearly": 1.38,
            "eps_latest_yearly": 1.16,
            "eps_growth_yearly": 104.24
        },
        "20112": {
            "year_quarter": 20112,
            "year": 2011,
            "quarter": 2,
            "eps": 0.46,
            "eps_growth_year": -12.23,
            "eps_4q": 1.42,
            "eps_4q_growth_year": 7.59,
            "roe": 3.5,
            "gross_profit": 89887,
            "gross_margin": 16.89,
            "net_income": 39314,
            "revenue": 532282,
            "common_shares": 780000,
            "equity": 1124936,
            "current_ratio": 122.93,
            "debt_ratio": 41.36,
            "inventory_turnover_ratio": 1.74,
            "account_receivable_turnover_ratio": 0.89,
            "reinvestment_rate": 94.31,
            "research_to_sale_ratio": 1.06,
            "price_fair": 51.26,
            "eps_avg_yearly": 1.46,
            "eps_latest_yearly": 1.84,
            "eps_growth_yearly": 99.9
        },
        "20113": {
            "year_quarter": 20113,
            "year": 2011,
            "quarter": 3,
            "eps": 0.35,
            "eps_growth_year": -8.17,
            "eps_4q": 1.42,
            "eps_4q_growth_year": -4.57,
            "roe": 2.55,
            "gross_profit": 80092,
            "gross_margin": 15,
            "net_income": 29122,
            "revenue": 533995,
            "common_shares": 860000,
            "equity": 1159128,
            "current_ratio": 123.68,
            "debt_ratio": 41.2,
            "inventory_turnover_ratio": 1.69,
            "account_receivable_turnover_ratio": 0.88,
            "reinvestment_rate": 93.55,
            "research_to_sale_ratio": 0.93,
            "price_fair": 54.17,
            "eps_avg_yearly": 1.55,
            "eps_latest_yearly": 1.4,
            "eps_growth_yearly": 110.36
        },
        "20114": {
            "year_quarter": 20114,
            "year": 2011,
            "quarter": 4,
            "eps": 0.37,
            "eps_growth_year": -5.32,
            "eps_4q": 1.44,
            "eps_4q_growth_year": -12.21,
            "roe": 2.02,
            "gross_profit": 75661,
            "gross_margin": 14.59,
            "net_income": 23631,
            "revenue": 518498,
            "common_shares": 860000,
            "equity": 1181031,
            "current_ratio": 130.46,
            "debt_ratio": 41.9,
            "inventory_turnover_ratio": 1.63,
            "account_receivable_turnover_ratio": 0.82,
            "reinvestment_rate": 92.48,
            "research_to_sale_ratio": 0.88,
            "price_fair": 56.65,
            "eps_avg_yearly": 1.62,
            "eps_latest_yearly": 1.48,
            "eps_growth_yearly": 89.04
        },
        "20121": {
            "year_quarter": 20121,
            "year": 2012,
            "quarter": 1,
            "eps": 0.3,
            "eps_growth_year": 3.45,
            "eps_4q": 1.47,
            "eps_4q_growth_year": -7.06,
            "roe": 2.12,
            "gross_profit": 74842,
            "gross_margin": 14.71,
            "net_income": 25273,
            "revenue": 508674,
            "common_shares": 860000,
            "equity": 1205432,
            "current_ratio": 139.15,
            "debt_ratio": 37.81,
            "inventory_turnover_ratio": 1.55,
            "account_receivable_turnover_ratio": 0.79,
            "reinvestment_rate": 89.37,
            "research_to_sale_ratio": 0.85,
            "price_fair": 56.11,
            "eps_avg_yearly": 1.6,
            "eps_latest_yearly": 1.2,
            "eps_growth_yearly": 37.06
        },
        "20122": {
            "year_quarter": 20122,
            "year": 2012,
            "quarter": 2,
            "eps": 0.35,
            "eps_growth_year": -24.37,
            "eps_4q": 1.28,
            "eps_4q_growth_year": -10.03,
            "roe": 2.67,
            "gross_profit": 81873,
            "gross_margin": 14.6,
            "net_income": 32071,
            "revenue": 560909,
            "common_shares": 860000,
            "equity": 1200490,
            "current_ratio": 133.83,
            "debt_ratio": 40.39,
            "inventory_turnover_ratio": 1.65,
            "account_receivable_turnover_ratio": 0.86,
            "reinvestment_rate": 90.2,
            "research_to_sale_ratio": 0.8,
            "price_fair": 39,
            "eps_avg_yearly": 1.51,
            "eps_latest_yearly": 1.4,
            "eps_growth_yearly": 15.82
        },
        "20123": {
            "year_quarter": 20123,
            "year": 2012,
            "quarter": 3,
            "eps": 0.25,
            "eps_growth_year": -27.22,
            "eps_4q": 1.21,
            "eps_4q_growth_year": -14.96,
            "roe": 1.92,
            "gross_profit": 87216,
            "gross_margin": 14.55,
            "net_income": 23220,
            "revenue": 599423,
            "common_shares": 935000,
            "equity": 1223517,
            "current_ratio": 137.42,
            "debt_ratio": 39.28,
            "inventory_turnover_ratio": 1.72,
            "account_receivable_turnover_ratio": 0.9,
            "reinvestment_rate": 91.22,
            "research_to_sale_ratio": 0.79,
            "price_fair": 22.21,
            "eps_avg_yearly": 1.38,
            "eps_latest_yearly": 1,
            "eps_growth_yearly": 6.08
        },
        "20124": {
            "year_quarter": 20124,
            "year": 2012,
            "quarter": 4,
            "eps": 0.33,
            "eps_growth_year": -8.92,
            "eps_4q": 1.21,
            "eps_4q_growth_year": -16.1,
            "roe": 2.48,
            "gross_profit": 82682,
            "gross_margin": 15.73,
            "net_income": 30675,
            "revenue": 525504,
            "common_shares": 935000,
            "equity": 1252443,
            "current_ratio": 143.96,
            "debt_ratio": 36.43,
            "inventory_turnover_ratio": 1.52,
            "account_receivable_turnover_ratio": 0.81,
            "reinvestment_rate": 85.1,
            "research_to_sale_ratio": 0.9,
            "price_fair": 34.13,
            "eps_avg_yearly": 1.38,
            "eps_latest_yearly": 1.32,
            "eps_growth_yearly": 14.79
        },
        "20131": {
            "year_quarter": 20131,
            "year": 2013,
            "quarter": 1,
            "eps": 0.25,
            "eps_growth_year": -16.67,
            "eps_4q": 1.18,
            "eps_4q_growth_year": -19.77,
            "roe": 1.81,
            "gross_profit": 78683,
            "gross_margin": 15.19,
            "net_income": 22863,
            "revenue": 517887,
            "common_shares": 935000,
            "equity": 1274147,
            "current_ratio": 147.78,
            "debt_ratio": 35.18,
            "inventory_turnover_ratio": 1.59,
            "account_receivable_turnover_ratio": 0.83,
            "reinvestment_rate": 72.02,
            "research_to_sale_ratio": 1.34,
            "price_fair": 23.44,
            "eps_avg_yearly": 1.35,
            "eps_latest_yearly": 1,
            "eps_growth_yearly": 7.34
        },
        "20132": {
            "year_quarter": 20132,
            "year": 2013,
            "quarter": 2,
            "eps": 0.22,
            "eps_growth_year": -36.76,
            "eps_4q": 0.98,
            "eps_4q_growth_year": -22.98,
            "roe": 1.61,
            "gross_profit": 75367,
            "gross_margin": 14.54,
            "net_income": 20329,
            "revenue": 518218,
            "common_shares": 935000,
            "equity": 1257644,
            "current_ratio": 143.77,
            "debt_ratio": 35.75,
            "inventory_turnover_ratio": 1.58,
            "account_receivable_turnover_ratio": 0.85,
            "reinvestment_rate": 62.08,
            "research_to_sale_ratio": 1.36,
            "price_fair": 18.35,
            "eps_avg_yearly": 1.32,
            "eps_latest_yearly": 0.88,
            "eps_growth_yearly": 3.88
        },
        "20133": {
            "year_quarter": 20133,
            "year": 2013,
            "quarter": 3,
            "eps": 0.34,
            "eps_growth_year": 35.37,
            "eps_4q": 1.09,
            "eps_4q_growth_year": -9.89,
            "roe": 2.64,
            "gross_profit": 89203,
            "gross_margin": 17.48,
            "net_income": 33602,
            "revenue": 510357,
            "common_shares": 1000000,
            "equity": 1291196,
            "current_ratio": 160.27,
            "debt_ratio": 30.76,
            "inventory_turnover_ratio": 1.57,
            "account_receivable_turnover_ratio": 0.88,
            "reinvestment_rate": 68.59,
            "research_to_sale_ratio": 1.66,
            "price_fair": 47.43,
            "eps_avg_yearly": 1.36,
            "eps_latest_yearly": 1.36,
            "eps_growth_yearly": 29.39
        },
        "20134": {
            "year_quarter": 20134,
            "year": 2013,
            "quarter": 4,
            "eps": 0.31,
            "eps_growth_year": -6.21,
            "eps_4q": 1.09,
            "eps_4q_growth_year": -9.56,
            "roe": 2.38,
            "gross_profit": 85387,
            "gross_margin": 16,
            "net_income": 31076,
            "revenue": 533826,
            "common_shares": 1000000,
            "equity": 1322224,
            "current_ratio": 156.12,
            "debt_ratio": 31.18,
            "inventory_turnover_ratio": 1.77,
            "account_receivable_turnover_ratio": 0.97,
            "reinvestment_rate": 73.71,
            "research_to_sale_ratio": 1.67,
            "price_fair": 44.42,
            "eps_avg_yearly": 1.37,
            "eps_latest_yearly": 1.24,
            "eps_growth_yearly": 22.42
        },
        "20141": {
            "year_quarter": 20141,
            "year": 2014,
            "quarter": 1,
            "eps": 0.22,
            "eps_growth_year": -12,
            "eps_4q": 1.08,
            "eps_4q_growth_year": -8.3,
            "roe": 1.66,
            "gross_profit": 73454,
            "gross_margin": 15.6,
            "net_income": 22149,
            "revenue": 470824,
            "common_shares": 1000000,
            "equity": 1344159,
            "current_ratio": 162.18,
            "debt_ratio": 30.43,
            "inventory_turnover_ratio": 1.46,
            "account_receivable_turnover_ratio": 0.86,
            "reinvestment_rate": 73.39,
            "research_to_sale_ratio": 1.04,
            "price_fair": 17.54,
            "eps_avg_yearly": 1.33,
            "eps_latest_yearly": 0.88,
            "eps_growth_yearly": 3.16
        },
        "20142": {
            "year_quarter": 20142,
            "year": 2014,
            "quarter": 2,
            "eps": 0.32,
            "eps_growth_year": 45.45,
            "eps_4q": 1.14,
            "eps_4q_growth_year": 16.03,
            "roe": 2.46,
            "gross_profit": 87638,
            "gross_margin": 14.64,
            "net_income": 32803,
            "revenue": 598753,
            "common_shares": 1000000,
            "equity": 1326139,
            "current_ratio": 145.84,
            "debt_ratio": 35.25,
            "inventory_turnover_ratio": 1.77,
            "account_receivable_turnover_ratio": 1.03,
            "reinvestment_rate": 52.72,
            "research_to_sale_ratio": 0.79,
            "price_fair": 18.46,
            "eps_avg_yearly": 1.28,
            "eps_latest_yearly": 1.28,
            "eps_growth_yearly": 4.39
        },
        "20143": {
            "year_quarter": 20143,
            "year": 2014,
            "quarter": 3,
            "eps": 0.19,
            "eps_growth_year": -44.12,
            "eps_4q": 1,
            "eps_4q_growth_year": -8.1,
            "roe": 1.47,
            "gross_profit": 69517,
            "gross_margin": 12.32,
            "net_income": 19693,
            "revenue": 564483,
            "common_shares": 1050000,
            "equity": 1347334,
            "current_ratio": 141.89,
            "debt_ratio": 37.55,
            "inventory_turnover_ratio": 1.57,
            "account_receivable_turnover_ratio": 0.88,
            "reinvestment_rate": 55.41,
            "research_to_sale_ratio": 1.03,
            "price_fair": 12.35,
            "eps_avg_yearly": 1.24,
            "eps_latest_yearly": 0.76,
            "eps_growth_yearly": 0.97
        },
        "20144": {
            "year_quarter": 20144,
            "year": 2014,
            "quarter": 4,
            "eps": 0.35,
            "eps_growth_year": 11.1,
            "eps_4q": 1.05,
            "eps_4q_growth_year": -3.63,
            "roe": 2.71,
            "gross_profit": 85991,
            "gross_margin": 14.52,
            "net_income": 37085,
            "revenue": 592164,
            "common_shares": 1050000,
            "equity": 1386236,
            "current_ratio": 139.66,
            "debt_ratio": 37.28,
            "inventory_turnover_ratio": 1.46,
            "account_receivable_turnover_ratio": 0.89,
            "reinvestment_rate": 56.69,
            "research_to_sale_ratio": 0.97,
            "price_fair": 38.42,
            "eps_avg_yearly": 1.23,
            "eps_latest_yearly": 1.4,
            "eps_growth_yearly": 21.36
        },
        "20151": {
            "year_quarter": 20151,
            "year": 2015,
            "quarter": 1,
            "eps": 0.21,
            "eps_growth_year": -4.55,
            "eps_4q": 1.05,
            "eps_4q_growth_year": -2.56,
            "roe": 1.57,
            "gross_profit": 65510,
            "gross_margin": 12.24,
            "net_income": 21903,
            "revenue": 535047,
            "common_shares": 1050000,
            "equity": 1407198,
            "current_ratio": 139.54,
            "debt_ratio": 37.46,
            "inventory_turnover_ratio": 1.29,
            "account_receivable_turnover_ratio": 0.8,
            "reinvestment_rate": 60.03,
            "research_to_sale_ratio": 0.92,
            "price_fair": 33.46,
            "eps_avg_yearly": 1.21,
            "eps_latest_yearly": 0.84,
            "eps_growth_yearly": 17.77
        },
        "20152": {
            "year_quarter": 20152,
            "year": 2015,
            "quarter": 2,
            "eps": 0.23,
            "eps_growth_year": -28.12,
            "eps_4q": 0.93,
            "eps_4q_growth_year": -18.53,
            "roe": 1.74,
            "gross_profit": 75281,
            "gross_margin": 12.91,
            "net_income": 24291,
            "revenue": 583094,
            "common_shares": 1050000,
            "equity": 1378441,
            "current_ratio": 133.1,
            "debt_ratio": 37.65,
            "inventory_turnover_ratio": 1.41,
            "account_receivable_turnover_ratio": 0.92,
            "reinvestment_rate": 58.84,
            "research_to_sale_ratio": 0.59,
            "price_fair": 17.78,
            "eps_avg_yearly": 1.15,
            "eps_latest_yearly": 0.92,
            "eps_growth_yearly": 5.5
        },
        "20153": {
            "year_quarter": 20153,
            "year": 2015,
            "quarter": 3,
            "eps": 0.25,
            "eps_growth_year": 31.58,
            "eps_4q": 1,
            "eps_4q_growth_year": -0.62,
            "roe": 1.93,
            "gross_profit": 77128,
            "gross_margin": 14.65,
            "net_income": 26843,
            "revenue": 526439,
            "common_shares": 1102500,
            "equity": 1408261,
            "current_ratio": 134.92,
            "debt_ratio": 37.01,
            "inventory_turnover_ratio": 1.25,
            "account_receivable_turnover_ratio": 0.85,
            "reinvestment_rate": 72.26,
            "research_to_sale_ratio": 0.73,
            "price_fair": 26.55,
            "eps_avg_yearly": 1.12,
            "eps_latest_yearly": 1,
            "eps_growth_yearly": 13.65
        },
        "20154": {
            "year_quarter": 20154,
            "year": 2015,
            "quarter": 4,
            "eps": 0.23,
            "eps_growth_year": -33.21,
            "eps_4q": 0.9,
            "eps_4q_growth_year": -14.72,
            "roe": 1.79,
            "gross_profit": 79526,
            "gross_margin": 14.31,
            "net_income": 25360,
            "revenue": 555725,
            "common_shares": 1102500,
            "equity": 1425345,
            "current_ratio": 136.82,
            "debt_ratio": 35.84,
            "inventory_turnover_ratio": 1.37,
            "account_receivable_turnover_ratio": 0.92,
            "reinvestment_rate": 40.48,
            "research_to_sale_ratio": 0.6,
            "price_fair": 21.99,
            "eps_avg_yearly": 1.09,
            "eps_latest_yearly": 0.92,
            "eps_growth_yearly": 10.22
        },
        "20161": {
            "year_quarter": 20161,
            "year": 2016,
            "quarter": 1,
            "eps": 0.16,
            "eps_growth_year": -23.81,
            "eps_4q": 0.85,
            "eps_4q_growth_year": -19.03,
            "roe": 1.18,
            "gross_profit": 68547,
            "gross_margin": 13.69,
            "net_income": 16901,
            "revenue": 500558,
            "common_shares": 1102500,
            "equity": 1440697,
            "current_ratio": 139.21,
            "debt_ratio": 34.44,
            "inventory_turnover_ratio": 1.33,
            "account_receivable_turnover_ratio": 0.88,
            "reinvestment_rate": 37.3,
            "research_to_sale_ratio": 0.77,
            "price_fair": 18.25,
            "eps_avg_yearly": 1.05,
            "eps_latest_yearly": 0.64,
            "eps_growth_yearly": 7.34
        },
        "20162": {
            "year_quarter": 20162,
            "year": 2016,
            "quarter": 2,
            "eps": 0.21,
            "eps_growth_year": -8.7,
            "eps_4q": 0.85,
            "eps_4q_growth_year": -9.03,
            "roe": 1.66,
            "gross_profit": 75801,
            "gross_margin": 15.42,
            "net_income": 23650,
            "revenue": 491588,
            "common_shares": 1102500,
            "equity": 1406309,
            "current_ratio": 127.17,
            "debt_ratio": 38.16,
            "inventory_turnover_ratio": 1.15,
            "account_receivable_turnover_ratio": 0.89,
            "reinvestment_rate": 53.17,
            "research_to_sale_ratio": 1.38,
            "price_fair": 21.35,
            "eps_avg_yearly": 1.02,
            "eps_latest_yearly": 0.84,
            "eps_growth_yearly": 10.99
        },
        "20163": {
            "year_quarter": 20163,
            "year": 2016,
            "quarter": 3,
            "eps": 0.22,
            "eps_growth_year": -12,
            "eps_4q": 0.82,
            "eps_4q_growth_year": -18.08,
            "roe": 1.69,
            "gross_profit": 79611,
            "gross_margin": 15.54,
            "net_income": 23882,
            "revenue": 512403,
            "common_shares": 1102500,
            "equity": 1426804,
            "current_ratio": 129.62,
            "debt_ratio": 37.23,
            "inventory_turnover_ratio": 1.11,
            "account_receivable_turnover_ratio": 0.94,
            "reinvestment_rate": 53.18,
            "research_to_sale_ratio": 1.32,
            "price_fair": 29.61,
            "eps_avg_yearly": 1.01,
            "eps_latest_yearly": 0.88,
            "eps_growth_yearly": 19.32
        },
        "20164": {
            "year_quarter": 20164,
            "year": 2016,
            "quarter": 4,
            "eps": 0.3,
            "eps_growth_year": 29.74,
            "eps_4q": 0.88,
            "eps_4q_growth_year": -1.35,
            "roe": 2.35,
            "gross_profit": 86482,
            "gross_margin": 14.53,
            "net_income": 33880,
            "revenue": 595214,
            "common_shares": 1102500,
            "equity": 1458645,
            "current_ratio": 126.37,
            "debt_ratio": 39.3,
            "inventory_turnover_ratio": 1.34,
            "account_receivable_turnover_ratio": 1,
            "reinvestment_rate": 57.7,
            "research_to_sale_ratio": 1.47,
            "price_fair": 30.49,
            "eps_avg_yearly": 1,
            "eps_latest_yearly": 1.2,
            "eps_growth_yearly": 20.41
        },
        "20171": {
            "year_quarter": 20171,
            "year": 2017,
            "quarter": 1,
            "eps": 0.1,
            "eps_growth_year": -37.5,
            "eps_4q": 0.83,
            "eps_4q_growth_year": -2.46,
            "roe": 0.8,
            "gross_profit": 62915,
            "gross_margin": 11.27,
            "net_income": 11638,
            "revenue": 558354,
            "common_shares": 1102500,
            "equity": 1463327,
            "current_ratio": 128.49,
            "debt_ratio": 39.32,
            "inventory_turnover_ratio": 1.26,
            "account_receivable_turnover_ratio": 0.87,
            "reinvestment_rate": 59.94,
            "research_to_sale_ratio": 1.06,
            "price_fair": 19.11,
            "eps_avg_yearly": 0.97,
            "eps_latest_yearly": 0.4,
            "eps_growth_yearly": 9.81
        },
        "20172": {
            "year_quarter": 20172,
            "year": 2017,
            "quarter": 2,
            "eps": 0.16,
            "eps_growth_year": -23.81,
            "eps_4q": 0.78,
            "eps_4q_growth_year": -7.54,
            "roe": 1.25,
            "gross_profit": 72298,
            "gross_margin": 12.45,
            "net_income": 17994,
            "revenue": 580538,
            "common_shares": 1102500,
            "equity": 1417534,
            "current_ratio": 119.34,
            "debt_ratio": 42.31,
            "inventory_turnover_ratio": 1.26,
            "account_receivable_turnover_ratio": 0.89,
            "reinvestment_rate": 64.19,
            "research_to_sale_ratio": 1.16,
            "price_fair": 33.25,
            "eps_avg_yearly": 0.95,
            "eps_latest_yearly": 0.64,
            "eps_growth_yearly": 27.81
        },
        "20173": {
            "year_quarter": 20173,
            "year": 2017,
            "quarter": 3,
            "eps": 0.27,
            "eps_growth_year": 22.73,
            "eps_4q": 0.83,
            "eps_4q_growth_year": 1.96,
            "roe": 2.14,
            "gross_profit": 81916,
            "gross_margin": 12.76,
            "net_income": 30639,
            "revenue": 642226,
            "common_shares": 1102500,
            "equity": 1450164,
            "current_ratio": 123,
            "debt_ratio": 41.79,
            "inventory_turnover_ratio": 1.4,
            "account_receivable_turnover_ratio": 0.91,
            "reinvestment_rate": 62.69,
            "research_to_sale_ratio": 1.05,
            "price_fair": 32.64,
            "eps_avg_yearly": 0.93,
            "eps_latest_yearly": 1.08,
            "eps_growth_yearly": 31.36
        },
        "20174": {
            "year_quarter": 20174,
            "year": 2017,
            "quarter": 4,
            "eps": 0.31,
            "eps_growth_year": 2.35,
            "eps_4q": 0.84,
            "eps_4q_growth_year": -5.2,
            "roe": 2.44,
            "gross_profit": 91740,
            "gross_margin": 13.71,
            "net_income": 35830,
            "revenue": 669150,
            "common_shares": 1102500,
            "equity": 1485105,
            "current_ratio": 118.7,
            "debt_ratio": 43.21,
            "inventory_turnover_ratio": 1.45,
            "account_receivable_turnover_ratio": 0.85,
            "reinvestment_rate": 61.02,
            "research_to_sale_ratio": 1.42,
            "price_fair": 32.64,
            "eps_avg_yearly": 0.93,
            "eps_latest_yearly": 1.24,
            "eps_growth_yearly": 37.27
        },
        "20181": {
            "year_quarter": 20181,
            "year": 2018,
            "quarter": 1,
            "eps": 0.26,
            "eps_growth_year": 160,
            "eps_4q": 1,
            "eps_4q_growth_year": 20.17,
            "roe": 2.01,
            "gross_profit": 89972,
            "gross_margin": 12.98,
            "net_income": 30158,
            "revenue": 693312,
            "common_shares": 1102500,
            "equity": 1517796,
            "current_ratio": 123.7,
            "debt_ratio": 41.14,
            "inventory_turnover_ratio": 1.58,
            "account_receivable_turnover_ratio": 0.85,
            "reinvestment_rate": 57.01,
            "research_to_sale_ratio": 1.25,
            "price_fair": 32.99,
            "eps_avg_yearly": 0.94,
            "eps_latest_yearly": 1.04,
            "eps_growth_yearly": 40.49
        },
        "20182": {
            "year_quarter": 20182,
            "year": 2018,
            "quarter": 2,
            "eps": 0.25,
            "eps_growth_year": 56.25,
            "eps_4q": 1.09,
            "eps_4q_growth_year": 38.86,
            "roe": 1.83,
            "gross_profit": 86379,
            "gross_margin": 13.37,
            "net_income": 27370,
            "revenue": 646144,
            "common_shares": 1102500,
            "equity": 1477729,
            "current_ratio": 117.83,
            "debt_ratio": 43.12,
            "inventory_turnover_ratio": 1.5,
            "account_receivable_turnover_ratio": 0.8,
            "reinvestment_rate": 55.33,
            "research_to_sale_ratio": 1.42,
            "price_fair": 32.38,
            "eps_avg_yearly": 0.93,
            "eps_latest_yearly": 1,
            "eps_growth_yearly": 28.17
        },
        "20183": {
            "year_quarter": 20183,
            "year": 2018,
            "quarter": 3,
            "eps": 0.2,
            "eps_growth_year": -25.93,
            "eps_4q": 1.02,
            "eps_4q_growth_year": 22.82,
            "roe": 1.49,
            "gross_profit": 85201,
            "gross_margin": 13.03,
            "net_income": 22097,
            "revenue": 653841,
            "common_shares": 1102500,
            "equity": 1493605,
            "current_ratio": 118.25,
            "debt_ratio": 41.74,
            "inventory_turnover_ratio": 1.55,
            "account_receivable_turnover_ratio": 0.81,
            "reinvestment_rate": 51.29,
            "research_to_sale_ratio": 1.52,
            "price_fair": 32.46,
            "eps_avg_yearly": 0.93,
            "eps_latest_yearly": 0.8,
            "eps_growth_yearly": 33.32
        },
        "20184": {
            "year_quarter": 20184,
            "year": 2018,
            "quarter": 4,
            "eps": 0.18,
            "eps_growth_year": -40.48,
            "eps_4q": 0.9,
            "eps_4q_growth_year": 6.91,
            "roe": 1.33,
            "gross_profit": 81534,
            "gross_margin": 12.46,
            "net_income": 19930,
            "revenue": 654599,
            "common_shares": 1102500,
            "equity": 1512442,
            "current_ratio": 117.1,
            "debt_ratio": 41.98,
            "inventory_turnover_ratio": 1.57,
            "account_receivable_turnover_ratio": 0.84,
            "reinvestment_rate": 52.08,
            "research_to_sale_ratio": 1.97,
            "price_fair": 17.5,
            "eps_avg_yearly": 0.89,
            "eps_latest_yearly": 0.72,
            "eps_growth_yearly": 9.77
        },
        "20191": {
            "year_quarter": 20191,
            "year": 2019,
            "quarter": 1,
            "eps": 0.04,
            "eps_growth_year": -84.62,
            "eps_4q": 0.59,
            "eps_4q_growth_year": -40.83,
            "roe": -0.33,
            "gross_profit": 47242,
            "gross_margin": 8.51,
            "net_income": -5032,
            "revenue": 554837,
            "common_shares": 1102500,
            "equity": 1511974,
            "current_ratio": 111.48,
            "debt_ratio": 41,
            "inventory_turnover_ratio": 1.43,
            "account_receivable_turnover_ratio": 0.75,
            "reinvestment_rate": 70.51,
            "research_to_sale_ratio": 1.46,
            "price_fair": 8.43,
            "eps_avg_yearly": 0.84,
            "eps_latest_yearly": 0.16,
            "eps_growth_yearly": 0.33
        },
        "20192": {
            "year_quarter": 20192,
            "year": 2019,
            "quarter": 2,
            "eps": 0.1,
            "eps_growth_year": -60,
            "eps_4q": 0.44,
            "eps_4q_growth_year": -59.2,
            "roe": 0.69,
            "gross_profit": 69736,
            "gross_margin": 11.73,
            "net_income": 10301,
            "revenue": 594610,
            "common_shares": 1102500,
            "equity": 1453725,
            "current_ratio": 104.06,
            "debt_ratio": 44.03,
            "inventory_turnover_ratio": 1.57,
            "account_receivable_turnover_ratio": 0.83,
            "reinvestment_rate": 83.87,
            "research_to_sale_ratio": 2.23,
            "price_fair": 28.35,
            "eps_avg_yearly": 0.81,
            "eps_latest_yearly": 0.4,
            "eps_growth_yearly": 35.45
        },
        "20193": {
            "year_quarter": 20193,
            "year": 2019,
            "quarter": 3,
            "eps": 0.14,
            "eps_growth_year": -30,
            "eps_4q": 0.38,
            "eps_4q_growth_year": -62.84,
            "roe": 1.05,
            "gross_profit": 76080,
            "gross_margin": 13.26,
            "net_income": 15366,
            "revenue": 573944,
            "common_shares": 1102500,
            "equity": 1463178,
            "current_ratio": 104.29,
            "debt_ratio": 43.71,
            "inventory_turnover_ratio": 1.44,
            "account_receivable_turnover_ratio": 0.83,
            "reinvestment_rate": 64.56,
            "research_to_sale_ratio": 1.53,
            "price_fair": 27.39,
            "eps_avg_yearly": 0.78,
            "eps_latest_yearly": 0.56,
            "eps_growth_yearly": 43.27
        },
        "20194": {
            "year_quarter": 20194,
            "year": 2019,
            "quarter": 4,
            "eps": 0.11,
            "eps_growth_year": -42.44,
            "eps_4q": 0.3,
            "eps_4q_growth_year": -66.35,
            "roe": 0.74,
            "gross_profit": 75303,
            "gross_margin": 12.73,
            "net_income": 10919,
            "revenue": 591670,
            "common_shares": 1102500,
            "equity": 1468657,
            "current_ratio": 103.83,
            "debt_ratio": 41.61,
            "inventory_turnover_ratio": 1.51,
            "account_receivable_turnover_ratio": 0.9,
            "reinvestment_rate": 86.5,
            "research_to_sale_ratio": 2.15,
            "price_fair": 26.34,
            "eps_avg_yearly": 0.75,
            "eps_latest_yearly": 0.44,
            "eps_growth_yearly": 39.91
        },
        "20201": {
            "year_quarter": 20201,
            "year": 2020,
            "quarter": 1,
            "eps": -1.12,
            "eps_growth_year": -2900,
            "eps_4q": -0.78,
            "eps_4q_growth_year": -231.68,
            "roe": -9.78,
            "gross_profit": 47308,
            "gross_margin": 9.67,
            "net_income": -136943,
            "revenue": 489210,
            "common_shares": 1102500,
            "equity": 1330657,
            "current_ratio": 100.87,
            "debt_ratio": 44.44,
            "inventory_turnover_ratio": 1.31,
            "account_receivable_turnover_ratio": 0.79,
            "reinvestment_rate": 87.53,
            "research_to_sale_ratio": 1.06,
            "price_fair": 26.6,
            "eps_avg_yearly": 0.76,
            "eps_latest_yearly": 0.44,
            "eps_growth_yearly": 50.69
        },
        "20202": {
            "year_quarter": 20202,
            "year": 2020,
            "quarter": 2,
            "eps": -0.19,
            "eps_growth_year": -290,
            "eps_4q": -1.07,
            "eps_4q_growth_year": -340.58,
            "roe": -1.64,
            "gross_profit": 27335,
            "gross_margin": 6.28,
            "net_income": -21515,
            "revenue": 435145,
            "common_shares": 1102500,
            "equity": 1287160,
            "current_ratio": 181.88,
            "debt_ratio": 44.6,
            "inventory_turnover_ratio": 1.2,
            "account_receivable_turnover_ratio": 0.76,
            "reinvestment_rate": 61.69,
            "research_to_sale_ratio": 1.22,
            "price_fair": 26.4,
            "eps_avg_yearly": 0.75,
            "eps_latest_yearly": 0.44,
            "eps_growth_yearly": 45.38
        },
        "20203": {
            "year_quarter": 20203,
            "year": 2020,
            "quarter": 3,
            "eps": -0.12,
            "eps_growth_year": -185.71,
            "eps_4q": -1.35,
            "eps_4q_growth_year": -456.14,
            "roe": -1.21,
            "gross_profit": 37186,
            "gross_margin": 8.39,
            "net_income": -15349,
            "revenue": 443372,
            "common_shares": 1102500,
            "equity": 1250506,
            "current_ratio": 167.26,
            "debt_ratio": 45.31,
            "inventory_turnover_ratio": 1.33,
            "account_receivable_turnover_ratio": 0.82,
            "reinvestment_rate": 157.85,
            "research_to_sale_ratio": 1.07,
            "price_fair": 26.06,
            "eps_avg_yearly": 0.74,
            "eps_latest_yearly": 0.44,
            "eps_growth_yearly": 47.41
        },
        "20204": {
            "year_quarter": 20204,
            "year": 2020,
            "quarter": 4,
            "eps": 0.18,
            "eps_growth_year": 74.25,
            "eps_4q": -1.28,
            "eps_4q_growth_year": -522.91,
            "roe": 1.58,
            "gross_profit": 81861,
            "gross_margin": 20.2,
            "net_income": 19912,
            "revenue": 405223,
            "common_shares": 1082500,
            "equity": 1268603,
            "current_ratio": 172.54,
            "debt_ratio": 44.8,
            "inventory_turnover_ratio": 1.21,
            "account_receivable_turnover_ratio": 0.77,
            "reinvestment_rate": 173.85,
            "research_to_sale_ratio": 2.54,
            "price_fair": 24.73,
            "eps_avg_yearly": 0.71,
            "eps_latest_yearly": 0.44,
            "eps_growth_yearly": 39.24
        },
        "20211": {
            "year_quarter": 20211,
            "year": 2021,
            "quarter": 1,
            "eps": 0.35,
            "eps_growth_year": null,
            "eps_4q": 0.21,
            "eps_4q_growth_year": null,
            "roe": 2.98,
            "gross_profit": 79720,
            "gross_margin": 18.53,
            "net_income": 38404,
            "revenue": 430145,
            "common_shares": 1082500,
            "equity": 1307143,
            "current_ratio": 181.79,
            "debt_ratio": 43.65,
            "inventory_turnover_ratio": 1.35,
            "account_receivable_turnover_ratio": 0.81,
            "reinvestment_rate": 124.36,
            "research_to_sale_ratio": 2.55,
            "price_fair": 27.65,
            "eps_avg_yearly": 0.79,
            "eps_latest_yearly": 1.4,
            "eps_growth_yearly": 92.94
        },
        "20212": {
            "year_quarter": 20212,
            "year": 2021,
            "quarter": 2,
            "eps": 0.57,
            "eps_growth_year": null,
            "eps_4q": 0.98,
            "eps_4q_growth_year": null,
            "roe": 4.79,
            "gross_profit": 101373,
            "gross_margin": 22,
            "net_income": 64160,
            "revenue": 460742,
            "common_shares": 1082500,
            "equity": 1371331,
            "current_ratio": 145.44,
            "debt_ratio": 43.17,
            "inventory_turnover_ratio": 1.25,
            "account_receivable_turnover_ratio": 0.86,
            "reinvestment_rate": 75.27,
            "research_to_sale_ratio": 1.17,
            "price_fair": 32.43,
            "eps_avg_yearly": 0.93,
            "eps_latest_yearly": 2.28,
            "eps_growth_yearly": 93.89
        },
        "20213": {
            "year_quarter": 20213,
            "year": 2021,
            "quarter": 3,
            "eps": 0.35,
            "eps_growth_year": null,
            "eps_4q": 1.46,
            "eps_4q_growth_year": null,
            "roe": 2.84,
            "gross_profit": 87569,
            "gross_margin": 17.07,
            "net_income": 39575,
            "revenue": 512967,
            "common_shares": 1082500,
            "equity": 1410889,
            "current_ratio": 146.27,
            "debt_ratio": 42.73,
            "inventory_turnover_ratio": 1.37,
            "account_receivable_turnover_ratio": 0.95,
            "reinvestment_rate": 76.21,
            "research_to_sale_ratio": 1.15,
            "price_fair": 33.37,
            "eps_avg_yearly": 0.95,
            "eps_latest_yearly": 1.4,
            "eps_growth_yearly": 58.11
        },
        "20214": {
            "year_quarter": 20214,
            "year": 2021,
            "quarter": 4,
            "eps": 0.59,
            "eps_growth_year": 218.75,
            "eps_4q": 1.86,
            "eps_4q_growth_year": null,
            "roe": 4.56,
            "gross_profit": 103936,
            "gross_margin": 17.06,
            "net_income": 65886,
            "revenue": 609077,
            "common_shares": 1082500,
            "equity": 1478405,
            "current_ratio": 149.61,
            "debt_ratio": 42.98,
            "inventory_turnover_ratio": 1.57,
            "account_receivable_turnover_ratio": 1,
            "reinvestment_rate": 43.74,
            "research_to_sale_ratio": 1,
            "price_fair": 36.63,
            "eps_avg_yearly": 1.05,
            "eps_latest_yearly": 2.36,
            "eps_growth_yearly": 76.03
        },
        "20221": {
            "year_quarter": 20221,
            "year": 2022,
            "quarter": 1,
            "eps": 0.37,
            "eps_growth_year": 5.71,
            "eps_4q": 1.88,
            "eps_4q_growth_year": 786.48,
            "roe": 2.65,
            "gross_profit": 101888,
            "gross_margin": 16.94,
            "net_income": 39695,
            "revenue": 601496,
            "common_shares": 1082500,
            "equity": 1519735,
            "current_ratio": 148.01,
            "debt_ratio": 41.76,
            "inventory_turnover_ratio": 1.55,
            "account_receivable_turnover_ratio": 0.91,
            "reinvestment_rate": 38.65,
            "research_to_sale_ratio": 0.93,
            "price_fair": 37.92,
            "eps_avg_yearly": 1.08,
            "eps_latest_yearly": 1.48,
            "eps_growth_yearly": 68.98
        },
        "20222": {
            "year_quarter": 20222,
            "year": 2022,
            "quarter": 2,
            "eps": 0.31,
            "eps_growth_year": -45.61,
            "eps_4q": 1.62,
            "eps_4q_growth_year": 66.07,
            "roe": 2.5,
            "gross_profit": 53141,
            "gross_margin": 9.57,
            "net_income": 37704,
            "revenue": 555350,
            "common_shares": 1082500,
            "equity": 1500005,
            "current_ratio": 121.66,
            "debt_ratio": 45.89,
            "inventory_turnover_ratio": 1.4,
            "account_receivable_turnover_ratio": 0.91,
            "reinvestment_rate": 71.16,
            "research_to_sale_ratio": 1.07,
            "price_fair": 38.62,
            "eps_avg_yearly": 1.1,
            "eps_latest_yearly": 1.24,
            "eps_growth_yearly": 64.86
        },
        "20223": {
            "year_quarter": 20223,
            "year": 2022,
            "quarter": 3,
            "eps": -0.09,
            "eps_growth_year": -125.71,
            "eps_4q": 1.18,
            "eps_4q_growth_year": -19.11,
            "roe": -0.63,
            "gross_profit": 43213,
            "gross_margin": 7.41,
            "net_income": -9350,
            "revenue": 583561,
            "common_shares": 1082500,
            "equity": 1491179,
            "current_ratio": 159.71,
            "debt_ratio": 49.01,
            "inventory_turnover_ratio": 1.45,
            "account_receivable_turnover_ratio": 0.98,
            "reinvestment_rate": 130.72,
            "research_to_sale_ratio": 1,
            "price_fair": 39.58,
            "eps_avg_yearly": 1.13,
            "eps_latest_yearly": 1.24,
            "eps_growth_yearly": 78.02
        },
        "20224": {
            "year_quarter": 20224,
            "year": 2022,
            "quarter": 4,
            "eps": 0.51,
            "eps_growth_year": -12.28,
            "eps_4q": 1.11,
            "eps_4q_growth_year": -40.51,
            "roe": 3.85,
            "gross_profit": 83704,
            "gross_margin": 14.78,
            "net_income": 59071,
            "revenue": 566262,
            "common_shares": 1082500,
            "equity": 1579022,
            "current_ratio": 169.54,
            "debt_ratio": 44.69,
            "inventory_turnover_ratio": 1.5,
            "account_receivable_turnover_ratio": 0.95,
            "reinvestment_rate": 130.05,
            "research_to_sale_ratio": 1.07,
            "price_fair": 41.02,
            "eps_avg_yearly": 1.17,
            "eps_latest_yearly": 1.24,
            "eps_growth_yearly": 89.83
        },
        "20231": {
            "year_quarter": 20231,
            "year": 2023,
            "quarter": 1,
            "eps": 0.27,
            "eps_growth_year": -27.03,
            "eps_4q": 1.01,
            "eps_4q_growth_year": -45.99,
            "roe": 2.08,
            "gross_profit": 44008,
            "gross_margin": 9.94,
            "net_income": 32521,
            "revenue": 442574,
            "common_shares": 1082500,
            "equity": 1541654,
            "current_ratio": 212.03,
            "debt_ratio": 43.49,
            "inventory_turnover_ratio": 1.38,
            "account_receivable_turnover_ratio": 0.83,
            "reinvestment_rate": 87.12,
            "research_to_sale_ratio": 1.32,
            "price_fair": 44.24,
            "eps_avg_yearly": 1.26,
            "eps_latest_yearly": 1.08,
            "eps_growth_yearly": 102.11
        }
    },
    "months": {
        "2001-06": {
            "month": "2001-06",
            "price": "10.37",
            "revenue": 48560
        },
        "2001-07": {
            "month": "2001-07",
            "price": "9.75",
            "revenue": 53812
        },
        "2001-08": {
            "month": "2001-08",
            "price": "7.93",
            "revenue": 59476
        },
        "2001-09": {
            "month": "2001-09",
            "price": "6.12",
            "revenue": 54842
        },
        "2001-10": {
            "month": "2001-10",
            "price": "4.66",
            "revenue": 60316
        },
        "2001-11": {
            "month": "2001-11",
            "price": "6.41",
            "revenue": 63651
        },
        "2001-12": {
            "month": "2001-12",
            "price": "7.02",
            "revenue": 60008
        },
        "2002-01": {
            "month": "2002-01",
            "price": "8.09",
            "revenue": 56299
        },
        "2002-02": {
            "month": "2002-02",
            "price": "9.99",
            "revenue": 41547
        },
        "2002-03": {
            "month": "2002-03",
            "price": "9.98",
            "revenue": 70497
        },
        "2002-04": {
            "month": "2002-04",
            "price": "11.49",
            "revenue": 61530
        },
        "2002-05": {
            "month": "2002-05",
            "price": "10.18",
            "revenue": 63736
        },
        "2002-06": {
            "month": "2002-06",
            "price": "10.70",
            "revenue": 61612
        },
        "2002-07": {
            "month": "2002-07",
            "price": "10.20",
            "revenue": 61453
        },
        "2002-08": {
            "month": "2002-08",
            "price": "9.23",
            "revenue": 60811
        },
        "2002-09": {
            "month": "2002-09",
            "price": "8.08",
            "revenue": 63019
        },
        "2002-10": {
            "month": "2002-10",
            "price": "7.68",
            "revenue": 72372
        },
        "2002-11": {
            "month": "2002-11",
            "price": "8.06",
            "revenue": 69679
        },
        "2002-12": {
            "month": "2002-12",
            "price": "8.35",
            "revenue": 64029
        },
        "2003-01": {
            "month": "2003-01",
            "price": "8.92",
            "revenue": 63391
        },
        "2003-02": {
            "month": "2003-02",
            "price": "8.62",
            "revenue": 49181
        },
        "2003-03": {
            "month": "2003-03",
            "price": "8.22",
            "revenue": 66040
        },
        "2003-04": {
            "month": "2003-04",
            "price": "8.68",
            "revenue": 62390
        },
        "2003-05": {
            "month": "2003-05",
            "price": "9.86",
            "revenue": 67481
        },
        "2003-06": {
            "month": "2003-06",
            "price": "9.64",
            "revenue": 61971
        },
        "2003-07": {
            "month": "2003-07",
            "price": "9.72",
            "revenue": 72689
        },
        "2003-08": {
            "month": "2003-08",
            "price": "9.63",
            "revenue": 64049
        },
        "2003-09": {
            "month": "2003-09",
            "price": "9.44",
            "revenue": 65806
        },
        "2003-10": {
            "month": "2003-10",
            "price": "9.45",
            "revenue": 81621
        },
        "2003-11": {
            "month": "2003-11",
            "price": "9.67",
            "revenue": 73705
        },
        "2003-12": {
            "month": "2003-12",
            "price": "9.49",
            "revenue": 75786
        },
        "2004-01": {
            "month": "2004-01",
            "price": "10.54",
            "revenue": 57432
        },
        "2004-02": {
            "month": "2004-02",
            "price": "12.16",
            "revenue": 65720
        },
        "2004-03": {
            "month": "2004-03",
            "price": "11.85",
            "revenue": 79597
        },
        "2004-04": {
            "month": "2004-04",
            "price": "12.72",
            "revenue": 77532
        },
        "2004-05": {
            "month": "2004-05",
            "price": "11.84",
            "revenue": 83605
        },
        "2004-06": {
            "month": "2004-06",
            "price": "11.72",
            "revenue": 86989
        },
        "2004-07": {
            "month": "2004-07",
            "price": "11.76",
            "revenue": 90101
        },
        "2004-08": {
            "month": "2004-08",
            "price": "11.45",
            "revenue": 83750
        },
        "2004-09": {
            "month": "2004-09",
            "price": "11.84",
            "revenue": 98609
        },
        "2004-10": {
            "month": "2004-10",
            "price": "12.08",
            "revenue": 91756
        },
        "2004-11": {
            "month": "2004-11",
            "price": "11.72",
            "revenue": 101183
        },
        "2004-12": {
            "month": "2004-12",
            "price": "11.50",
            "revenue": 93612
        },
        "2005-01": {
            "month": "2005-01",
            "price": "11.57",
            "revenue": 85464
        },
        "2005-02": {
            "month": "2005-02",
            "price": "11.47",
            "revenue": 65403
        },
        "2005-03": {
            "month": "2005-03",
            "price": "11.02",
            "revenue": 100350
        },
        "2005-04": {
            "month": "2005-04",
            "price": "11.30",
            "revenue": 104090
        },
        "2005-05": {
            "month": "2005-05",
            "price": "11.67",
            "revenue": 97443
        },
        "2005-06": {
            "month": "2005-06",
            "price": "11.57",
            "revenue": 92955
        },
        "2005-07": {
            "month": "2005-07",
            "price": "11.37",
            "revenue": 93575
        },
        "2005-08": {
            "month": "2005-08",
            "price": "10.42",
            "revenue": 96526
        },
        "2005-09": {
            "month": "2005-09",
            "price": "9.85",
            "revenue": 92586
        },
        "2005-10": {
            "month": "2005-10",
            "price": "10.28",
            "revenue": 88531
        },
        "2005-11": {
            "month": "2005-11",
            "price": "10.58",
            "revenue": 90541
        },
        "2005-12": {
            "month": "2005-12",
            "price": "10.13",
            "revenue": 95231
        },
        "2006-01": {
            "month": "2006-01",
            "price": "10.09",
            "revenue": 75170
        },
        "2006-02": {
            "month": "2006-02",
            "price": "9.98",
            "revenue": 68889
        },
        "2006-03": {
            "month": "2006-03",
            "price": "9.73",
            "revenue": 95093
        },
        "2006-04": {
            "month": "2006-04",
            "price": "9.90",
            "revenue": 91819
        },
        "2006-05": {
            "month": "2006-05",
            "price": "10.25",
            "revenue": 94532
        },
        "2006-06": {
            "month": "2006-06",
            "price": "9.64",
            "revenue": 96334
        },
        "2006-07": {
            "month": "2006-07",
            "price": "9.47",
            "revenue": 93029
        },
        "2006-08": {
            "month": "2006-08",
            "price": "9.48",
            "revenue": 113386
        },
        "2006-09": {
            "month": "2006-09",
            "price": "9.10",
            "revenue": 100037
        },
        "2006-10": {
            "month": "2006-10",
            "price": "9.56",
            "revenue": 98420
        },
        "2006-11": {
            "month": "2006-11",
            "price": "9.51",
            "revenue": 105969
        },
        "2006-12": {
            "month": "2006-12",
            "price": "9.87",
            "revenue": 94835
        },
        "2007-01": {
            "month": "2007-01",
            "price": "10.13",
            "revenue": 85532
        },
        "2007-02": {
            "month": "2007-02",
            "price": "10.04",
            "revenue": 63383
        },
        "2007-03": {
            "month": "2007-03",
            "price": "9.66",
            "revenue": 91848
        },
        "2007-04": {
            "month": "2007-04",
            "price": "11.30",
            "revenue": 86878
        },
        "2007-05": {
            "month": "2007-05",
            "price": "10.78",
            "revenue": 98941
        },
        "2007-06": {
            "month": "2007-06",
            "price": "10.98",
            "revenue": 101007
        },
        "2007-07": {
            "month": "2007-07",
            "price": "17.18",
            "revenue": 111756
        },
        "2007-08": {
            "month": "2007-08",
            "price": "17.85",
            "revenue": 102372
        },
        "2007-09": {
            "month": "2007-09",
            "price": "19.88",
            "revenue": 110895
        },
        "2007-10": {
            "month": "2007-10",
            "price": "19.00",
            "revenue": 111857
        },
        "2007-11": {
            "month": "2007-11",
            "price": "14.21",
            "revenue": 125797
        },
        "2007-12": {
            "month": "2007-12",
            "price": "12.57",
            "revenue": 125820
        },
        "2008-01": {
            "month": "2008-01",
            "price": "11.60",
            "revenue": 150080
        },
        "2008-02": {
            "month": "2008-02",
            "price": "13.01",
            "revenue": 125178
        },
        "2008-03": {
            "month": "2008-03",
            "price": "14.21",
            "revenue": 164548
        },
        "2008-04": {
            "month": "2008-04",
            "price": "19.20",
            "revenue": 163019
        },
        "2008-05": {
            "month": "2008-05",
            "price": "28.10",
            "revenue": 201491
        },
        "2008-06": {
            "month": "2008-06",
            "price": "22.98",
            "revenue": 237092
        },
        "2008-07": {
            "month": "2008-07",
            "price": "22.11",
            "revenue": 261868
        },
        "2008-08": {
            "month": "2008-08",
            "price": "20.11",
            "revenue": 214424
        },
        "2008-09": {
            "month": "2008-09",
            "price": "15.66",
            "revenue": 198683
        },
        "2008-10": {
            "month": "2008-10",
            "price": "14.19",
            "revenue": 191132
        },
        "2008-11": {
            "month": "2008-11",
            "price": "14.06",
            "revenue": 113334
        },
        "2008-12": {
            "month": "2008-12",
            "price": "13.42",
            "revenue": 118140
        },
        "2009-01": {
            "month": "2009-01",
            "price": "13.45",
            "revenue": 82466
        },
        "2009-02": {
            "month": "2009-02",
            "price": "14.28",
            "revenue": 92844
        },
        "2009-03": {
            "month": "2009-03",
            "price": "15.56",
            "revenue": 100612
        },
        "2009-04": {
            "month": "2009-04",
            "price": "16.70",
            "revenue": 93701
        },
        "2009-05": {
            "month": "2009-05",
            "price": "15.86",
            "revenue": 93770
        },
        "2009-06": {
            "month": "2009-06",
            "price": "15.33",
            "revenue": 120122
        },
        "2009-07": {
            "month": "2009-07",
            "price": "14.84",
            "revenue": 105555
        },
        "2009-08": {
            "month": "2009-08",
            "price": "15.43",
            "revenue": 106548
        },
        "2009-09": {
            "month": "2009-09",
            "price": "15.02",
            "revenue": 115435
        },
        "2009-10": {
            "month": "2009-10",
            "price": "15.41",
            "revenue": 106978
        },
        "2009-11": {
            "month": "2009-11",
            "price": "15.35",
            "revenue": 107656
        },
        "2009-12": {
            "month": "2009-12",
            "price": "18.16",
            "revenue": 128550
        },
        "2010-01": {
            "month": "2010-01",
            "price": "22.54",
            "revenue": 111599
        },
        "2010-02": {
            "month": "2010-02",
            "price": "19.30",
            "revenue": 119501
        },
        "2010-03": {
            "month": "2010-03",
            "price": "23.96",
            "revenue": 153149
        },
        "2010-04": {
            "month": "2010-04",
            "price": "27.40",
            "revenue": 150276
        },
        "2010-05": {
            "month": "2010-05",
            "price": "24.84",
            "revenue": 153153
        },
        "2010-06": {
            "month": "2010-06",
            "price": "23.85",
            "revenue": 154783
        },
        "2010-07": {
            "month": "2010-07",
            "price": "26.32",
            "revenue": 163097
        },
        "2010-08": {
            "month": "2010-08",
            "price": "30.06",
            "revenue": 155351
        },
        "2010-09": {
            "month": "2010-09",
            "price": "28.54",
            "revenue": 143671
        },
        "2010-10": {
            "month": "2010-10",
            "price": "28.72",
            "revenue": 148238
        },
        "2010-11": {
            "month": "2010-11",
            "price": "25.50",
            "revenue": 174949
        },
        "2010-12": {
            "month": "2010-12",
            "price": "27.10",
            "revenue": 176276
        },
        "2011-01": {
            "month": "2011-01",
            "price": "28.23",
            "revenue": 170777
        },
        "2011-02": {
            "month": "2011-02",
            "price": "28.44",
            "revenue": 131913
        },
        "2011-03": {
            "month": "2011-03",
            "price": "28.78",
            "revenue": 185613
        },
        "2011-04": {
            "month": "2011-04",
            "price": "29.11",
            "revenue": 173903
        },
        "2011-05": {
            "month": "2011-05",
            "price": "26.07",
            "revenue": 159995
        },
        "2011-06": {
            "month": "2011-06",
            "price": "24.10",
            "revenue": 198349
        },
        "2011-07": {
            "month": "2011-07",
            "price": "24.36",
            "revenue": 182813
        },
        "2011-08": {
            "month": "2011-08",
            "price": "19.98",
            "revenue": 188828
        },
        "2011-09": {
            "month": "2011-09",
            "price": "19.09",
            "revenue": 162390
        },
        "2011-10": {
            "month": "2011-10",
            "price": "17.91",
            "revenue": 167708
        },
        "2011-11": {
            "month": "2011-11",
            "price": "17.68",
            "revenue": 171993
        },
        "2011-12": {
            "month": "2011-12",
            "price": "17.52",
            "revenue": 180507
        },
        "2012-01": {
            "month": "2012-01",
            "price": "17.76",
            "revenue": 148937
        },
        "2012-02": {
            "month": "2012-02",
            "price": "21.61",
            "revenue": 172121
        },
        "2012-03": {
            "month": "2012-03",
            "price": "21.25",
            "revenue": 187616
        },
        "2012-04": {
            "month": "2012-04",
            "price": "19.64",
            "revenue": 184065
        },
        "2012-05": {
            "month": "2012-05",
            "price": "18.44",
            "revenue": 192220
        },
        "2012-06": {
            "month": "2012-06",
            "price": "18.00",
            "revenue": 190580
        },
        "2012-07": {
            "month": "2012-07",
            "price": "18.65",
            "revenue": 196645
        },
        "2012-08": {
            "month": "2012-08",
            "price": "19.28",
            "revenue": 214039
        },
        "2012-09": {
            "month": "2012-09",
            "price": "20.94",
            "revenue": 182784
        },
        "2012-10": {
            "month": "2012-10",
            "price": "19.01",
            "revenue": 192950
        },
        "2012-11": {
            "month": "2012-11",
            "price": "17.60",
            "revenue": 172357
        },
        "2012-12": {
            "month": "2012-12",
            "price": "18.27",
            "revenue": 170274
        },
        "2013-01": {
            "month": "2013-01",
            "price": "18.17",
            "revenue": 183887
        },
        "2013-02": {
            "month": "2013-02",
            "price": "17.96",
            "revenue": 141259
        },
        "2013-03": {
            "month": "2013-03",
            "price": "17.64",
            "revenue": 192750
        },
        "2013-04": {
            "month": "2013-04",
            "price": "17.96",
            "revenue": 170998
        },
        "2013-05": {
            "month": "2013-05",
            "price": "18.07",
            "revenue": 185820
        },
        "2013-06": {
            "month": "2013-06",
            "price": "18.34",
            "revenue": 161533
        },
        "2013-07": {
            "month": "2013-07",
            "price": "18.64",
            "revenue": 180615
        },
        "2013-08": {
            "month": "2013-08",
            "price": "17.35",
            "revenue": 172906
        },
        "2013-09": {
            "month": "2013-09",
            "price": "17.01",
            "revenue": 157126
        },
        "2013-10": {
            "month": "2013-10",
            "price": "17.26",
            "revenue": 189775
        },
        "2013-11": {
            "month": "2013-11",
            "price": "16.81",
            "revenue": 161698
        },
        "2013-12": {
            "month": "2013-12",
            "price": "16.88",
            "revenue": 181374
        },
        "2014-01": {
            "month": "2014-01",
            "price": "17.38",
            "revenue": 162001
        },
        "2014-02": {
            "month": "2014-02",
            "price": "17.07",
            "revenue": 146218
        },
        "2014-03": {
            "month": "2014-03",
            "price": "16.90",
            "revenue": 165194
        },
        "2014-04": {
            "month": "2014-04",
            "price": "17.20",
            "revenue": 192043
        },
        "2014-05": {
            "month": "2014-05",
            "price": "17.73",
            "revenue": 197175
        },
        "2014-06": {
            "month": "2014-06",
            "price": "19.09",
            "revenue": 199084
        },
        "2014-07": {
            "month": "2014-07",
            "price": "21.20",
            "revenue": 190441
        },
        "2014-08": {
            "month": "2014-08",
            "price": "19.62",
            "revenue": 187880
        },
        "2014-09": {
            "month": "2014-09",
            "price": "17.98",
            "revenue": 191521
        },
        "2014-10": {
            "month": "2014-10",
            "price": "17.34",
            "revenue": 205751
        },
        "2014-11": {
            "month": "2014-11",
            "price": "17.81",
            "revenue": 177512
        },
        "2014-12": {
            "month": "2014-12",
            "price": "18.60",
            "revenue": 211027
        },
        "2015-01": {
            "month": "2015-01",
            "price": "19.75",
            "revenue": 188646
        },
        "2015-02": {
            "month": "2015-02",
            "price": "18.99",
            "revenue": 148574
        },
        "2015-03": {
            "month": "2015-03",
            "price": "18.37",
            "revenue": 197774
        },
        "2015-04": {
            "month": "2015-04",
            "price": "18.86",
            "revenue": 216019
        },
        "2015-05": {
            "month": "2015-05",
            "price": "18.46",
            "revenue": 183359
        },
        "2015-06": {
            "month": "2015-06",
            "price": "17.67",
            "revenue": 183281
        },
        "2015-07": {
            "month": "2015-07",
            "price": "17.43",
            "revenue": 172810
        },
        "2015-08": {
            "month": "2015-08",
            "price": "15.63",
            "revenue": 184618
        },
        "2015-09": {
            "month": "2015-09",
            "price": "14.76",
            "revenue": 169034
        },
        "2015-10": {
            "month": "2015-10",
            "price": "15.11",
            "revenue": 208932
        },
        "2015-11": {
            "month": "2015-11",
            "price": "15.35",
            "revenue": 173990
        },
        "2015-12": {
            "month": "2015-12",
            "price": "15.00",
            "revenue": 172664
        },
        "2016-01": {
            "month": "2016-01",
            "price": "13.81",
            "revenue": 168920
        },
        "2016-02": {
            "month": "2016-02",
            "price": "13.83",
            "revenue": 135927
        },
        "2016-03": {
            "month": "2016-03",
            "price": "14.46",
            "revenue": 196018
        },
        "2016-04": {
            "month": "2016-04",
            "price": "14.03",
            "revenue": 148602
        },
        "2016-05": {
            "month": "2016-05",
            "price": "12.98",
            "revenue": 169609
        },
        "2016-06": {
            "month": "2016-06",
            "price": "12.95",
            "revenue": 173474
        },
        "2016-07": {
            "month": "2016-07",
            "price": "12.70",
            "revenue": 161615
        },
        "2016-08": {
            "month": "2016-08",
            "price": "12.64",
            "revenue": 179080
        },
        "2016-09": {
            "month": "2016-09",
            "price": "12.96",
            "revenue": 171487
        },
        "2016-10": {
            "month": "2016-10",
            "price": "12.85",
            "revenue": 188714
        },
        "2016-11": {
            "month": "2016-11",
            "price": "12.58",
            "revenue": 197841
        },
        "2016-12": {
            "month": "2016-12",
            "price": "13.11",
            "revenue": 210457
        },
        "2017-01": {
            "month": "2017-01",
            "price": "13.23",
            "revenue": 179703
        },
        "2017-02": {
            "month": "2017-02",
            "price": "13.96",
            "revenue": 169246
        },
        "2017-03": {
            "month": "2017-03",
            "price": "13.95",
            "revenue": 209379
        },
        "2017-04": {
            "month": "2017-04",
            "price": "13.77",
            "revenue": 158922
        },
        "2017-05": {
            "month": "2017-05",
            "price": "13.21",
            "revenue": 201985
        },
        "2017-06": {
            "month": "2017-06",
            "price": "12.83",
            "revenue": 219624
        },
        "2017-07": {
            "month": "2017-07",
            "price": "12.72",
            "revenue": 217945
        },
        "2017-08": {
            "month": "2017-08",
            "price": "12.48",
            "revenue": 218578
        },
        "2017-09": {
            "month": "2017-09",
            "price": "12.76",
            "revenue": 205494
        },
        "2017-10": {
            "month": "2017-10",
            "price": "12.89",
            "revenue": 211317
        },
        "2017-11": {
            "month": "2017-11",
            "price": "13.45",
            "revenue": 233124
        },
        "2017-12": {
            "month": "2017-12",
            "price": "14.34",
            "revenue": 224053
        },
        "2018-01": {
            "month": "2018-01",
            "price": "15.76",
            "revenue": 246465
        },
        "2018-02": {
            "month": "2018-02",
            "price": "14.52",
            "revenue": 191345
        },
        "2018-03": {
            "month": "2018-03",
            "price": "14.87",
            "revenue": 255652
        },
        "2018-04": {
            "month": "2018-04",
            "price": "15.25",
            "revenue": 225793
        },
        "2018-05": {
            "month": "2018-05",
            "price": "15.43",
            "revenue": 208088
        },
        "2018-06": {
            "month": "2018-06",
            "price": "14.95",
            "revenue": 212574
        },
        "2018-07": {
            "month": "2018-07",
            "price": "14.25",
            "revenue": 204338
        },
        "2018-08": {
            "month": "2018-08",
            "price": "13.98",
            "revenue": 229617
        },
        "2018-09": {
            "month": "2018-09",
            "price": "14.72",
            "revenue": 219135
        },
        "2018-10": {
            "month": "2018-10",
            "price": "14.42",
            "revenue": 240878
        },
        "2018-11": {
            "month": "2018-11",
            "price": "14.13",
            "revenue": 200397
        },
        "2018-12": {
            "month": "2018-12",
            "price": "14.22",
            "revenue": 213448
        },
        "2019-01": {
            "month": "2019-01",
            "price": "14.03",
            "revenue": 215510
        },
        "2019-02": {
            "month": "2019-02",
            "price": "14.15",
            "revenue": 150611
        },
        "2019-03": {
            "month": "2019-03",
            "price": "14.14",
            "revenue": 188872
        },
        "2019-04": {
            "month": "2019-04",
            "price": "14.06",
            "revenue": 203815
        },
        "2019-05": {
            "month": "2019-05",
            "price": "13.25",
            "revenue": 214201
        },
        "2019-06": {
            "month": "2019-06",
            "price": "13.16",
            "revenue": 176630
        },
        "2019-07": {
            "month": "2019-07",
            "price": "13.00",
            "revenue": 193515
        },
        "2019-08": {
            "month": "2019-08",
            "price": "12.47",
            "revenue": 211646
        },
        "2019-09": {
            "month": "2019-09",
            "price": "12.37",
            "revenue": 168799
        },
        "2019-10": {
            "month": "2019-10",
            "price": "11.86",
            "revenue": 215388
        },
        "2019-11": {
            "month": "2019-11",
            "price": "11.85",
            "revenue": 190684
        },
        "2019-12": {
            "month": "2019-12",
            "price": "11.78",
            "revenue": 185809
        },
        "2020-01": {
            "month": "2020-01",
            "price": "11.87",
            "revenue": 161650
        },
        "2020-02": {
            "month": "2020-02",
            "price": "11.48",
            "revenue": 160832
        },
        "2020-03": {
            "month": "2020-03",
            "price": "9.53",
            "revenue": 166749
        },
        "2020-04": {
            "month": "2020-04",
            "price": "9.03",
            "revenue": 151082
        },
        "2020-05": {
            "month": "2020-05",
            "price": "9.40",
            "revenue": 149425
        },
        "2020-06": {
            "month": "2020-06",
            "price": "9.47",
            "revenue": 134801
        },
        "2020-07": {
            "month": "2020-07",
            "price": "9.71",
            "revenue": 138401
        },
        "2020-08": {
            "month": "2020-08",
            "price": "10.35",
            "revenue": 140909
        },
        "2020-09": {
            "month": "2020-09",
            "price": "10.96",
            "revenue": 164133
        },
        "2020-10": {
            "month": "2020-10",
            "price": "10.84",
            "revenue": 145753
        },
        "2020-11": {
            "month": "2020-11",
            "price": "10.79",
            "revenue": 152575
        },
        "2020-12": {
            "month": "2020-12",
            "price": "11.15",
            "revenue": 144827
        },
        "2021-01": {
            "month": "2021-01",
            "price": "10.93",
            "revenue": 156461
        },
        "2021-02": {
            "month": "2021-02",
            "price": "10.85",
            "revenue": 114754
        },
        "2021-03": {
            "month": "2021-03",
            "price": "11.04",
            "revenue": 163192
        },
        "2021-04": {
            "month": "2021-04",
            "price": "12.56",
            "revenue": 157320
        },
        "2021-05": {
            "month": "2021-05",
            "price": "12.17",
            "revenue": 148585
        },
        "2021-06": {
            "month": "2021-06",
            "price": "14.61",
            "revenue": 154334
        },
        "2021-07": {
            "month": "2021-07",
            "price": "15.22",
            "revenue": 169359
        },
        "2021-08": {
            "month": "2021-08",
            "price": "16.52",
            "revenue": 164839
        },
        "2021-09": {
            "month": "2021-09",
            "price": "28.57",
            "revenue": 175010
        },
        "2021-10": {
            "month": "2021-10",
            "price": "39.52",
            "revenue": 185606
        },
        "2021-11": {
            "month": "2021-11",
            "price": "51.37",
            "revenue": 189000
        },
        "2021-12": {
            "month": "2021-12",
            "price": "49.80",
            "revenue": 234471
        },
        "2022-01": {
            "month": "2022-01",
            "price": "45.12",
            "revenue": 177535
        },
        "2022-02": {
            "month": "2022-02",
            "price": "41.35",
            "revenue": 190368
        },
        "2022-03": {
            "month": "2022-03",
            "price": "43.16",
            "revenue": 233593
        },
        "2022-04": {
            "month": "2022-04",
            "price": "47.16",
            "revenue": 181274
        },
        "2022-05": {
            "month": "2022-05",
            "price": "39.16",
            "revenue": 195523
        },
        "2022-06": {
            "month": "2022-06",
            "price": "39.22",
            "revenue": 178553
        },
        "2022-07": {
            "month": "2022-07",
            "price": "31.49",
            "revenue": 192762
        },
        "2022-08": {
            "month": "2022-08",
            "price": "31.83",
            "revenue": 192152
        },
        "2022-09": {
            "month": "2022-09",
            "price": "29.11",
            "revenue": 198647
        },
        "2022-10": {
            "month": "2022-10",
            "price": "24.80",
            "revenue": 179392
        },
        "2022-11": {
            "month": "2022-11",
            "price": "25.03",
            "revenue": 204490
        },
        "2022-12": {
            "month": "2022-12",
            "price": "26.92",
            "revenue": 182380
        },
        "2023-01": {
            "month": "2023-01",
            "price": "24.85",
            "revenue": 133909
        },
        "2023-02": {
            "month": "2023-02",
            "price": "26.67",
            "revenue": 147732
        },
        "2023-03": {
            "month": "2023-03",
            "price": "25.98",
            "revenue": 160933
        },
        "2023-04": {
            "month": "2023-04",
            "price": "29.32",
            "revenue": 133444
        }
    }
}
