{
    "summary": {
        "stock_name": "必翔",
        "stock_id": "1729",
        "category": "生技醫療",
        "main_business": "各種殘障用車、電動代步車及其零件製造、加工及買賣業務。",
        "website_url": "",
        "ceo": "伍蔣清明",
        "pe_ratio": -124,
        "report_year_from": 2001,
        "report_year_to": 2017,
        "age": 22,
        "eps_negative_percentage": 25,
        "eps_growth_avg": {
            "last_all": -43.17,
            "last_2y": -100,
            "last_4y": -100,
            "last_8y": -71.05,
            "last_12y": -51.56,
            "last_16y": null,
            "last_20y": null,
            "at_2006_last_3y": -11.63,
            "at_2007_last_3y": -22.32,
            "at_2008_last_3y": -22.24,
            "at_2009_last_3y": -40.83,
            "at_2010_last_3y": -51.66,
            "at_2011_last_3y": -56.58,
            "at_2012_last_3y": -72.2,
            "at_2013_last_3y": -66.27,
            "at_2014_last_3y": -78.57,
            "at_2015_last_3y": -100,
            "at_2016_last_3y": -100,
            "at_2017_last_3y": -100,
            "at_2018_last_3y": -100,
            "at_2019_last_3y": -100,
            "at_2020_last_3y": -100,
            "at_2021_last_3y": -100,
            "at_2022_last_3y": -100,
            "at_2023_last_3y": -100,
            "at_2006_last_all": -10.86,
            "at_2007_last_all": -15.29,
            "at_2008_last_all": -18.46,
            "at_2009_last_all": -27.41,
            "at_2010_last_all": -28.99,
            "at_2011_last_all": -31.81,
            "at_2012_last_all": -38.01,
            "at_2013_last_all": -38.01,
            "at_2014_last_all": -38.01,
            "at_2015_last_all": -43.17,
            "at_2016_last_all": -43.17,
            "at_2017_last_all": -43.17,
            "at_2018_last_all": -43.17,
            "at_2019_last_all": -43.17,
            "at_2020_last_all": -43.17,
            "at_2021_last_all": -43.17,
            "at_2022_last_all": -43.17,
            "at_2023_last_all": -43.17
        },
        "latest_eps": -0.14,
        "latest_price": 17.3,
        "latest_roe": -2.68,
        "latest_gross_margin": 5.79,
        "latest_equity": 3695439,
        "latest_revenue": 267332,
        "latest_gross_profit": 15491,
        "latest_net_income": -183843,
        "latest_debt_ratio": 23.66,
        "latest_current_ratio": 291.8,
        "latest_account_receivable_turnover_ratio": 0.96,
        "latest_inventory_turnover_ratio": 0.41,
        "latest_reinvestment_rate": null,
        "latest_research_to_sale_ratio": 7.17
    },
    "eps_dividends": {
        "1998": {
            "cash": 0,
            "stock": 2.44,
            "eps": 0
        },
        "1999": {
            "cash": 0,
            "stock": 3,
            "eps": 0
        },
        "2000": {
            "cash": 0,
            "stock": 3,
            "eps": 0
        },
        "2001": {
            "cash": 0.3,
            "stock": 3.5,
            "eps": 5.93
        },
        "2002": {
            "cash": 2,
            "stock": 2,
            "eps": 5.47
        },
        "2003": {
            "cash": 4,
            "stock": 0.5,
            "eps": 5.76
        },
        "2004": {
            "cash": 4.5,
            "stock": 0.3,
            "eps": 3.58
        },
        "2005": {
            "cash": 2.9,
            "stock": 0.1,
            "eps": 3.02
        },
        "2006": {
            "cash": 2.63,
            "stock": 0,
            "eps": 3.07
        },
        "2007": {
            "cash": 2.65,
            "stock": 0,
            "eps": 1.92
        },
        "2008": {
            "cash": 1.6,
            "stock": 0,
            "eps": 1.2
        },
        "2009": {
            "cash": 1.05,
            "stock": 0,
            "eps": 0.12
        },
        "2010": {
            "cash": 0,
            "stock": 0,
            "eps": 0.07
        },
        "2011": {
            "cash": 0,
            "stock": 0,
            "eps": 0.03
        },
        "2012": {
            "cash": 0,
            "stock": 0,
            "eps": -1.98
        },
        "2013": {
            "cash": 0,
            "stock": 0,
            "eps": -2.56
        },
        "2014": {
            "cash": 0,
            "stock": 0,
            "eps": 0.24
        },
        "2015": {
            "cash": 1.2,
            "stock": 0,
            "eps": -0.33
        },
        "2016": {
            "cash": 0,
            "stock": 0,
            "eps": -0.14
        }
    },
    "dividends": {
        "1998-06-29": {
            "cash": 0,
            "stock": 2.44
        },
        "1999-07-27": {
            "cash": 0,
            "stock": 3
        },
        "2000-06-13": {
            "cash": 0,
            "stock": 3
        },
        "2001-06-20": {
            "cash": 0.3,
            "stock": 3.5
        },
        "2002-07-31": {
            "cash": 2,
            "stock": 2
        },
        "2003-05-27": {
            "cash": 4,
            "stock": 0.5
        },
        "2004-04-06": {
            "cash": 4.5,
            "stock": 0.3
        },
        "2005-03-22": {
            "cash": 2.9,
            "stock": 0.1
        },
        "2006-03-20": {
            "cash": 2.63,
            "stock": 0
        },
        "2007-03-23": {
            "cash": 2.65,
            "stock": 0
        },
        "2008-03-14": {
            "cash": 1.6,
            "stock": 0
        },
        "2009-04-10": {
            "cash": 1.05,
            "stock": 0
        },
        "2015-03-05": {
            "cash": 1.2,
            "stock": 0
        }
    },
    "prices": {
        "200101": "無",
        "200102": "無",
        "200103": "80.88",
        "200104": "136.65",
        "200105": "139.32",
        "200106": "160.08",
        "200107": "152.48",
        "200108": "129.00",
        "200109": "97.74",
        "200110": "79.69",
        "200111": "96.75",
        "200112": "114.10",
        "200201": "121.41",
        "200202": "121.25",
        "200203": "125.29",
        "200204": "130.40",
        "200205": "120.16",
        "200206": "111.20",
        "200207": "112.50",
        "200208": "106.30",
        "200209": "106.78",
        "200210": "109.68",
        "200211": "103.17",
        "200212": "102.32",
        "200301": "98.05",
        "200302": "95.75",
        "200303": "90.36",
        "200304": "91.45",
        "200305": "94.48",
        "200306": "98.40",
        "200307": "98.59",
        "200308": "105.17",
        "200309": "105.02",
        "200310": "103.82",
        "200311": "105.80",
        "200312": "114.24",
        "200401": "115.13",
        "200402": "107.40",
        "200403": "106.52",
        "200404": "90.75",
        "200405": "74.50",
        "200406": "72.12",
        "200407": "74.05",
        "200408": "70.65",
        "200409": "61.36",
        "200410": "60.92",
        "200411": "64.77",
        "200412": "63.50",
        "200501": "66.81",
        "200502": "71.31",
        "200503": "74.00",
        "200504": "73.35",
        "200505": "71.82",
        "200506": "66.44",
        "200507": "63.02",
        "200508": "64.01",
        "200509": "56.53",
        "200510": "51.30",
        "200511": "48.71",
        "200512": "49.70",
        "200601": "48.80",
        "200602": "47.84",
        "200603": "56.70",
        "200604": "66.69",
        "200605": "62.97",
        "200606": "56.29",
        "200607": "65.48",
        "200608": "67.37",
        "200609": "65.55",
        "200610": "73.21",
        "200611": "67.54",
        "200612": "61.78",
        "200701": "55.48",
        "200702": "52.78",
        "200703": "62.91",
        "200704": "67.20",
        "200705": "66.64",
        "200706": "72.43",
        "200707": "83.23",
        "200708": "82.86",
        "200709": "75.81",
        "200710": "73.08",
        "200711": "61.65",
        "200712": "61.03",
        "200801": "60.05",
        "200802": "60.35",
        "200803": "62.60",
        "200804": "60.00",
        "200805": "59.07",
        "200806": "65.33",
        "200807": "62.19",
        "200808": "49.38",
        "200809": "47.49",
        "200810": "46.82",
        "200811": "45.08",
        "200812": "45.28",
        "200901": "43.59",
        "200902": "42.58",
        "200903": "47.74",
        "200904": "54.19",
        "200905": "60.00",
        "200906": "55.93",
        "200907": "64.18",
        "200908": "66.60",
        "200909": "68.16",
        "200910": "70.61",
        "200911": "71.99",
        "200912": "74.34",
        "201001": "66.10",
        "201002": "54.72",
        "201003": "58.94",
        "201004": "59.33",
        "201005": "51.20",
        "201006": "47.24",
        "201007": "50.89",
        "201008": "52.29",
        "201009": "50.47",
        "201010": "49.07",
        "201011": "46.12",
        "201012": "47.20",
        "201101": "46.40",
        "201102": "49.45",
        "201103": "50.93",
        "201104": "51.24",
        "201105": "48.93",
        "201106": "45.54",
        "201107": "44.39",
        "201108": "38.26",
        "201109": "36.97",
        "201110": "36.68",
        "201111": "36.86",
        "201112": "38.41",
        "201201": "36.37",
        "201202": "39.08",
        "201203": "37.55",
        "201204": "36.19",
        "201205": "33.19",
        "201206": "32.85",
        "201207": "35.08",
        "201208": "36.63",
        "201209": "35.25",
        "201210": "34.18",
        "201211": "36.43",
        "201212": "36.35",
        "201301": "34.16",
        "201302": "35.90",
        "201303": "34.67",
        "201304": "33.81",
        "201305": "33.85",
        "201306": "31.76",
        "201307": "28.21",
        "201308": "29.92",
        "201309": "32.57",
        "201310": "32.35",
        "201311": "29.25",
        "201312": "29.66",
        "201401": "29.84",
        "201402": "29.80",
        "201403": "32.94",
        "201404": "31.27",
        "201405": "32.50",
        "201406": "35.99",
        "201407": "45.08",
        "201408": "44.34",
        "201409": "48.09",
        "201410": "51.84",
        "201411": "59.64",
        "201412": "63.28",
        "201501": "66.60",
        "201502": "61.53",
        "201503": "57.12",
        "201504": "55.67",
        "201505": "60.21",
        "201506": "62.22",
        "201507": "59.36",
        "201508": "63.91",
        "201509": "71.91",
        "201510": "75.88",
        "201511": "76.12",
        "201512": "71.71",
        "201601": "69.58",
        "201602": "69.63",
        "201603": "72.10",
        "201604": "69.91",
        "201605": "69.58",
        "201606": "67.78",
        "201607": "70.56",
        "201608": "71.16",
        "201609": "67.99",
        "201610": "70.82",
        "201611": "66.30",
        "201612": "65.08",
        "201701": "63.00",
        "201702": "65.79",
        "201703": "65.85",
        "201704": "61.64",
        "201705": "32.75",
        "201706": "無",
        "201707": "無",
        "201708": "無",
        "201709": "無",
        "201710": "無",
        "201711": "無",
        "201712": "無",
        "201801": "無",
        "201802": "無",
        "201803": "無",
        "201804": "無",
        "201805": "無",
        "201806": "無",
        "201807": "無",
        "201808": "無",
        "201809": "無",
        "201810": "無",
        "201811": "無",
        "201812": "無",
        "201901": "無",
        "201902": "無",
        "201903": "無",
        "201904": "無",
        "201905": "無",
        "201906": "無",
        "201907": "無",
        "201908": "無",
        "201909": "無",
        "201910": "無",
        "201911": "無",
        "201912": "無",
        "202001": "無",
        "202002": "無",
        "202003": "無",
        "202004": "無",
        "202005": "無",
        "202006": "無",
        "202007": "無",
        "202008": "無",
        "202009": "無",
        "202010": "無",
        "202011": "無",
        "202012": "無",
        "202101": "無",
        "202102": "無",
        "202103": "無",
        "202104": "無",
        "202105": "無",
        "202106": "無",
        "202107": "無",
        "202108": "無",
        "202109": "無",
        "202110": "無",
        "202111": "無",
        "202112": "無",
        "202201": "無",
        "202202": "無",
        "202203": "無",
        "202204": "無",
        "202205": "無",
        "202206": "無",
        "202207": "無",
        "202208": "無",
        "202209": "無",
        "202210": "無",
        "202211": "無",
        "202212": "無",
        "202301": "無",
        "202302": "無",
        "202303": "無",
        "202304": "無",
        "202305": "無",
        "202306": "無",
        "202307": "無",
        "202308": "無",
        "202309": "無",
        "202310": "無"
    },
    "quarters": {
        "20011": {
            "year_quarter": 20011,
            "year": 2001,
            "quarter": 1,
            "eps": 1.42,
            "eps_growth_year": 77.5,
            "eps_4q": 5.05,
            "eps_4q_growth_year": null,
            "roe": 8.98,
            "roe_4q": 8.98,
            "gross_profit": 185764,
            "gross_margin": 47.88,
            "gross_margin_4q_avg": 47.88,
            "net_income": 134744,
            "net_income_4q": null,
            "revenue": 387995,
            "revenue_4q": null,
            "common_shares": 948332,
            "book_valuer_per_share": 16.54,
            "book_valuer_per_share_4q_avg": 16.54,
            "equity": 1568208,
            "current_ratio": 307.95,
            "debt_ratio": 16.03,
            "inventory_turnover_ratio": 1.73,
            "account_receivable_turnover_ratio": null,
            "reinvestment_rate": null,
            "research_to_sale_ratio": null,
            "price_fair": 0,
            "eps_avg_yearly": 0,
            "eps_latest_yearly": 0,
            "eps_growth_yearly": 0
        },
        "20012": {
            "year_quarter": 20012,
            "year": 2001,
            "quarter": 2,
            "eps": 2.14,
            "eps_growth_year": 69.84,
            "eps_4q": 6.22,
            "eps_4q_growth_year": null,
            "roe": 12.3,
            "roe_4q": 21.28,
            "gross_profit": 259753,
            "gross_margin": 48.9,
            "gross_margin_4q_avg": 48.39,
            "net_income": 203341,
            "net_income_4q": null,
            "revenue": 531157,
            "revenue_4q": null,
            "common_shares": 948332,
            "book_valuer_per_share": 18.33,
            "book_valuer_per_share_4q_avg": 17.44,
            "equity": 1738384,
            "current_ratio": 257.55,
            "debt_ratio": 21.68,
            "inventory_turnover_ratio": 2.22,
            "account_receivable_turnover_ratio": null,
            "reinvestment_rate": null,
            "research_to_sale_ratio": null,
            "price_fair": 0,
            "eps_avg_yearly": 0,
            "eps_latest_yearly": 0,
            "eps_growth_yearly": 0
        },
        "20013": {
            "year_quarter": 20013,
            "year": 2001,
            "quarter": 3,
            "eps": 1.37,
            "eps_growth_year": -33.82,
            "eps_4q": 4.8,
            "eps_4q_growth_year": null,
            "roe": 9.62,
            "roe_4q": 30.900000000000002,
            "gross_profit": 236821,
            "gross_margin": 49.04,
            "gross_margin_4q_avg": 48.61,
            "net_income": 175682,
            "net_income_4q": null,
            "revenue": 482914,
            "revenue_4q": null,
            "common_shares": 1284364,
            "book_valuer_per_share": 14.9,
            "book_valuer_per_share_4q_avg": 16.59,
            "equity": 1914065,
            "current_ratio": 286.57,
            "debt_ratio": 20.56,
            "inventory_turnover_ratio": 1.97,
            "account_receivable_turnover_ratio": null,
            "reinvestment_rate": null,
            "research_to_sale_ratio": null,
            "price_fair": 0,
            "eps_avg_yearly": 0,
            "eps_latest_yearly": 0,
            "eps_growth_yearly": 0
        },
        "20014": {
            "year_quarter": 20014,
            "year": 2001,
            "quarter": 4,
            "eps": 1,
            "eps_growth_year": -7.41,
            "eps_4q": 5,
            "eps_4q_growth_year": 17.34,
            "roe": 6.49,
            "roe_4q": 37.39,
            "gross_profit": 179040,
            "gross_margin": 44.19,
            "gross_margin_4q_avg": 47.5,
            "net_income": 128378,
            "net_income_4q": null,
            "revenue": 405123,
            "revenue_4q": null,
            "common_shares": 1284364,
            "book_valuer_per_share": 15.9,
            "book_valuer_per_share_4q_avg": 16.42,
            "equity": 2041992,
            "current_ratio": 291.13,
            "debt_ratio": 17.59,
            "inventory_turnover_ratio": 2.09,
            "account_receivable_turnover_ratio": null,
            "reinvestment_rate": null,
            "research_to_sale_ratio": null,
            "price_fair": 0,
            "eps_avg_yearly": 0,
            "eps_latest_yearly": 0,
            "eps_growth_yearly": 0
        },
        "20021": {
            "year_quarter": 20021,
            "year": 2002,
            "quarter": 1,
            "eps": 1.05,
            "eps_growth_year": -26.06,
            "eps_4q": 4.99,
            "eps_4q_growth_year": -1.22,
            "roe": 6.26,
            "roe_4q": 34.67,
            "gross_profit": 194303,
            "gross_margin": 45.69,
            "gross_margin_4q_avg": 46.96,
            "net_income": 135241,
            "net_income_4q": null,
            "revenue": 425280,
            "revenue_4q": null,
            "common_shares": 1295984,
            "book_valuer_per_share": 17.57,
            "book_valuer_per_share_4q_avg": 16.68,
            "equity": 2277165,
            "current_ratio": 260.27,
            "debt_ratio": 21.79,
            "inventory_turnover_ratio": 1.96,
            "account_receivable_turnover_ratio": null,
            "reinvestment_rate": null,
            "research_to_sale_ratio": null,
            "price_fair": 126,
            "eps_avg_yearly": 4.2,
            "eps_latest_yearly": 4.2,
            "eps_growth_yearly": 20
        },
        "20022": {
            "year_quarter": 20022,
            "year": 2002,
            "quarter": 2,
            "eps": 1.51,
            "eps_growth_year": -29.44,
            "eps_4q": 4.91,
            "eps_4q_growth_year": -21.11,
            "roe": 8.23,
            "roe_4q": 30.6,
            "gross_profit": 290085,
            "gross_margin": 45.2,
            "gross_margin_4q_avg": 46.03,
            "net_income": 195358,
            "net_income_4q": null,
            "revenue": 641719,
            "revenue_4q": null,
            "common_shares": 1295984,
            "book_valuer_per_share": 19.08,
            "book_valuer_per_share_4q_avg": 16.86,
            "equity": 2472523,
            "current_ratio": 329.75,
            "debt_ratio": 19.16,
            "inventory_turnover_ratio": 2.55,
            "account_receivable_turnover_ratio": null,
            "reinvestment_rate": null,
            "research_to_sale_ratio": null,
            "price_fair": 179.2,
            "eps_avg_yearly": 5.12,
            "eps_latest_yearly": 6.04,
            "eps_growth_yearly": 97.62
        },
        "20023": {
            "year_quarter": 20023,
            "year": 2002,
            "quarter": 3,
            "eps": 2.09,
            "eps_growth_year": 52.55,
            "eps_4q": 5.05,
            "eps_4q_growth_year": 5.2,
            "roe": 13.01,
            "roe_4q": 33.99,
            "gross_profit": 297197,
            "gross_margin": 47.03,
            "gross_margin_4q_avg": 45.53,
            "net_income": 323958,
            "net_income_4q": null,
            "revenue": 631959,
            "revenue_4q": null,
            "common_shares": 1295984,
            "book_valuer_per_share": 19.34,
            "book_valuer_per_share_4q_avg": 17.97,
            "equity": 2506515,
            "current_ratio": 279.66,
            "debt_ratio": 21.22,
            "inventory_turnover_ratio": 2.45,
            "account_receivable_turnover_ratio": null,
            "reinvestment_rate": null,
            "research_to_sale_ratio": null,
            "price_fair": 217,
            "eps_avg_yearly": 6.2,
            "eps_latest_yearly": 8.36,
            "eps_growth_yearly": 116.29
        },
        "20024": {
            "year_quarter": 20024,
            "year": 2002,
            "quarter": 4,
            "eps": 0.82,
            "eps_growth_year": -18,
            "eps_4q": 5.02,
            "eps_4q_growth_year": 0.31,
            "roe": 4.97,
            "roe_4q": 32.47,
            "gross_profit": 224519,
            "gross_margin": 47.49,
            "gross_margin_4q_avg": 46.35,
            "net_income": 127875,
            "net_income_4q": null,
            "revenue": 472782,
            "revenue_4q": null,
            "common_shares": 1558181,
            "book_valuer_per_share": 16.92,
            "book_valuer_per_share_4q_avg": 18.23,
            "equity": 2636567,
            "current_ratio": 414.89,
            "debt_ratio": 13.45,
            "inventory_turnover_ratio": 1.03,
            "account_receivable_turnover_ratio": null,
            "reinvestment_rate": null,
            "research_to_sale_ratio": null,
            "price_fair": 191.45,
            "eps_avg_yearly": 5.47,
            "eps_latest_yearly": 3.28,
            "eps_growth_yearly": 26.45
        },
        "20031": {
            "year_quarter": 20031,
            "year": 2003,
            "quarter": 1,
            "eps": 1.53,
            "eps_growth_year": 45.71,
            "eps_4q": 5.68,
            "eps_4q_growth_year": 13.77,
            "roe": 8.67,
            "roe_4q": 34.879999999999995,
            "gross_profit": 242640,
            "gross_margin": 43.93,
            "gross_margin_4q_avg": 45.91,
            "net_income": 238805,
            "net_income_4q": null,
            "revenue": 552395,
            "revenue_4q": null,
            "common_shares": 1558181,
            "book_valuer_per_share": 18.45,
            "book_valuer_per_share_4q_avg": 18.45,
            "equity": 2875339,
            "current_ratio": 578.54,
            "debt_ratio": 14.41,
            "inventory_turnover_ratio": 1.26,
            "account_receivable_turnover_ratio": null,
            "reinvestment_rate": null,
            "research_to_sale_ratio": null,
            "price_fair": 196,
            "eps_avg_yearly": 5.6,
            "eps_latest_yearly": 6.12,
            "eps_growth_yearly": 90.43
        },
        "20032": {
            "year_quarter": 20032,
            "year": 2003,
            "quarter": 2,
            "eps": 2.16,
            "eps_growth_year": 43.05,
            "eps_4q": 6.6,
            "eps_4q_growth_year": 34.58,
            "roe": 12.35,
            "roe_4q": 39,
            "gross_profit": 334306,
            "gross_margin": 49.7,
            "gross_margin_4q_avg": 47.04,
            "net_income": 335845,
            "net_income_4q": null,
            "revenue": 672695,
            "revenue_4q": null,
            "common_shares": 1558181,
            "book_valuer_per_share": 16.44,
            "book_valuer_per_share_4q_avg": 17.79,
            "equity": 2561364,
            "current_ratio": 209.86,
            "debt_ratio": 32.95,
            "inventory_turnover_ratio": 2.46,
            "account_receivable_turnover_ratio": null,
            "reinvestment_rate": null,
            "research_to_sale_ratio": null,
            "price_fair": 213.73,
            "eps_avg_yearly": 6.11,
            "eps_latest_yearly": 8.64,
            "eps_growth_yearly": 102.81
        },
        "20033": {
            "year_quarter": 20033,
            "year": 2003,
            "quarter": 3,
            "eps": 1.45,
            "eps_growth_year": -30.62,
            "eps_4q": 5.72,
            "eps_4q_growth_year": 13.28,
            "roe": 8.91,
            "roe_4q": 34.9,
            "gross_profit": 286603,
            "gross_margin": 46.89,
            "gross_margin_4q_avg": 47,
            "net_income": 238457,
            "net_income_4q": null,
            "revenue": 611255,
            "revenue_4q": null,
            "common_shares": 1644090,
            "book_valuer_per_share": 16.99,
            "book_valuer_per_share_4q_avg": 17.2,
            "equity": 2793748,
            "current_ratio": 237.08,
            "debt_ratio": 29.91,
            "inventory_turnover_ratio": 2.19,
            "account_receivable_turnover_ratio": null,
            "reinvestment_rate": null,
            "research_to_sale_ratio": null,
            "price_fair": 212.2,
            "eps_avg_yearly": 6.06,
            "eps_latest_yearly": 5.8,
            "eps_growth_yearly": 69.34
        },
        "20034": {
            "year_quarter": 20034,
            "year": 2003,
            "quarter": 4,
            "eps": 0.62,
            "eps_growth_year": -24.39,
            "eps_4q": 5.54,
            "eps_4q_growth_year": 10.48,
            "roe": 3.6,
            "roe_4q": 33.53,
            "gross_profit": 196805,
            "gross_margin": 43.6,
            "gross_margin_4q_avg": 46.03,
            "net_income": 102402,
            "net_income_4q": null,
            "revenue": 451344,
            "revenue_4q": null,
            "common_shares": 1644090,
            "book_valuer_per_share": 17.63,
            "book_valuer_per_share_4q_avg": 17.38,
            "equity": 2897825,
            "current_ratio": 509.83,
            "debt_ratio": 11.84,
            "inventory_turnover_ratio": 1.07,
            "account_receivable_turnover_ratio": null,
            "reinvestment_rate": 20.73,
            "research_to_sale_ratio": null,
            "price_fair": 196.53,
            "eps_avg_yearly": 5.62,
            "eps_latest_yearly": 2.48,
            "eps_growth_yearly": 32.05
        },
        "20041": {
            "year_quarter": 20041,
            "year": 2004,
            "quarter": 1,
            "eps": 0.41,
            "eps_growth_year": -73.2,
            "eps_4q": 4.53,
            "eps_4q_growth_year": -20.15,
            "roe": 2.3,
            "roe_4q": 27.16,
            "gross_profit": 132611,
            "gross_margin": 37.84,
            "gross_margin_4q_avg": 44.51,
            "net_income": 67295,
            "net_income_4q": null,
            "revenue": 350495,
            "revenue_4q": null,
            "common_shares": 1644090,
            "book_valuer_per_share": 18.01,
            "book_valuer_per_share_4q_avg": 17.27,
            "equity": 2961182,
            "current_ratio": 684.92,
            "debt_ratio": 11.35,
            "inventory_turnover_ratio": 0.88,
            "account_receivable_turnover_ratio": null,
            "reinvestment_rate": 14.27,
            "research_to_sale_ratio": null,
            "price_fair": 121.25,
            "eps_avg_yearly": 5.17,
            "eps_latest_yearly": 1.64,
            "eps_growth_yearly": 13.44
        },
        "20042": {
            "year_quarter": 20042,
            "year": 2004,
            "quarter": 2,
            "eps": 1.18,
            "eps_growth_year": -45.37,
            "eps_4q": 3.65,
            "eps_4q_growth_year": -44.67,
            "roe": 7.27,
            "roe_4q": 22.08,
            "gross_profit": 248969,
            "gross_margin": 42.59,
            "gross_margin_4q_avg": 42.73,
            "net_income": 194775,
            "net_income_4q": null,
            "revenue": 584560,
            "revenue_4q": null,
            "common_shares": 1644090,
            "book_valuer_per_share": 14.59,
            "book_valuer_per_share_4q_avg": 16.81,
            "equity": 2398544,
            "current_ratio": 193.06,
            "debt_ratio": 34.08,
            "inventory_turnover_ratio": 1.89,
            "account_receivable_turnover_ratio": null,
            "reinvestment_rate": 11.67,
            "research_to_sale_ratio": null,
            "price_fair": 179.48,
            "eps_avg_yearly": 5.13,
            "eps_latest_yearly": 4.72,
            "eps_growth_yearly": 87.22
        },
        "20043": {
            "year_quarter": 20043,
            "year": 2004,
            "quarter": 3,
            "eps": 1.3,
            "eps_growth_year": -10.34,
            "eps_4q": 3.43,
            "eps_4q_growth_year": -40.07,
            "roe": 8.87,
            "roe_4q": 22.040000000000003,
            "gross_profit": 281361,
            "gross_margin": 43.77,
            "gross_margin_4q_avg": 41.95,
            "net_income": 222556,
            "net_income_4q": null,
            "revenue": 642809,
            "revenue_4q": null,
            "common_shares": 1705413,
            "book_valuer_per_share": 15.36,
            "book_valuer_per_share_4q_avg": 16.4,
            "equity": 2620220,
            "current_ratio": 428.43,
            "debt_ratio": 15.62,
            "inventory_turnover_ratio": 2.17,
            "account_receivable_turnover_ratio": null,
            "reinvestment_rate": 10.64,
            "research_to_sale_ratio": null,
            "price_fair": 179.71,
            "eps_avg_yearly": 5.13,
            "eps_latest_yearly": 5.2,
            "eps_growth_yearly": 82.98
        },
        "20044": {
            "year_quarter": 20044,
            "year": 2004,
            "quarter": 4,
            "eps": 0.69,
            "eps_growth_year": 11.29,
            "eps_4q": 3.52,
            "eps_4q_growth_year": -36.48,
            "roe": 4.42,
            "roe_4q": 22.86,
            "gross_profit": 173571,
            "gross_margin": 43.58,
            "gross_margin_4q_avg": 41.95,
            "net_income": 118118,
            "net_income_4q": null,
            "revenue": 398280,
            "revenue_4q": null,
            "common_shares": 1705413,
            "book_valuer_per_share": 15.97,
            "book_valuer_per_share_4q_avg": 15.98,
            "equity": 2724397,
            "current_ratio": 657.68,
            "debt_ratio": 9.36,
            "inventory_turnover_ratio": 1.21,
            "account_receivable_turnover_ratio": null,
            "reinvestment_rate": 11.28,
            "research_to_sale_ratio": null,
            "price_fair": 172.78,
            "eps_avg_yearly": 4.94,
            "eps_latest_yearly": 2.76,
            "eps_growth_yearly": 60.43
        },
        "20051": {
            "year_quarter": 20051,
            "year": 2005,
            "quarter": 1,
            "eps": 0.58,
            "eps_growth_year": 41.46,
            "eps_4q": 3.71,
            "eps_4q_growth_year": -18.12,
            "roe": 3.58,
            "roe_4q": 24.139999999999997,
            "gross_profit": 156008,
            "gross_margin": 41.14,
            "gross_margin_4q_avg": 42.77,
            "net_income": 99173,
            "net_income_4q": null,
            "revenue": 379172,
            "revenue_4q": null,
            "common_shares": 1705413,
            "book_valuer_per_share": 16.53,
            "book_valuer_per_share_4q_avg": 15.61,
            "equity": 2819592,
            "current_ratio": 644.67,
            "debt_ratio": 11.03,
            "inventory_turnover_ratio": 1.18,
            "account_receivable_turnover_ratio": null,
            "reinvestment_rate": 6.42,
            "research_to_sale_ratio": null,
            "price_fair": 165.74,
            "eps_avg_yearly": 4.74,
            "eps_latest_yearly": 2.32,
            "eps_growth_yearly": 50.87
        },
        "20052": {
            "year_quarter": 20052,
            "year": 2005,
            "quarter": 2,
            "eps": 0.94,
            "eps_growth_year": -20.34,
            "eps_4q": 3.51,
            "eps_4q_growth_year": -3.8,
            "roe": 6.07,
            "roe_4q": 22.939999999999998,
            "gross_profit": 241810,
            "gross_margin": 40.38,
            "gross_margin_4q_avg": 42.22,
            "net_income": 160625,
            "net_income_4q": null,
            "revenue": 598828,
            "revenue_4q": null,
            "common_shares": 1705413,
            "book_valuer_per_share": 14.48,
            "book_valuer_per_share_4q_avg": 15.59,
            "equity": 2468738,
            "current_ratio": 205.5,
            "debt_ratio": 26.74,
            "inventory_turnover_ratio": 2.53,
            "account_receivable_turnover_ratio": null,
            "reinvestment_rate": 4.93,
            "research_to_sale_ratio": null,
            "price_fair": 163.3,
            "eps_avg_yearly": 4.67,
            "eps_latest_yearly": 3.76,
            "eps_growth_yearly": 64.97
        },
        "20053": {
            "year_quarter": 20053,
            "year": 2005,
            "quarter": 3,
            "eps": 1.19,
            "eps_growth_year": -8.46,
            "eps_4q": 3.37,
            "eps_4q_growth_year": -1.83,
            "roe": 8.01,
            "roe_4q": 22.08,
            "gross_profit": 259427,
            "gross_margin": 42.53,
            "gross_margin_4q_avg": 41.91,
            "net_income": 206660,
            "net_income_4q": null,
            "revenue": 610037,
            "revenue_4q": null,
            "common_shares": 1734467,
            "book_valuer_per_share": 15.51,
            "book_valuer_per_share_4q_avg": 15.62,
            "equity": 2690917,
            "current_ratio": 236.94,
            "debt_ratio": 24.57,
            "inventory_turnover_ratio": 3.16,
            "account_receivable_turnover_ratio": null,
            "reinvestment_rate": 4.04,
            "research_to_sale_ratio": null,
            "price_fair": 163.52,
            "eps_avg_yearly": 4.67,
            "eps_latest_yearly": 4.76,
            "eps_growth_yearly": 67.74
        },
        "20054": {
            "year_quarter": 20054,
            "year": 2005,
            "quarter": 4,
            "eps": 0.31,
            "eps_growth_year": -55.07,
            "eps_4q": 3.04,
            "eps_4q_growth_year": -13.52,
            "roe": 2,
            "roe_4q": 19.659999999999997,
            "gross_profit": 190520,
            "gross_margin": 44.19,
            "gross_margin_4q_avg": 42.06,
            "net_income": 52872,
            "net_income_4q": null,
            "revenue": 431136,
            "revenue_4q": null,
            "common_shares": 1734467,
            "book_valuer_per_share": 14.94,
            "book_valuer_per_share_4q_avg": 15.37,
            "equity": 2590686,
            "current_ratio": 469.47,
            "debt_ratio": 11.1,
            "inventory_turnover_ratio": 1.45,
            "account_receivable_turnover_ratio": null,
            "reinvestment_rate": 7.6,
            "research_to_sale_ratio": null,
            "price_fair": 156.01,
            "eps_avg_yearly": 4.46,
            "eps_latest_yearly": 1.24,
            "eps_growth_yearly": 45.01
        },
        "20061": {
            "year_quarter": 20061,
            "year": 2006,
            "quarter": 1,
            "eps": 0.61,
            "eps_growth_year": 5.17,
            "eps_4q": 3.07,
            "eps_4q_growth_year": -17.25,
            "roe": 4,
            "roe_4q": 20.08,
            "gross_profit": 171660,
            "gross_margin": 38.41,
            "gross_margin_4q_avg": 41.38,
            "net_income": 104130,
            "net_income_4q": null,
            "revenue": 446931,
            "revenue_4q": null,
            "common_shares": 1734467,
            "book_valuer_per_share": 15.07,
            "book_valuer_per_share_4q_avg": 15,
            "equity": 2613687,
            "current_ratio": 371.17,
            "debt_ratio": 13.91,
            "inventory_turnover_ratio": 1.48,
            "account_receivable_turnover_ratio": null,
            "reinvestment_rate": -0.58,
            "research_to_sale_ratio": null,
            "price_fair": 152.16,
            "eps_avg_yearly": 4.35,
            "eps_latest_yearly": 2.44,
            "eps_growth_yearly": 67.96
        },
        "20062": {
            "year_quarter": 20062,
            "year": 2006,
            "quarter": 2,
            "eps": 0.97,
            "eps_growth_year": 3.19,
            "eps_4q": 3.12,
            "eps_4q_growth_year": -11.11,
            "roe": 6.75,
            "roe_4q": 20.759999999999998,
            "gross_profit": 219354,
            "gross_margin": 37.77,
            "gross_margin_4q_avg": 40.73,
            "net_income": 163791,
            "net_income_4q": null,
            "revenue": 580818,
            "revenue_4q": null,
            "common_shares": 1734467,
            "book_valuer_per_share": 12.91,
            "book_valuer_per_share_4q_avg": 14.61,
            "equity": 2238878,
            "current_ratio": 168.73,
            "debt_ratio": 29.9,
            "inventory_turnover_ratio": 2.37,
            "account_receivable_turnover_ratio": null,
            "reinvestment_rate": -1.08,
            "research_to_sale_ratio": null,
            "price_fair": 147.44,
            "eps_avg_yearly": 4.21,
            "eps_latest_yearly": 3.88,
            "eps_growth_yearly": 71.76
        },
        "20063": {
            "year_quarter": 20063,
            "year": 2006,
            "quarter": 3,
            "eps": 1.21,
            "eps_growth_year": 1.68,
            "eps_4q": 3.11,
            "eps_4q_growth_year": -7.73,
            "roe": 8.71,
            "roe_4q": 21.46,
            "gross_profit": 232806,
            "gross_margin": 39.42,
            "gross_margin_4q_avg": 39.95,
            "net_income": 204726,
            "net_income_4q": null,
            "revenue": 590595,
            "revenue_4q": null,
            "common_shares": 1734467,
            "book_valuer_per_share": 14.21,
            "book_valuer_per_share_4q_avg": 14.28,
            "equity": 2464017,
            "current_ratio": 275.83,
            "debt_ratio": 16.35,
            "inventory_turnover_ratio": 2.24,
            "account_receivable_turnover_ratio": null,
            "reinvestment_rate": -2.76,
            "research_to_sale_ratio": null,
            "price_fair": 139.74,
            "eps_avg_yearly": 3.99,
            "eps_latest_yearly": 4.84,
            "eps_growth_yearly": 68.34
        },
        "20064": {
            "year_quarter": 20064,
            "year": 2006,
            "quarter": 4,
            "eps": 0.28,
            "eps_growth_year": -9.68,
            "eps_4q": 3.09,
            "eps_4q_growth_year": 1.43,
            "roe": 1.9,
            "roe_4q": 21.36,
            "gross_profit": 124206,
            "gross_margin": 40,
            "gross_margin_4q_avg": 38.9,
            "net_income": 47121,
            "net_income_4q": null,
            "revenue": 310543,
            "revenue_4q": null,
            "common_shares": 1734467,
            "book_valuer_per_share": 14.45,
            "book_valuer_per_share_4q_avg": 14.16,
            "equity": 2506834,
            "current_ratio": 445.42,
            "debt_ratio": 9.25,
            "inventory_turnover_ratio": 0.86,
            "account_receivable_turnover_ratio": null,
            "reinvestment_rate": 9.57,
            "research_to_sale_ratio": null,
            "price_fair": 135.01,
            "eps_avg_yearly": 3.86,
            "eps_latest_yearly": 1.12,
            "eps_growth_yearly": 64.32
        },
        "20071": {
            "year_quarter": 20071,
            "year": 2007,
            "quarter": 1,
            "eps": 0.45,
            "eps_growth_year": -26.23,
            "eps_4q": 2.92,
            "eps_4q_growth_year": -4.99,
            "roe": 2.97,
            "roe_4q": 20.330000000000002,
            "gross_profit": 110498,
            "gross_margin": 34.4,
            "gross_margin_4q_avg": 37.9,
            "net_income": 75780,
            "net_income_4q": null,
            "revenue": 321176,
            "revenue_4q": null,
            "common_shares": 1734467,
            "book_valuer_per_share": 14.98,
            "book_valuer_per_share_4q_avg": 14.14,
            "equity": 2598092,
            "current_ratio": 426.13,
            "debt_ratio": 10.82,
            "inventory_turnover_ratio": 0.95,
            "account_receivable_turnover_ratio": null,
            "reinvestment_rate": -3.94,
            "research_to_sale_ratio": null,
            "price_fair": 125.56,
            "eps_avg_yearly": 3.59,
            "eps_latest_yearly": 1.8,
            "eps_growth_yearly": 57.85
        },
        "20072": {
            "year_quarter": 20072,
            "year": 2007,
            "quarter": 2,
            "eps": 0.71,
            "eps_growth_year": -26.8,
            "eps_4q": 2.65,
            "eps_4q_growth_year": -15.02,
            "roe": 4.94,
            "roe_4q": 18.520000000000003,
            "gross_profit": 207974,
            "gross_margin": 39.36,
            "gross_margin_4q_avg": 38.3,
            "net_income": 119623,
            "net_income_4q": null,
            "revenue": 528457,
            "revenue_4q": null,
            "common_shares": 1734467,
            "book_valuer_per_share": 12.94,
            "book_valuer_per_share_4q_avg": 14.15,
            "equity": 2244619,
            "current_ratio": 165.55,
            "debt_ratio": 27.95,
            "inventory_turnover_ratio": 2.1,
            "account_receivable_turnover_ratio": null,
            "reinvestment_rate": -4.18,
            "research_to_sale_ratio": null,
            "price_fair": 112.88,
            "eps_avg_yearly": 3.23,
            "eps_latest_yearly": 2.84,
            "eps_growth_yearly": 62
        },
        "20073": {
            "year_quarter": 20073,
            "year": 2007,
            "quarter": 3,
            "eps": 0.59,
            "eps_growth_year": -51.24,
            "eps_4q": 2.04,
            "eps_4q_growth_year": -34.21,
            "roe": 4.29,
            "roe_4q": 14.100000000000001,
            "gross_profit": 158890,
            "gross_margin": 34.12,
            "gross_margin_4q_avg": 36.97,
            "net_income": 98449,
            "net_income_4q": null,
            "revenue": 465743,
            "revenue_4q": null,
            "common_shares": 1734467,
            "book_valuer_per_share": 13.52,
            "book_valuer_per_share_4q_avg": 13.97,
            "equity": 2345832,
            "current_ratio": 214.49,
            "debt_ratio": 16.73,
            "inventory_turnover_ratio": 2.11,
            "account_receivable_turnover_ratio": null,
            "reinvestment_rate": -5.58,
            "research_to_sale_ratio": null,
            "price_fair": 105.35,
            "eps_avg_yearly": 3.01,
            "eps_latest_yearly": 2.36,
            "eps_growth_yearly": 65.99
        },
        "20074": {
            "year_quarter": 20074,
            "year": 2007,
            "quarter": 4,
            "eps": 0.17,
            "eps_growth_year": -39.29,
            "eps_4q": 1.91,
            "eps_4q_growth_year": -38.17,
            "roe": 1.17,
            "roe_4q": 13.370000000000001,
            "gross_profit": 77468,
            "gross_margin": 27.74,
            "gross_margin_4q_avg": 33.91,
            "net_income": 28717,
            "net_income_4q": null,
            "revenue": 279281,
            "revenue_4q": null,
            "common_shares": 1734467,
            "book_valuer_per_share": 14.85,
            "book_valuer_per_share_4q_avg": 14.07,
            "equity": 2576263,
            "current_ratio": 640.62,
            "debt_ratio": 32.53,
            "inventory_turnover_ratio": 0.89,
            "account_receivable_turnover_ratio": null,
            "reinvestment_rate": 13.73,
            "research_to_sale_ratio": null,
            "price_fair": 101.41,
            "eps_avg_yearly": 2.9,
            "eps_latest_yearly": 0.68,
            "eps_growth_yearly": 62.51
        },
        "20081": {
            "year_quarter": 20081,
            "year": 2008,
            "quarter": 1,
            "eps": 0.03,
            "eps_growth_year": -93.33,
            "eps_4q": 1.27,
            "eps_4q_growth_year": -56.61,
            "roe": -0.21,
            "roe_4q": 10.190000000000001,
            "gross_profit": 119762,
            "gross_margin": 33.49,
            "gross_margin_4q_avg": 33.68,
            "net_income": -5953,
            "net_income_4q": null,
            "revenue": 357648,
            "revenue_4q": null,
            "common_shares": 1734467,
            "book_valuer_per_share": 14.64,
            "book_valuer_per_share_4q_avg": 13.99,
            "equity": 3224057,
            "current_ratio": 496.16,
            "debt_ratio": 30.89,
            "inventory_turnover_ratio": 0.4,
            "account_receivable_turnover_ratio": null,
            "reinvestment_rate": 51.01,
            "research_to_sale_ratio": null,
            "price_fair": 98.09,
            "eps_avg_yearly": 2.8,
            "eps_latest_yearly": 0.12,
            "eps_growth_yearly": 50.39
        },
        "20082": {
            "year_quarter": 20082,
            "year": 2008,
            "quarter": 2,
            "eps": 0.56,
            "eps_growth_year": -21.13,
            "eps_4q": 1.39,
            "eps_4q_growth_year": -47.56,
            "roe": 2.92,
            "roe_4q": 8.17,
            "gross_profit": 180538,
            "gross_margin": 34.01,
            "gross_margin_4q_avg": 32.34,
            "net_income": 91436,
            "net_income_4q": null,
            "revenue": 530905,
            "revenue_4q": null,
            "common_shares": 1734467,
            "book_valuer_per_share": 13.59,
            "book_valuer_per_share_4q_avg": 14.15,
            "equity": 3038484,
            "current_ratio": 301.86,
            "debt_ratio": 37.44,
            "inventory_turnover_ratio": 0.37,
            "account_receivable_turnover_ratio": null,
            "reinvestment_rate": 52.54,
            "research_to_sale_ratio": null,
            "price_fair": 92.66,
            "eps_avg_yearly": 2.65,
            "eps_latest_yearly": 2.24,
            "eps_growth_yearly": 445.1
        },
        "20083": {
            "year_quarter": 20083,
            "year": 2008,
            "quarter": 3,
            "eps": 0.65,
            "eps_growth_year": 10.17,
            "eps_4q": 1.5,
            "eps_4q_growth_year": -26.75,
            "roe": 3.3,
            "roe_4q": 7.18,
            "gross_profit": 141381,
            "gross_margin": 31.58,
            "gross_margin_4q_avg": 31.71,
            "net_income": 103914,
            "net_income_4q": null,
            "revenue": 447742,
            "revenue_4q": null,
            "common_shares": 1734467,
            "book_valuer_per_share": 14.94,
            "book_valuer_per_share_4q_avg": 14.51,
            "equity": 3264854,
            "current_ratio": 333.19,
            "debt_ratio": 34.89,
            "inventory_turnover_ratio": 0.3,
            "account_receivable_turnover_ratio": null,
            "reinvestment_rate": 59.4,
            "research_to_sale_ratio": null,
            "price_fair": 86.98,
            "eps_avg_yearly": 2.49,
            "eps_latest_yearly": 2.6,
            "eps_growth_yearly": 446.58
        },
        "20084": {
            "year_quarter": 20084,
            "year": 2008,
            "quarter": 4,
            "eps": -0.04,
            "eps_growth_year": -123.53,
            "eps_4q": 1.47,
            "eps_4q_growth_year": -23.22,
            "roe": -0.75,
            "roe_4q": 5.26,
            "gross_profit": 73809,
            "gross_margin": 27.1,
            "gross_margin_4q_avg": 31.55,
            "net_income": -24419,
            "net_income_4q": null,
            "revenue": 272369,
            "revenue_4q": null,
            "common_shares": 1734467,
            "book_valuer_per_share": 14.69,
            "book_valuer_per_share_4q_avg": 14.47,
            "equity": 3204785,
            "current_ratio": 443.19,
            "debt_ratio": 30.83,
            "inventory_turnover_ratio": 0.17,
            "account_receivable_turnover_ratio": 2.21,
            "reinvestment_rate": 57.9,
            "research_to_sale_ratio": null,
            "price_fair": 86.33,
            "eps_avg_yearly": 2.47,
            "eps_latest_yearly": 2.6,
            "eps_growth_yearly": 488.86
        },
        "20091": {
            "year_quarter": 20091,
            "year": 2009,
            "quarter": 1,
            "eps": 0.03,
            "eps_growth_year": 0,
            "eps_4q": 2.09,
            "eps_4q_growth_year": 65.29,
            "roe": -0.09,
            "roe_4q": 5.38,
            "gross_profit": 98208,
            "gross_margin": 36.3,
            "gross_margin_4q_avg": 32.25,
            "net_income": -2912,
            "net_income_4q": null,
            "revenue": 270573,
            "revenue_4q": null,
            "common_shares": 1732317,
            "book_valuer_per_share": 14.86,
            "book_valuer_per_share_4q_avg": 14.52,
            "equity": 3224282,
            "current_ratio": 454.82,
            "debt_ratio": 30.45,
            "inventory_turnover_ratio": 0.14,
            "account_receivable_turnover_ratio": 1.11,
            "reinvestment_rate": 68.18,
            "research_to_sale_ratio": null,
            "price_fair": 86.7,
            "eps_avg_yearly": 2.48,
            "eps_latest_yearly": 2.6,
            "eps_growth_yearly": 528.34
        },
        "20092": {
            "year_quarter": 20092,
            "year": 2009,
            "quarter": 2,
            "eps": 0.06,
            "eps_growth_year": -89.29,
            "eps_4q": 1.54,
            "eps_4q_growth_year": 10.72,
            "roe": -0.15,
            "roe_4q": 2.3099999999999996,
            "gross_profit": 195743,
            "gross_margin": 41.11,
            "gross_margin_4q_avg": 34.02,
            "net_income": -4591,
            "net_income_4q": null,
            "revenue": 476171,
            "revenue_4q": null,
            "common_shares": 1709857,
            "book_valuer_per_share": 13.81,
            "book_valuer_per_share_4q_avg": 14.58,
            "equity": 2995900,
            "current_ratio": 143.87,
            "debt_ratio": 35.54,
            "inventory_turnover_ratio": 0.23,
            "account_receivable_turnover_ratio": 1.61,
            "reinvestment_rate": 74.13,
            "research_to_sale_ratio": null,
            "price_fair": 77.9,
            "eps_avg_yearly": 2.23,
            "eps_latest_yearly": 0.24,
            "eps_growth_yearly": 539.17
        },
        "20093": {
            "year_quarter": 20093,
            "year": 2009,
            "quarter": 3,
            "eps": 0.06,
            "eps_growth_year": -90.77,
            "eps_4q": 0.16,
            "eps_4q_growth_year": -89.43,
            "roe": -0.21,
            "roe_4q": -1.2,
            "gross_profit": 164610,
            "gross_margin": 41.5,
            "gross_margin_4q_avg": 36.5,
            "net_income": -6730,
            "net_income_4q": null,
            "revenue": 396654,
            "revenue_4q": null,
            "common_shares": 1803511,
            "book_valuer_per_share": 15.76,
            "book_valuer_per_share_4q_avg": 14.78,
            "equity": 3459793,
            "current_ratio": 222.78,
            "debt_ratio": 22.53,
            "inventory_turnover_ratio": 0.19,
            "account_receivable_turnover_ratio": 1.3,
            "reinvestment_rate": 85.37,
            "research_to_sale_ratio": null,
            "price_fair": 66.6,
            "eps_avg_yearly": 1.9,
            "eps_latest_yearly": 0.24,
            "eps_growth_yearly": 531.58
        },
        "20094": {
            "year_quarter": 20094,
            "year": 2009,
            "quarter": 4,
            "eps": -0.03,
            "eps_growth_year": null,
            "eps_4q": 0.1,
            "eps_4q_growth_year": -92.84,
            "roe": -1.33,
            "roe_4q": -1.78,
            "gross_profit": 194560,
            "gross_margin": 43.91,
            "gross_margin_4q_avg": 40.71,
            "net_income": -51418,
            "net_income_4q": null,
            "revenue": 443105,
            "revenue_4q": null,
            "common_shares": 1864245,
            "book_valuer_per_share": 17.07,
            "book_valuer_per_share_4q_avg": 15.38,
            "equity": 4293572,
            "current_ratio": 1066.44,
            "debt_ratio": 31.58,
            "inventory_turnover_ratio": 0.2,
            "account_receivable_turnover_ratio": 1.59,
            "reinvestment_rate": 429.64,
            "research_to_sale_ratio": null,
            "price_fair": 68.38,
            "eps_avg_yearly": 1.95,
            "eps_latest_yearly": 0.24,
            "eps_growth_yearly": 595.22
        },
        "20101": {
            "year_quarter": 20101,
            "year": 2010,
            "quarter": 1,
            "eps": 0.02,
            "eps_growth_year": -33.33,
            "eps_4q": 0.1,
            "eps_4q_growth_year": -95.23,
            "roe": -0.11,
            "roe_4q": -1.8,
            "gross_profit": 150381,
            "gross_margin": 45.22,
            "gross_margin_4q_avg": 42.94,
            "net_income": -4711,
            "net_income_4q": null,
            "revenue": 332524,
            "revenue_4q": null,
            "common_shares": 1880600,
            "book_valuer_per_share": 17.36,
            "book_valuer_per_share_4q_avg": 16,
            "equity": 4367156,
            "current_ratio": 1562.18,
            "debt_ratio": 29.9,
            "inventory_turnover_ratio": 0.15,
            "account_receivable_turnover_ratio": 0.59,
            "reinvestment_rate": 469.45,
            "research_to_sale_ratio": 4.69,
            "price_fair": 66.97,
            "eps_avg_yearly": 1.91,
            "eps_latest_yearly": 0.24,
            "eps_growth_yearly": 612.56
        },
        "20102": {
            "year_quarter": 20102,
            "year": 2010,
            "quarter": 2,
            "eps": 0.21,
            "eps_growth_year": 246.76,
            "eps_4q": 0.25,
            "eps_4q_growth_year": -83.69,
            "roe": 0.29,
            "roe_4q": -1.36,
            "gross_profit": 175400,
            "gross_margin": 40.95,
            "gross_margin_4q_avg": 42.9,
            "net_income": 12667,
            "net_income_4q": null,
            "revenue": 428362,
            "revenue_4q": null,
            "common_shares": 1880600,
            "book_valuer_per_share": 17.72,
            "book_valuer_per_share_4q_avg": 16.98,
            "equity": 4412572,
            "current_ratio": 1245.15,
            "debt_ratio": 30.74,
            "inventory_turnover_ratio": 0.2,
            "account_receivable_turnover_ratio": 0.7,
            "reinvestment_rate": 543.26,
            "research_to_sale_ratio": 4.87,
            "price_fair": 58.1,
            "eps_avg_yearly": 1.66,
            "eps_latest_yearly": 0.84,
            "eps_growth_yearly": 909.56
        },
        "20103": {
            "year_quarter": 20103,
            "year": 2010,
            "quarter": 3,
            "eps": 0.18,
            "eps_growth_year": 201.37,
            "eps_4q": 0.38,
            "eps_4q_growth_year": 138.57,
            "roe": 0.51,
            "roe_4q": -0.64,
            "gross_profit": 185131,
            "gross_margin": 25.52,
            "gross_margin_4q_avg": 38.9,
            "net_income": 22602,
            "net_income_4q": null,
            "revenue": 725507,
            "revenue_4q": null,
            "common_shares": 1880600,
            "book_valuer_per_share": 17.76,
            "book_valuer_per_share_4q_avg": 17.48,
            "equity": 4409698,
            "current_ratio": 1040.93,
            "debt_ratio": 31.8,
            "inventory_turnover_ratio": 0.41,
            "account_receivable_turnover_ratio": 0.93,
            "reinvestment_rate": 678.21,
            "research_to_sale_ratio": 4.67,
            "price_fair": 46.08,
            "eps_avg_yearly": 1.32,
            "eps_latest_yearly": 0.72,
            "eps_growth_yearly": 896.55
        },
        "20104": {
            "year_quarter": 20104,
            "year": 2010,
            "quarter": 4,
            "eps": -0.34,
            "eps_growth_year": null,
            "eps_4q": 0.07,
            "eps_4q_growth_year": -37.23,
            "roe": -1.88,
            "roe_4q": -1.19,
            "gross_profit": 65382,
            "gross_margin": 32.68,
            "gross_margin_4q_avg": 36.09,
            "net_income": -81347,
            "net_income_4q": null,
            "revenue": 200092,
            "revenue_4q": null,
            "common_shares": 1880600,
            "book_valuer_per_share": 16.95,
            "book_valuer_per_share_4q_avg": 17.45,
            "equity": 4236424,
            "current_ratio": 1152.92,
            "debt_ratio": 32.29,
            "inventory_turnover_ratio": 0.1,
            "account_receivable_turnover_ratio": 0.23,
            "reinvestment_rate": 708.24,
            "research_to_sale_ratio": 3.59,
            "price_fair": 46.71,
            "eps_avg_yearly": 1.33,
            "eps_latest_yearly": 0.72,
            "eps_growth_yearly": 1006
        },
        "20111": {
            "year_quarter": 20111,
            "year": 2011,
            "quarter": 1,
            "eps": 0.01,
            "eps_growth_year": -50,
            "eps_4q": 0.06,
            "eps_4q_growth_year": -38.97,
            "roe": -0.18,
            "roe_4q": -1.26,
            "gross_profit": 98433,
            "gross_margin": 23.95,
            "gross_margin_4q_avg": 30.78,
            "net_income": -7717,
            "net_income_4q": null,
            "revenue": 410928,
            "revenue_4q": null,
            "common_shares": 1880600,
            "book_valuer_per_share": 16.75,
            "book_valuer_per_share_4q_avg": 17.3,
            "equity": 4159695,
            "current_ratio": 1480.6,
            "debt_ratio": 31.82,
            "inventory_turnover_ratio": 0.23,
            "account_receivable_turnover_ratio": 0.49,
            "reinvestment_rate": 951.7,
            "research_to_sale_ratio": 5.32,
            "price_fair": 45.08,
            "eps_avg_yearly": 1.29,
            "eps_latest_yearly": 0.72,
            "eps_growth_yearly": 1082.32
        },
        "20112": {
            "year_quarter": 20112,
            "year": 2011,
            "quarter": 2,
            "eps": 0,
            "eps_growth_year": -99.13,
            "eps_4q": -0.15,
            "eps_4q_growth_year": -158.71,
            "roe": -0.19,
            "roe_4q": -1.74,
            "gross_profit": 111119,
            "gross_margin": 30.27,
            "gross_margin_4q_avg": 28.11,
            "net_income": -7968,
            "net_income_4q": null,
            "revenue": 367140,
            "revenue_4q": null,
            "common_shares": 1880600,
            "book_valuer_per_share": 16.64,
            "book_valuer_per_share_4q_avg": 17.03,
            "equity": 4133746,
            "current_ratio": 194.94,
            "debt_ratio": 32.68,
            "inventory_turnover_ratio": 0.19,
            "account_receivable_turnover_ratio": 0.54,
            "reinvestment_rate": 1310.04,
            "research_to_sale_ratio": 5.98,
            "price_fair": 39.04,
            "eps_avg_yearly": 1.12,
            "eps_latest_yearly": 0.72,
            "eps_growth_yearly": 1176.89
        },
        "20113": {
            "year_quarter": 20113,
            "year": 2011,
            "quarter": 3,
            "eps": 0.35,
            "eps_growth_year": 96.18,
            "eps_4q": 0.02,
            "eps_4q_growth_year": -93.56,
            "roe": 1.35,
            "roe_4q": -0.8999999999999997,
            "gross_profit": 99768,
            "gross_margin": 28.74,
            "gross_margin_4q_avg": 28.91,
            "net_income": 56879,
            "net_income_4q": null,
            "revenue": 347107,
            "revenue_4q": null,
            "common_shares": 1880600,
            "book_valuer_per_share": 17.5,
            "book_valuer_per_share_4q_avg": 16.96,
            "equity": 4282518,
            "current_ratio": 197.76,
            "debt_ratio": 32.52,
            "inventory_turnover_ratio": 0.17,
            "account_receivable_turnover_ratio": 0.63,
            "reinvestment_rate": 1400.75,
            "research_to_sale_ratio": 5.8,
            "price_fair": 33.6,
            "eps_avg_yearly": 0.96,
            "eps_latest_yearly": 0.72,
            "eps_growth_yearly": 1332.46
        },
        "20114": {
            "year_quarter": 20114,
            "year": 2011,
            "quarter": 4,
            "eps": -0.33,
            "eps_growth_year": null,
            "eps_4q": 0.03,
            "eps_4q_growth_year": -46.98,
            "roe": -1.88,
            "roe_4q": -0.8999999999999997,
            "gross_profit": 48315,
            "gross_margin": 15.4,
            "gross_margin_4q_avg": 24.59,
            "net_income": -80672,
            "net_income_4q": null,
            "revenue": 313761,
            "revenue_4q": null,
            "common_shares": 1894552,
            "book_valuer_per_share": 17.51,
            "book_valuer_per_share_4q_avg": 17.1,
            "equity": 4290898,
            "current_ratio": 200.3,
            "debt_ratio": 31.69,
            "inventory_turnover_ratio": 0.18,
            "account_receivable_turnover_ratio": 0.51,
            "reinvestment_rate": 1760.47,
            "research_to_sale_ratio": 6.98,
            "price_fair": 35,
            "eps_avg_yearly": 1,
            "eps_latest_yearly": 0.72,
            "eps_growth_yearly": 1563.49
        },
        "20121": {
            "year_quarter": 20121,
            "year": 2012,
            "quarter": 1,
            "eps": -0.22,
            "eps_growth_year": -2300,
            "eps_4q": -0.19,
            "eps_4q_growth_year": -415.46,
            "roe": -1.14,
            "roe_4q": -1.8599999999999994,
            "gross_profit": 86478,
            "gross_margin": 27.51,
            "gross_margin_4q_avg": 25.48,
            "net_income": -48491,
            "net_income_4q": null,
            "revenue": 314368,
            "revenue_4q": null,
            "common_shares": 1874142,
            "book_valuer_per_share": 16.92,
            "book_valuer_per_share_4q_avg": 17.14,
            "equity": 4222286,
            "current_ratio": 200.26,
            "debt_ratio": 31.74,
            "inventory_turnover_ratio": 0.15,
            "account_receivable_turnover_ratio": 0.47,
            "reinvestment_rate": 1728.31,
            "research_to_sale_ratio": 6.72,
            "price_fair": 40.13,
            "eps_avg_yearly": 1.15,
            "eps_latest_yearly": 0.72,
            "eps_growth_yearly": 1878.97
        },
        "20122": {
            "year_quarter": 20122,
            "year": 2012,
            "quarter": 2,
            "eps": -0.82,
            "eps_growth_year": -45217.58,
            "eps_4q": -1.02,
            "eps_4q_growth_year": null,
            "roe": -3.88,
            "roe_4q": -5.549999999999999,
            "gross_profit": 130777,
            "gross_margin": 25.18,
            "gross_margin_4q_avg": 24.21,
            "net_income": -161315,
            "net_income_4q": null,
            "revenue": 519275,
            "revenue_4q": null,
            "common_shares": 1874142,
            "book_valuer_per_share": 16.36,
            "book_valuer_per_share_4q_avg": 17.07,
            "equity": 4084186,
            "current_ratio": 726.49,
            "debt_ratio": 23.72,
            "inventory_turnover_ratio": 0.26,
            "account_receivable_turnover_ratio": 0.67,
            "reinvestment_rate": null,
            "research_to_sale_ratio": 4.92,
            "price_fair": 32.48,
            "eps_avg_yearly": 0.93,
            "eps_latest_yearly": 0.72,
            "eps_growth_yearly": 841.43
        },
        "20123": {
            "year_quarter": 20123,
            "year": 2012,
            "quarter": 3,
            "eps": -0.12,
            "eps_growth_year": -134.84,
            "eps_4q": -1.49,
            "eps_4q_growth_year": -6239.52,
            "roe": -0.78,
            "roe_4q": -7.68,
            "gross_profit": 88876,
            "gross_margin": 23.98,
            "gross_margin_4q_avg": 23.02,
            "net_income": -31659,
            "net_income_4q": null,
            "revenue": 370664,
            "revenue_4q": null,
            "common_shares": 1874142,
            "book_valuer_per_share": 16.09,
            "book_valuer_per_share_4q_avg": 16.72,
            "equity": 4026716,
            "current_ratio": 746.65,
            "debt_ratio": 23.82,
            "inventory_turnover_ratio": 0.18,
            "account_receivable_turnover_ratio": 0.45,
            "reinvestment_rate": null,
            "research_to_sale_ratio": 6.56,
            "price_fair": 17.85,
            "eps_avg_yearly": 0.51,
            "eps_latest_yearly": 0.72,
            "eps_growth_yearly": 1035.71
        },
        "20124": {
            "year_quarter": 20124,
            "year": 2012,
            "quarter": 4,
            "eps": -0.82,
            "eps_growth_year": null,
            "eps_4q": -1.98,
            "eps_4q_growth_year": -5772.51,
            "roe": -4.31,
            "roe_4q": -10.11,
            "gross_profit": 49124,
            "gross_margin": 17.59,
            "gross_margin_4q_avg": 23.57,
            "net_income": -170028,
            "net_income_4q": null,
            "revenue": 279245,
            "revenue_4q": null,
            "common_shares": 1874142,
            "book_valuer_per_share": 15.22,
            "book_valuer_per_share_4q_avg": 16.15,
            "equity": 3857213,
            "current_ratio": 1259.67,
            "debt_ratio": 21.74,
            "inventory_turnover_ratio": 0.15,
            "account_receivable_turnover_ratio": 0.46,
            "reinvestment_rate": null,
            "research_to_sale_ratio": 11.45,
            "price_fair": 17.85,
            "eps_avg_yearly": 0.51,
            "eps_latest_yearly": 0.72,
            "eps_growth_yearly": 1035.71
        },
        "20131": {
            "year_quarter": 20131,
            "year": 2013,
            "quarter": 1,
            "eps": -1.48,
            "eps_growth_year": null,
            "eps_4q": -3.25,
            "eps_4q_growth_year": null,
            "roe": -7.65,
            "roe_4q": -16.62,
            "gross_profit": 57367,
            "gross_margin": 21.87,
            "gross_margin_4q_avg": 22.16,
            "net_income": -284581,
            "net_income_4q": null,
            "revenue": 262274,
            "revenue_4q": null,
            "common_shares": 1874142,
            "book_valuer_per_share": 13.8,
            "book_valuer_per_share_4q_avg": 15.37,
            "equity": 3585305,
            "current_ratio": 986.03,
            "debt_ratio": 23.55,
            "inventory_turnover_ratio": 0.13,
            "account_receivable_turnover_ratio": 0.83,
            "reinvestment_rate": null,
            "research_to_sale_ratio": 9.23,
            "price_fair": 17.85,
            "eps_avg_yearly": 0.51,
            "eps_latest_yearly": 0.72,
            "eps_growth_yearly": 1035.71
        },
        "20132": {
            "year_quarter": 20132,
            "year": 2013,
            "quarter": 2,
            "eps": -0.2,
            "eps_growth_year": null,
            "eps_4q": -2.63,
            "eps_4q_growth_year": null,
            "roe": -1.32,
            "roe_4q": -14.06,
            "gross_profit": 51111,
            "gross_margin": 21.94,
            "gross_margin_4q_avg": 21.35,
            "net_income": -47097,
            "net_income_4q": null,
            "revenue": 232975,
            "revenue_4q": null,
            "common_shares": 1874142,
            "book_valuer_per_share": 13.64,
            "book_valuer_per_share_4q_avg": 14.69,
            "equity": 3538225,
            "current_ratio": 908.94,
            "debt_ratio": 23.64,
            "inventory_turnover_ratio": 0.12,
            "account_receivable_turnover_ratio": 1.48,
            "reinvestment_rate": null,
            "research_to_sale_ratio": 9.47,
            "price_fair": 21,
            "eps_avg_yearly": 0.6,
            "eps_latest_yearly": 0.72,
            "eps_growth_yearly": 1247.62
        },
        "20133": {
            "year_quarter": 20133,
            "year": 2013,
            "quarter": 3,
            "eps": -0.24,
            "eps_growth_year": null,
            "eps_4q": -2.75,
            "eps_4q_growth_year": null,
            "roe": -2.02,
            "roe_4q": -15.3,
            "gross_profit": 10003,
            "gross_margin": 4.4,
            "gross_margin_4q_avg": 16.45,
            "net_income": -70544,
            "net_income_4q": null,
            "revenue": 227379,
            "revenue_4q": null,
            "common_shares": 1874142,
            "book_valuer_per_share": 13.3,
            "book_valuer_per_share_4q_avg": 13.99,
            "equity": 3443159,
            "current_ratio": 748.67,
            "debt_ratio": 24.02,
            "inventory_turnover_ratio": 0.15,
            "account_receivable_turnover_ratio": 1.41,
            "reinvestment_rate": null,
            "research_to_sale_ratio": 9.16,
            "price_fair": 27.3,
            "eps_avg_yearly": 0.78,
            "eps_latest_yearly": 0.72,
            "eps_growth_yearly": 1871.43
        },
        "20134": {
            "year_quarter": 20134,
            "year": 2013,
            "quarter": 4,
            "eps": -0.64,
            "eps_growth_year": null,
            "eps_4q": -2.57,
            "eps_4q_growth_year": null,
            "roe": -6.15,
            "roe_4q": -17.14,
            "gross_profit": -97965,
            "gross_margin": -48.28,
            "gross_margin_4q_avg": -0.02,
            "net_income": -205962,
            "net_income_4q": null,
            "revenue": 202921,
            "revenue_4q": null,
            "common_shares": 1874142,
            "book_valuer_per_share": 12.73,
            "book_valuer_per_share_4q_avg": 13.37,
            "equity": 3250191,
            "current_ratio": 335.49,
            "debt_ratio": 25.09,
            "inventory_turnover_ratio": 0.21,
            "account_receivable_turnover_ratio": 1.27,
            "reinvestment_rate": null,
            "research_to_sale_ratio": 13.83,
            "price_fair": 27.3,
            "eps_avg_yearly": 0.78,
            "eps_latest_yearly": 0.72,
            "eps_growth_yearly": 1871.43
        },
        "20141": {
            "year_quarter": 20141,
            "year": 2014,
            "quarter": 1,
            "eps": 0.01,
            "eps_growth_year": null,
            "eps_4q": -1.07,
            "eps_4q_growth_year": null,
            "roe": -0.18,
            "roe_4q": -9.67,
            "gross_profit": 56411,
            "gross_margin": 24.66,
            "gross_margin_4q_avg": 0.68,
            "net_income": -5772,
            "net_income_4q": null,
            "revenue": 228730,
            "revenue_4q": null,
            "common_shares": 1854142,
            "book_valuer_per_share": 12.82,
            "book_valuer_per_share_4q_avg": 13.12,
            "equity": 3259696,
            "current_ratio": 321.18,
            "debt_ratio": 24.58,
            "inventory_turnover_ratio": 0.13,
            "account_receivable_turnover_ratio": 1.31,
            "reinvestment_rate": null,
            "research_to_sale_ratio": 7.42,
            "price_fair": 27.3,
            "eps_avg_yearly": 0.78,
            "eps_latest_yearly": 0.72,
            "eps_growth_yearly": 1871.43
        },
        "20142": {
            "year_quarter": 20142,
            "year": 2014,
            "quarter": 2,
            "eps": 0.2,
            "eps_growth_year": null,
            "eps_4q": -0.68,
            "eps_4q_growth_year": null,
            "roe": 0.55,
            "roe_4q": -7.800000000000001,
            "gross_profit": 57113,
            "gross_margin": 21.11,
            "gross_margin_4q_avg": 0.47,
            "net_income": 17818,
            "net_income_4q": null,
            "revenue": 270543,
            "revenue_4q": null,
            "common_shares": 1854142,
            "book_valuer_per_share": 12.91,
            "book_valuer_per_share_4q_avg": 12.94,
            "equity": 3258121,
            "current_ratio": 294.01,
            "debt_ratio": 24.81,
            "inventory_turnover_ratio": 0.16,
            "account_receivable_turnover_ratio": 1.37,
            "reinvestment_rate": null,
            "research_to_sale_ratio": 7.36,
            "price_fair": 26.6,
            "eps_avg_yearly": 0.76,
            "eps_latest_yearly": 0.8,
            "eps_growth_yearly": 3771.43
        },
        "20143": {
            "year_quarter": 20143,
            "year": 2014,
            "quarter": 3,
            "eps": 0,
            "eps_growth_year": null,
            "eps_4q": -0.44,
            "eps_4q_growth_year": null,
            "roe": -0.08,
            "roe_4q": -5.86,
            "gross_profit": 88396,
            "gross_margin": 31.37,
            "gross_margin_4q_avg": 7.22,
            "net_income": -2579,
            "net_income_4q": null,
            "revenue": 281767,
            "revenue_4q": null,
            "common_shares": 1854142,
            "book_valuer_per_share": 13,
            "book_valuer_per_share_4q_avg": 12.87,
            "equity": 3272331,
            "current_ratio": 299.36,
            "debt_ratio": 23.88,
            "inventory_turnover_ratio": 0.14,
            "account_receivable_turnover_ratio": 1.34,
            "reinvestment_rate": null,
            "research_to_sale_ratio": 7.3,
            "price_fair": 28,
            "eps_avg_yearly": 0.8,
            "eps_latest_yearly": 0.8,
            "eps_growth_yearly": 7600
        },
        "20144": {
            "year_quarter": 20144,
            "year": 2014,
            "quarter": 4,
            "eps": 0.03,
            "eps_growth_year": null,
            "eps_4q": 0.23,
            "eps_4q_growth_year": null,
            "roe": -0.54,
            "roe_4q": -0.24999999999999994,
            "gross_profit": 82428,
            "gross_margin": 28.09,
            "gross_margin_4q_avg": 26.31,
            "net_income": -19964,
            "net_income_4q": null,
            "revenue": 293422,
            "revenue_4q": null,
            "common_shares": 1854142,
            "book_valuer_per_share": 16.53,
            "book_valuer_per_share_4q_avg": 13.82,
            "equity": 4127660,
            "current_ratio": 683.32,
            "debt_ratio": 14.85,
            "inventory_turnover_ratio": 0.16,
            "account_receivable_turnover_ratio": 1.17,
            "reinvestment_rate": null,
            "research_to_sale_ratio": 9.11,
            "price_fair": 28,
            "eps_avg_yearly": 0.8,
            "eps_latest_yearly": 0.8,
            "eps_growth_yearly": 7600
        },
        "20151": {
            "year_quarter": 20151,
            "year": 2015,
            "quarter": 1,
            "eps": 0.01,
            "eps_growth_year": 0,
            "eps_4q": 0.23,
            "eps_4q_growth_year": null,
            "roe": 0.02,
            "roe_4q": -0.04999999999999993,
            "gross_profit": 81186,
            "gross_margin": 29.87,
            "gross_margin_4q_avg": 27.61,
            "net_income": 785,
            "net_income_4q": null,
            "revenue": 271758,
            "revenue_4q": null,
            "common_shares": 1854142,
            "book_valuer_per_share": 16.49,
            "book_valuer_per_share_4q_avg": 14.73,
            "equity": 4117920,
            "current_ratio": 690.12,
            "debt_ratio": 13.64,
            "inventory_turnover_ratio": 0.14,
            "account_receivable_turnover_ratio": 1.03,
            "reinvestment_rate": null,
            "research_to_sale_ratio": 7.79,
            "price_fair": 14.7,
            "eps_avg_yearly": 0.42,
            "eps_latest_yearly": 0.04,
            "eps_growth_yearly": 3666.67
        },
        "20152": {
            "year_quarter": 20152,
            "year": 2015,
            "quarter": 2,
            "eps": -0.11,
            "eps_growth_year": -155,
            "eps_4q": -0.07,
            "eps_4q_growth_year": null,
            "roe": -0.3,
            "roe_4q": -0.9,
            "gross_profit": 95618,
            "gross_margin": 25.26,
            "gross_margin_4q_avg": 28.65,
            "net_income": -12014,
            "net_income_4q": null,
            "revenue": 378563,
            "revenue_4q": null,
            "common_shares": 1854142,
            "book_valuer_per_share": 15.09,
            "book_valuer_per_share_4q_avg": 15.28,
            "equity": 3868973,
            "current_ratio": 449.28,
            "debt_ratio": 17.44,
            "inventory_turnover_ratio": 0.22,
            "account_receivable_turnover_ratio": 1.56,
            "reinvestment_rate": null,
            "research_to_sale_ratio": 6.05,
            "price_fair": 14.7,
            "eps_avg_yearly": 0.42,
            "eps_latest_yearly": 0.04,
            "eps_growth_yearly": 3666.67
        },
        "20153": {
            "year_quarter": 20153,
            "year": 2015,
            "quarter": 3,
            "eps": 0.03,
            "eps_growth_year": null,
            "eps_4q": -0.04,
            "eps_4q_growth_year": null,
            "roe": 0.55,
            "roe_4q": -0.26999999999999996,
            "gross_profit": 83067,
            "gross_margin": 20.56,
            "gross_margin_4q_avg": 25.95,
            "net_income": 21422,
            "net_income_4q": null,
            "revenue": 404063,
            "revenue_4q": null,
            "common_shares": 1854142,
            "book_valuer_per_share": 15.38,
            "book_valuer_per_share_4q_avg": 15.87,
            "equity": 3938383,
            "current_ratio": 455.51,
            "debt_ratio": 16.32,
            "inventory_turnover_ratio": 0.27,
            "account_receivable_turnover_ratio": 1.62,
            "reinvestment_rate": null,
            "research_to_sale_ratio": 5.12,
            "price_fair": 14.7,
            "eps_avg_yearly": 0.42,
            "eps_latest_yearly": 0.04,
            "eps_growth_yearly": 3666.67
        },
        "20154": {
            "year_quarter": 20154,
            "year": 2015,
            "quarter": 4,
            "eps": -0.26,
            "eps_growth_year": -1028.64,
            "eps_4q": -0.33,
            "eps_4q_growth_year": -241.7,
            "roe": -0.96,
            "roe_4q": -0.69,
            "gross_profit": 54811,
            "gross_margin": 15.51,
            "gross_margin_4q_avg": 22.8,
            "net_income": -37562,
            "net_income_4q": null,
            "revenue": 353377,
            "revenue_4q": null,
            "common_shares": 1854142,
            "book_valuer_per_share": 14.97,
            "book_valuer_per_share_4q_avg": 15.48,
            "equity": 3872198,
            "current_ratio": 525.97,
            "debt_ratio": 14.25,
            "inventory_turnover_ratio": 0.29,
            "account_receivable_turnover_ratio": 1.61,
            "reinvestment_rate": null,
            "research_to_sale_ratio": 7.44,
            "price_fair": 14.7,
            "eps_avg_yearly": 0.42,
            "eps_latest_yearly": 0.04,
            "eps_growth_yearly": 3666.67
        },
        "20161": {
            "year_quarter": 20161,
            "year": 2016,
            "quarter": 1,
            "eps": 0.09,
            "eps_growth_year": 800,
            "eps_4q": -0.25,
            "eps_4q_growth_year": -205.69,
            "roe": 0.73,
            "roe_4q": 0.020000000000000073,
            "gross_profit": 108152,
            "gross_margin": 25.47,
            "gross_margin_4q_avg": 21.7,
            "net_income": 28402,
            "net_income_4q": null,
            "revenue": 424621,
            "revenue_4q": null,
            "common_shares": 1854142,
            "book_valuer_per_share": 14.98,
            "book_valuer_per_share_4q_avg": 15.11,
            "equity": 3884292,
            "current_ratio": 322.14,
            "debt_ratio": 22.16,
            "inventory_turnover_ratio": 0.36,
            "account_receivable_turnover_ratio": 1.89,
            "reinvestment_rate": null,
            "research_to_sale_ratio": 4.41,
            "price_fair": 14.7,
            "eps_avg_yearly": 0.42,
            "eps_latest_yearly": 0.04,
            "eps_growth_yearly": 3666.67
        },
        "20162": {
            "year_quarter": 20162,
            "year": 2016,
            "quarter": 2,
            "eps": 0.1,
            "eps_growth_year": null,
            "eps_4q": -0.03,
            "eps_4q_growth_year": null,
            "roe": 0.98,
            "roe_4q": 1.3,
            "gross_profit": 133759,
            "gross_margin": 25.89,
            "gross_margin_4q_avg": 21.86,
            "net_income": 38270,
            "net_income_4q": null,
            "revenue": 516594,
            "revenue_4q": null,
            "common_shares": 1854142,
            "book_valuer_per_share": 14.99,
            "book_valuer_per_share_4q_avg": 15.08,
            "equity": 3904598,
            "current_ratio": 298.08,
            "debt_ratio": 22.77,
            "inventory_turnover_ratio": 0.51,
            "account_receivable_turnover_ratio": 1.68,
            "reinvestment_rate": null,
            "research_to_sale_ratio": 4.97,
            "price_fair": 14.47,
            "eps_avg_yearly": 0.41,
            "eps_latest_yearly": 0.4,
            "eps_growth_yearly": 2459.26
        },
        "20163": {
            "year_quarter": 20163,
            "year": 2016,
            "quarter": 3,
            "eps": 0.03,
            "eps_growth_year": 0,
            "eps_4q": -0.04,
            "eps_4q_growth_year": null,
            "roe": 0.41,
            "roe_4q": 1.1600000000000001,
            "gross_profit": 100849,
            "gross_margin": 25.27,
            "gross_margin_4q_avg": 23.04,
            "net_income": 15870,
            "net_income_4q": null,
            "revenue": 399066,
            "revenue_4q": null,
            "common_shares": 1844242,
            "book_valuer_per_share": 14.84,
            "book_valuer_per_share_4q_avg": 14.95,
            "equity": 3888629,
            "current_ratio": 310.76,
            "debt_ratio": 21.78,
            "inventory_turnover_ratio": 0.46,
            "account_receivable_turnover_ratio": 1.18,
            "reinvestment_rate": null,
            "research_to_sale_ratio": 5.48,
            "price_fair": 11.9,
            "eps_avg_yearly": 0.34,
            "eps_latest_yearly": 0.12,
            "eps_growth_yearly": 1774.44
        },
        "20164": {
            "year_quarter": 20164,
            "year": 2016,
            "quarter": 4,
            "eps": -0.36,
            "eps_growth_year": null,
            "eps_4q": -0.14,
            "eps_4q_growth_year": null,
            "roe": -4.85,
            "roe_4q": -2.7299999999999995,
            "gross_profit": 15491,
            "gross_margin": 5.79,
            "gross_margin_4q_avg": 20.61,
            "net_income": -183843,
            "net_income_4q": null,
            "revenue": 267332,
            "revenue_4q": null,
            "common_shares": 1844242,
            "book_valuer_per_share": 14.43,
            "book_valuer_per_share_4q_avg": 14.81,
            "equity": 3695439,
            "current_ratio": 291.8,
            "debt_ratio": 23.66,
            "inventory_turnover_ratio": 0.41,
            "account_receivable_turnover_ratio": 0.96,
            "reinvestment_rate": null,
            "research_to_sale_ratio": 7.17,
            "price_fair": 11.9,
            "eps_avg_yearly": 0.34,
            "eps_latest_yearly": 0.12,
            "eps_growth_yearly": 1774.44
        }
    },
    "months": {
        "2001-06": {
            "month": "2001-06",
            "price": "160.08",
            "revenue": 182185
        },
        "2001-07": {
            "month": "2001-07",
            "price": "152.48",
            "revenue": 176448
        },
        "2001-08": {
            "month": "2001-08",
            "price": "129.00",
            "revenue": 168025
        },
        "2001-09": {
            "month": "2001-09",
            "price": "97.74",
            "revenue": 138441
        },
        "2001-10": {
            "month": "2001-10",
            "price": "79.69",
            "revenue": 151934
        },
        "2001-11": {
            "month": "2001-11",
            "price": "96.75",
            "revenue": 149906
        },
        "2001-12": {
            "month": "2001-12",
            "price": "114.10",
            "revenue": 103414
        },
        "2002-01": {
            "month": "2002-01",
            "price": "121.41",
            "revenue": 121049
        },
        "2002-02": {
            "month": "2002-02",
            "price": "121.25",
            "revenue": 124861
        },
        "2002-03": {
            "month": "2002-03",
            "price": "125.29",
            "revenue": 179375
        },
        "2002-04": {
            "month": "2002-04",
            "price": "130.40",
            "revenue": 187547
        },
        "2002-05": {
            "month": "2002-05",
            "price": "120.16",
            "revenue": 222988
        },
        "2002-06": {
            "month": "2002-06",
            "price": "111.20",
            "revenue": 231178
        },
        "2002-07": {
            "month": "2002-07",
            "price": "112.50",
            "revenue": 214551
        },
        "2002-08": {
            "month": "2002-08",
            "price": "106.30",
            "revenue": 215039
        },
        "2002-09": {
            "month": "2002-09",
            "price": "106.78",
            "revenue": 205418
        },
        "2002-10": {
            "month": "2002-10",
            "price": "109.68",
            "revenue": 179665
        },
        "2002-11": {
            "month": "2002-11",
            "price": "103.17",
            "revenue": 162166
        },
        "2002-12": {
            "month": "2002-12",
            "price": "102.32",
            "revenue": 130949
        },
        "2003-01": {
            "month": "2003-01",
            "price": "98.05",
            "revenue": 171529
        },
        "2003-02": {
            "month": "2003-02",
            "price": "95.75",
            "revenue": 175200
        },
        "2003-03": {
            "month": "2003-03",
            "price": "90.36",
            "revenue": 205665
        },
        "2003-04": {
            "month": "2003-04",
            "price": "91.45",
            "revenue": 210042
        },
        "2003-05": {
            "month": "2003-05",
            "price": "94.48",
            "revenue": 221520
        },
        "2003-06": {
            "month": "2003-06",
            "price": "98.40",
            "revenue": 241225
        },
        "2003-07": {
            "month": "2003-07",
            "price": "98.59",
            "revenue": 240910
        },
        "2003-08": {
            "month": "2003-08",
            "price": "105.17",
            "revenue": 192144
        },
        "2003-09": {
            "month": "2003-09",
            "price": "105.02",
            "revenue": 178108
        },
        "2003-10": {
            "month": "2003-10",
            "price": "103.82",
            "revenue": 153625
        },
        "2003-11": {
            "month": "2003-11",
            "price": "105.80",
            "revenue": 162294
        },
        "2003-12": {
            "month": "2003-12",
            "price": "114.24",
            "revenue": 135425
        },
        "2004-01": {
            "month": "2004-01",
            "price": "115.13",
            "revenue": 111263
        },
        "2004-02": {
            "month": "2004-02",
            "price": "107.40",
            "revenue": 116320
        },
        "2004-03": {
            "month": "2004-03",
            "price": "106.52",
            "revenue": 122912
        },
        "2004-04": {
            "month": "2004-04",
            "price": "90.75",
            "revenue": 204702
        },
        "2004-05": {
            "month": "2004-05",
            "price": "74.50",
            "revenue": 201356
        },
        "2004-06": {
            "month": "2004-06",
            "price": "72.12",
            "revenue": 178501
        },
        "2004-07": {
            "month": "2004-07",
            "price": "74.05",
            "revenue": 233017
        },
        "2004-08": {
            "month": "2004-08",
            "price": "70.65",
            "revenue": 229062
        },
        "2004-09": {
            "month": "2004-09",
            "price": "61.36",
            "revenue": 181034
        },
        "2004-10": {
            "month": "2004-10",
            "price": "60.92",
            "revenue": 151199
        },
        "2004-11": {
            "month": "2004-11",
            "price": "64.77",
            "revenue": 129565
        },
        "2004-12": {
            "month": "2004-12",
            "price": "63.50",
            "revenue": 118298
        },
        "2005-01": {
            "month": "2005-01",
            "price": "66.81",
            "revenue": 123259
        },
        "2005-02": {
            "month": "2005-02",
            "price": "71.31",
            "revenue": 119627
        },
        "2005-03": {
            "month": "2005-03",
            "price": "74.00",
            "revenue": 136179
        },
        "2005-04": {
            "month": "2005-04",
            "price": "73.35",
            "revenue": 223009
        },
        "2005-05": {
            "month": "2005-05",
            "price": "71.82",
            "revenue": 203659
        },
        "2005-06": {
            "month": "2005-06",
            "price": "66.44",
            "revenue": 172036
        },
        "2005-07": {
            "month": "2005-07",
            "price": "63.02",
            "revenue": 208597
        },
        "2005-08": {
            "month": "2005-08",
            "price": "64.01",
            "revenue": 227982
        },
        "2005-09": {
            "month": "2005-09",
            "price": "56.53",
            "revenue": 173458
        },
        "2005-10": {
            "month": "2005-10",
            "price": "51.30",
            "revenue": 177641
        },
        "2005-11": {
            "month": "2005-11",
            "price": "48.71",
            "revenue": 131121
        },
        "2005-12": {
            "month": "2005-12",
            "price": "49.70",
            "revenue": 122373
        },
        "2006-01": {
            "month": "2006-01",
            "price": "48.80",
            "revenue": 124650
        },
        "2006-02": {
            "month": "2006-02",
            "price": "47.84",
            "revenue": 119266
        },
        "2006-03": {
            "month": "2006-03",
            "price": "56.70",
            "revenue": 203016
        },
        "2006-04": {
            "month": "2006-04",
            "price": "66.69",
            "revenue": 205206
        },
        "2006-05": {
            "month": "2006-05",
            "price": "62.97",
            "revenue": 194620
        },
        "2006-06": {
            "month": "2006-06",
            "price": "56.29",
            "revenue": 180990
        },
        "2006-07": {
            "month": "2006-07",
            "price": "65.48",
            "revenue": 219451
        },
        "2006-08": {
            "month": "2006-08",
            "price": "67.37",
            "revenue": 233217
        },
        "2006-09": {
            "month": "2006-09",
            "price": "65.55",
            "revenue": 137928
        },
        "2006-10": {
            "month": "2006-10",
            "price": "73.21",
            "revenue": 103193
        },
        "2006-11": {
            "month": "2006-11",
            "price": "67.54",
            "revenue": 98294
        },
        "2006-12": {
            "month": "2006-12",
            "price": "61.78",
            "revenue": 109065
        },
        "2007-01": {
            "month": "2007-01",
            "price": "55.48",
            "revenue": 92090
        },
        "2007-02": {
            "month": "2007-02",
            "price": "52.78",
            "revenue": 91094
        },
        "2007-03": {
            "month": "2007-03",
            "price": "62.91",
            "revenue": 137991
        },
        "2007-04": {
            "month": "2007-04",
            "price": "67.20",
            "revenue": 148892
        },
        "2007-05": {
            "month": "2007-05",
            "price": "66.64",
            "revenue": 191858
        },
        "2007-06": {
            "month": "2007-06",
            "price": "72.43",
            "revenue": 187915
        },
        "2007-07": {
            "month": "2007-07",
            "price": "83.23",
            "revenue": 203373
        },
        "2007-08": {
            "month": "2007-08",
            "price": "82.86",
            "revenue": 154207
        },
        "2007-09": {
            "month": "2007-09",
            "price": "75.81",
            "revenue": 109387
        },
        "2007-10": {
            "month": "2007-10",
            "price": "73.08",
            "revenue": 98202
        },
        "2007-11": {
            "month": "2007-11",
            "price": "61.65",
            "revenue": 91494
        },
        "2007-12": {
            "month": "2007-12",
            "price": "61.03",
            "revenue": 90640
        },
        "2008-01": {
            "month": "2008-01",
            "price": "60.05",
            "revenue": 106859
        },
        "2008-02": {
            "month": "2008-02",
            "price": "60.35",
            "revenue": 96914
        },
        "2008-03": {
            "month": "2008-03",
            "price": "62.60",
            "revenue": 140520
        },
        "2008-04": {
            "month": "2008-04",
            "price": "60.00",
            "revenue": 161502
        },
        "2008-05": {
            "month": "2008-05",
            "price": "59.07",
            "revenue": 152686
        },
        "2008-06": {
            "month": "2008-06",
            "price": "65.33",
            "revenue": 194777
        },
        "2008-07": {
            "month": "2008-07",
            "price": "62.19",
            "revenue": 151774
        },
        "2008-08": {
            "month": "2008-08",
            "price": "49.38",
            "revenue": 150993
        },
        "2008-09": {
            "month": "2008-09",
            "price": "47.49",
            "revenue": 110586
        },
        "2008-10": {
            "month": "2008-10",
            "price": "46.82",
            "revenue": 105398
        },
        "2008-11": {
            "month": "2008-11",
            "price": "45.08",
            "revenue": 91010
        },
        "2008-12": {
            "month": "2008-12",
            "price": "45.28",
            "revenue": 86527
        },
        "2009-01": {
            "month": "2009-01",
            "price": "43.59",
            "revenue": 51034
        },
        "2009-02": {
            "month": "2009-02",
            "price": "42.58",
            "revenue": 86602
        },
        "2009-03": {
            "month": "2009-03",
            "price": "47.74",
            "revenue": 99126
        },
        "2009-04": {
            "month": "2009-04",
            "price": "54.19",
            "revenue": 102318
        },
        "2009-05": {
            "month": "2009-05",
            "price": "60.00",
            "revenue": 105887
        },
        "2009-06": {
            "month": "2009-06",
            "price": "55.93",
            "revenue": 107782
        },
        "2009-07": {
            "month": "2009-07",
            "price": "64.18",
            "revenue": 120992
        },
        "2009-08": {
            "month": "2009-08",
            "price": "66.60",
            "revenue": 121702
        },
        "2009-09": {
            "month": "2009-09",
            "price": "68.16",
            "revenue": 102501
        },
        "2009-10": {
            "month": "2009-10",
            "price": "70.61",
            "revenue": 133382
        },
        "2009-11": {
            "month": "2009-11",
            "price": "71.99",
            "revenue": 113091
        },
        "2009-12": {
            "month": "2009-12",
            "price": "74.34",
            "revenue": 92246
        },
        "2010-01": {
            "month": "2010-01",
            "price": "66.10",
            "revenue": 64982
        },
        "2010-02": {
            "month": "2010-02",
            "price": "54.72",
            "revenue": 65531
        },
        "2010-03": {
            "month": "2010-03",
            "price": "58.94",
            "revenue": 75948
        },
        "2010-04": {
            "month": "2010-04",
            "price": "59.33",
            "revenue": 102971
        },
        "2010-05": {
            "month": "2010-05",
            "price": "51.20",
            "revenue": 127811
        },
        "2010-06": {
            "month": "2010-06",
            "price": "47.24",
            "revenue": 162375
        },
        "2010-07": {
            "month": "2010-07",
            "price": "50.89",
            "revenue": 167217
        },
        "2010-08": {
            "month": "2010-08",
            "price": "52.29",
            "revenue": 160607
        },
        "2010-09": {
            "month": "2010-09",
            "price": "50.47",
            "revenue": 133208
        },
        "2010-10": {
            "month": "2010-10",
            "price": "49.07",
            "revenue": 116733
        },
        "2010-11": {
            "month": "2010-11",
            "price": "46.12",
            "revenue": 111346
        },
        "2010-12": {
            "month": "2010-12",
            "price": "47.20",
            "revenue": 131592
        },
        "2011-01": {
            "month": "2011-01",
            "price": "46.40",
            "revenue": 96251
        },
        "2011-02": {
            "month": "2011-02",
            "price": "49.45",
            "revenue": 50232
        },
        "2011-03": {
            "month": "2011-03",
            "price": "50.93",
            "revenue": 94259
        },
        "2011-04": {
            "month": "2011-04",
            "price": "51.24",
            "revenue": 104081
        },
        "2011-05": {
            "month": "2011-05",
            "price": "48.93",
            "revenue": 122604
        },
        "2011-06": {
            "month": "2011-06",
            "price": "45.54",
            "revenue": 117286
        },
        "2011-07": {
            "month": "2011-07",
            "price": "44.39",
            "revenue": 131358
        },
        "2011-08": {
            "month": "2011-08",
            "price": "38.26",
            "revenue": 118132
        },
        "2011-09": {
            "month": "2011-09",
            "price": "36.97",
            "revenue": 92825
        },
        "2011-10": {
            "month": "2011-10",
            "price": "36.68",
            "revenue": 109264
        },
        "2011-11": {
            "month": "2011-11",
            "price": "36.86",
            "revenue": 89988
        },
        "2011-12": {
            "month": "2011-12",
            "price": "38.41",
            "revenue": 72012
        },
        "2012-01": {
            "month": "2012-01",
            "price": "36.37",
            "revenue": 55334
        },
        "2012-02": {
            "month": "2012-02",
            "price": "39.08",
            "revenue": 40800
        },
        "2012-03": {
            "month": "2012-03",
            "price": "37.55",
            "revenue": 118900
        },
        "2012-04": {
            "month": "2012-04",
            "price": "36.19",
            "revenue": 102947
        },
        "2012-05": {
            "month": "2012-05",
            "price": "33.19",
            "revenue": 174895
        },
        "2012-06": {
            "month": "2012-06",
            "price": "32.85",
            "revenue": 177019
        },
        "2012-07": {
            "month": "2012-07",
            "price": "35.08",
            "revenue": 146995
        },
        "2012-08": {
            "month": "2012-08",
            "price": "36.63",
            "revenue": 105434
        },
        "2012-09": {
            "month": "2012-09",
            "price": "35.25",
            "revenue": 80600
        },
        "2012-10": {
            "month": "2012-10",
            "price": "34.18",
            "revenue": 90305
        },
        "2012-11": {
            "month": "2012-11",
            "price": "36.43",
            "revenue": 63340
        },
        "2012-12": {
            "month": "2012-12",
            "price": "36.35",
            "revenue": 60821
        },
        "2013-01": {
            "month": "2013-01",
            "price": "34.16",
            "revenue": 82231
        },
        "2013-02": {
            "month": "2013-02",
            "price": "35.90",
            "revenue": 95742
        },
        "2013-03": {
            "month": "2013-03",
            "price": "34.67",
            "revenue": 84190
        },
        "2013-04": {
            "month": "2013-04",
            "price": "33.81",
            "revenue": 69525
        },
        "2013-05": {
            "month": "2013-05",
            "price": "33.85",
            "revenue": 67779
        },
        "2013-06": {
            "month": "2013-06",
            "price": "31.76",
            "revenue": 98709
        },
        "2013-07": {
            "month": "2013-07",
            "price": "28.21",
            "revenue": 84956
        },
        "2013-08": {
            "month": "2013-08",
            "price": "29.92",
            "revenue": 70437
        },
        "2013-09": {
            "month": "2013-09",
            "price": "32.57",
            "revenue": 69053
        },
        "2013-10": {
            "month": "2013-10",
            "price": "32.35",
            "revenue": 69241
        },
        "2013-11": {
            "month": "2013-11",
            "price": "29.25",
            "revenue": 58064
        },
        "2013-12": {
            "month": "2013-12",
            "price": "29.66",
            "revenue": 75622
        },
        "2014-01": {
            "month": "2014-01",
            "price": "29.84",
            "revenue": 75085
        },
        "2014-02": {
            "month": "2014-02",
            "price": "29.80",
            "revenue": 75227
        },
        "2014-03": {
            "month": "2014-03",
            "price": "32.94",
            "revenue": 78420
        },
        "2014-04": {
            "month": "2014-04",
            "price": "31.27",
            "revenue": 82659
        },
        "2014-05": {
            "month": "2014-05",
            "price": "32.50",
            "revenue": 89906
        },
        "2014-06": {
            "month": "2014-06",
            "price": "35.99",
            "revenue": 97976
        },
        "2014-07": {
            "month": "2014-07",
            "price": "45.08",
            "revenue": 96439
        },
        "2014-08": {
            "month": "2014-08",
            "price": "44.34",
            "revenue": 90142
        },
        "2014-09": {
            "month": "2014-09",
            "price": "48.09",
            "revenue": 92570
        },
        "2014-10": {
            "month": "2014-10",
            "price": "51.84",
            "revenue": 100607
        },
        "2014-11": {
            "month": "2014-11",
            "price": "59.64",
            "revenue": 93590
        },
        "2014-12": {
            "month": "2014-12",
            "price": "63.28",
            "revenue": 101841
        },
        "2015-01": {
            "month": "2015-01",
            "price": "66.60",
            "revenue": 72535
        },
        "2015-02": {
            "month": "2015-02",
            "price": "61.53",
            "revenue": 94428
        },
        "2015-03": {
            "month": "2015-03",
            "price": "57.12",
            "revenue": 104784
        },
        "2015-04": {
            "month": "2015-04",
            "price": "55.67",
            "revenue": 123644
        },
        "2015-05": {
            "month": "2015-05",
            "price": "60.21",
            "revenue": 136535
        },
        "2015-06": {
            "month": "2015-06",
            "price": "62.22",
            "revenue": 124027
        },
        "2015-07": {
            "month": "2015-07",
            "price": "59.36",
            "revenue": 136461
        },
        "2015-08": {
            "month": "2015-08",
            "price": "63.91",
            "revenue": 132211
        },
        "2015-09": {
            "month": "2015-09",
            "price": "71.91",
            "revenue": 140540
        },
        "2015-10": {
            "month": "2015-10",
            "price": "75.88",
            "revenue": 105982
        },
        "2015-11": {
            "month": "2015-11",
            "price": "76.12",
            "revenue": 121330
        },
        "2015-12": {
            "month": "2015-12",
            "price": "71.71",
            "revenue": 115290
        },
        "2016-01": {
            "month": "2016-01",
            "price": "69.58",
            "revenue": 128758
        },
        "2016-02": {
            "month": "2016-02",
            "price": "69.63",
            "revenue": 119350
        },
        "2016-03": {
            "month": "2016-03",
            "price": "72.10",
            "revenue": 176445
        },
        "2016-04": {
            "month": "2016-04",
            "price": "69.91",
            "revenue": 174463
        },
        "2016-05": {
            "month": "2016-05",
            "price": "69.58",
            "revenue": 163035
        },
        "2016-06": {
            "month": "2016-06",
            "price": "67.78",
            "revenue": 178485
        },
        "2016-07": {
            "month": "2016-07",
            "price": "70.56",
            "revenue": 139796
        },
        "2016-08": {
            "month": "2016-08",
            "price": "71.16",
            "revenue": 131047
        },
        "2016-09": {
            "month": "2016-09",
            "price": "67.99",
            "revenue": 129128
        },
        "2016-10": {
            "month": "2016-10",
            "price": "70.82",
            "revenue": 126769
        },
        "2016-11": {
            "month": "2016-11",
            "price": "66.30",
            "revenue": 67507
        },
        "2016-12": {
            "month": "2016-12",
            "price": "65.08",
            "revenue": 72830
        },
        "2017-01": {
            "month": "2017-01",
            "price": "63.00",
            "revenue": 95993
        },
        "2017-02": {
            "month": "2017-02",
            "price": "65.79",
            "revenue": 91140
        },
        "2017-03": {
            "month": "2017-03",
            "price": "65.85",
            "revenue": 97878
        },
        "2017-04": {
            "month": "2017-04",
            "price": "61.64",
            "revenue": 107555
        },
        "2017-05": {
            "month": "2017-05",
            "price": "32.75",
            "revenue": 90053
        }
    }
}
