{
    "summary": {
        "stock_name": "花仙子",
        "stock_id": "1730",
        "category": "化工",
        "main_business": "家庭日用化學品工業類<br>玻璃陶瓷餐具",
        "website_url": "http://www.farcent.com.tw",
        "ceo": "雷慧敏",
        "pe_ratio": 15,
        "report_year_from": 2001,
        "report_year_to": 2023,
        "age": 23,
        "eps_negative_percentage": 0,
        "eps_growth_avg": {
            "last_all": 11.22,
            "last_2y": -12.31,
            "last_4y": -5.17,
            "last_8y": 8.23,
            "last_12y": 9.63,
            "last_16y": 12.26,
            "last_20y": 13.21,
            "at_2006_last_3y": 17.26,
            "at_2007_last_3y": 5.09,
            "at_2008_last_3y": 1.08,
            "at_2009_last_3y": 19.67,
            "at_2010_last_3y": 20.81,
            "at_2011_last_3y": 30.91,
            "at_2012_last_3y": 29.38,
            "at_2013_last_3y": 29.38,
            "at_2014_last_3y": 12.78,
            "at_2015_last_3y": 18.24,
            "at_2016_last_3y": 24.28,
            "at_2017_last_3y": -0.06,
            "at_2018_last_3y": 24.97,
            "at_2019_last_3y": 20.36,
            "at_2020_last_3y": 17.84,
            "at_2021_last_3y": 10.93,
            "at_2022_last_3y": -4.21,
            "at_2023_last_3y": -8.63,
            "at_2024_last_3y": -8.63,
            "at_2006_last_all": 7.69,
            "at_2007_last_all": 0.55,
            "at_2008_last_all": -0.32,
            "at_2009_last_all": 12.22,
            "at_2010_last_all": 13.52,
            "at_2011_last_all": 12.69,
            "at_2012_last_all": 10.48,
            "at_2013_last_all": 17.94,
            "at_2014_last_all": 13.29,
            "at_2015_last_all": 14.28,
            "at_2016_last_all": 14.16,
            "at_2017_last_all": 13.44,
            "at_2018_last_all": 16.04,
            "at_2019_last_all": 15.63,
            "at_2020_last_all": 14.93,
            "at_2021_last_all": 12.94,
            "at_2022_last_all": 12.18,
            "at_2023_last_all": 11.22,
            "at_2024_last_all": 11.22
        },
        "latest_eps": 3.65,
        "latest_price": 56.5,
        "latest_roe": 13.38,
        "latest_gross_margin": 46.88,
        "latest_equity": 1965053,
        "latest_revenue": 658221,
        "latest_gross_profit": 308551,
        "latest_net_income": 60190,
        "latest_debt_ratio": 23.12,
        "latest_current_ratio": 337.79,
        "latest_account_receivable_turnover_ratio": 1.21,
        "latest_inventory_turnover_ratio": 0.98,
        "latest_reinvestment_rate": -46.25,
        "latest_research_to_sale_ratio": 1.23
    },
    "eps_dividends": {
        "1999": {
            "cash": 1,
            "stock": 0.7,
            "eps": 0
        },
        "2000": {
            "cash": 0.7,
            "stock": 0.8,
            "eps": 0
        },
        "2001": {
            "cash": 0.45,
            "stock": 0,
            "eps": 0.85
        },
        "2002": {
            "cash": 0.5,
            "stock": 0,
            "eps": 0.59
        },
        "2003": {
            "cash": 0.5,
            "stock": 0,
            "eps": 0.67
        },
        "2004": {
            "cash": 0,
            "stock": 0.7,
            "eps": 0.74
        },
        "2005": {
            "cash": 0.6,
            "stock": 0,
            "eps": 0.93
        },
        "2006": {
            "cash": 0.75,
            "stock": 0.75,
            "eps": 1.11
        },
        "2007": {
            "cash": 0.8,
            "stock": 0,
            "eps": 0.72
        },
        "2008": {
            "cash": 0.7,
            "stock": 0,
            "eps": 0.68
        },
        "2009": {
            "cash": 0.5,
            "stock": 0,
            "eps": 1.38
        },
        "2010": {
            "cash": 1,
            "stock": 0,
            "eps": 1.71
        },
        "2011": {
            "cash": 2,
            "stock": 0,
            "eps": 1.8
        },
        "2012": {
            "cash": 0,
            "stock": 0,
            "eps": 1.59
        },
        "2013": {
            "cash": 1.1,
            "stock": 0,
            "eps": 3.72
        },
        "2014": {
            "cash": 2.7,
            "stock": 0,
            "eps": 2.14
        },
        "2015": {
            "cash": 1.7,
            "stock": 0,
            "eps": 2.72
        },
        "2016": {
            "cash": 2,
            "stock": 0,
            "eps": 3.06
        },
        "2017": {
            "cash": 2.2,
            "stock": 0,
            "eps": 3.14
        },
        "2018": {
            "cash": 2.3,
            "stock": 0,
            "eps": 4.95
        },
        "2019": {
            "cash": 3.5,
            "stock": 0,
            "eps": 5.38
        },
        "2020": {
            "cash": 3.76,
            "stock": 0,
            "eps": 5.51
        },
        "2021": {
            "cash": 3.86,
            "stock": 0,
            "eps": 4.13
        },
        "2022": {
            "cash": 3,
            "stock": 0,
            "eps": 4.01
        },
        "2023": {
            "cash": 3,
            "stock": 0,
            "eps": 3.65
        },
        "2024": {
            "cash": 2.8,
            "stock": 0,
            "eps": 0
        }
    },
    "dividends": {
        "1999-06-05": {
            "cash": 1,
            "stock": 0.7
        },
        "2000-06-05": {
            "cash": 0.7,
            "stock": 0.8
        },
        "2001-06-08": {
            "cash": 0.45,
            "stock": 0
        },
        "2002-06-20": {
            "cash": 0.5,
            "stock": 0
        },
        "2003-03-28": {
            "cash": 0.5,
            "stock": 0
        },
        "2004-03-30": {
            "cash": 0,
            "stock": 0.7
        },
        "2005-03-28": {
            "cash": 0.6,
            "stock": 0
        },
        "2006-03-27": {
            "cash": 0.75,
            "stock": 0.75
        },
        "2007-03-26": {
            "cash": 0.8,
            "stock": 0
        },
        "2008-03-24": {
            "cash": 0.7,
            "stock": 0
        },
        "2009-03-31": {
            "cash": 0.5,
            "stock": 0
        },
        "2010-03-26": {
            "cash": 1,
            "stock": 0
        },
        "2011-01-01": {
            "cash": 1,
            "stock": 0
        },
        "2011-03-11": {
            "cash": 1,
            "stock": 0
        },
        "2013-03-13": {
            "cash": 1.1,
            "stock": 0
        },
        "2014-08-29": {
            "cash": 2.7,
            "stock": 0
        },
        "2015-08-28": {
            "cash": 1.7,
            "stock": 0
        },
        "2016-08-31": {
            "cash": 2,
            "stock": 0
        },
        "2017-08-28": {
            "cash": 2.2,
            "stock": 0
        },
        "2018-08-30": {
            "cash": 2.3,
            "stock": 0
        },
        "2019-08-29": {
            "cash": 3.5,
            "stock": 0
        },
        "2020-09-11": {
            "cash": 3.76,
            "stock": 0
        },
        "2021-09-03": {
            "cash": 3.86,
            "stock": 0
        },
        "2022-08-25": {
            "cash": 3,
            "stock": 0
        },
        "2023-08-30": {
            "cash": 3,
            "stock": 0
        },
        "2024-02-26": {
            "cash": 2.8,
            "stock": 0
        }
    },
    "prices": {
        "200101": "無",
        "200102": "無",
        "200103": "無",
        "200104": "無",
        "200105": "無",
        "200106": "無",
        "200107": "無",
        "200108": "無",
        "200109": "9.86",
        "200110": "10.31",
        "200111": "9.42",
        "200112": "9.28",
        "200201": "10.26",
        "200202": "10.57",
        "200203": "10.76",
        "200204": "11.70",
        "200205": "11.51",
        "200206": "14.69",
        "200207": "13.40",
        "200208": "11.92",
        "200209": "9.76",
        "200210": "9.22",
        "200211": "10.26",
        "200212": "10.37",
        "200301": "11.05",
        "200302": "10.30",
        "200303": "9.33",
        "200304": "9.38",
        "200305": "12.12",
        "200306": "12.44",
        "200307": "11.87",
        "200308": "11.29",
        "200309": "11.30",
        "200310": "11.21",
        "200311": "11.22",
        "200312": "11.51",
        "200401": "11.52",
        "200402": "12.37",
        "200403": "11.84",
        "200404": "12.24",
        "200405": "10.90",
        "200406": "10.34",
        "200407": "9.84",
        "200408": "9.30",
        "200409": "9.51",
        "200410": "9.40",
        "200411": "9.23",
        "200412": "9.10",
        "200501": "9.27",
        "200502": "9.60",
        "200503": "9.75",
        "200504": "9.84",
        "200505": "10.06",
        "200506": "10.17",
        "200507": "10.22",
        "200508": "10.07",
        "200509": "9.91",
        "200510": "10.47",
        "200511": "12.11",
        "200512": "11.50",
        "200601": "11.49",
        "200602": "11.68",
        "200603": "11.86",
        "200604": "11.29",
        "200605": "11.86",
        "200606": "11.31",
        "200607": "11.24",
        "200608": "11.46",
        "200609": "11.70",
        "200610": "11.66",
        "200611": "11.88",
        "200612": "12.24",
        "200701": "13.09",
        "200702": "12.72",
        "200703": "12.08",
        "200704": "12.93",
        "200705": "13.46",
        "200706": "13.77",
        "200707": "16.99",
        "200708": "15.83",
        "200709": "14.64",
        "200710": "14.24",
        "200711": "12.08",
        "200712": "11.57",
        "200801": "11.20",
        "200802": "11.89",
        "200803": "13.06",
        "200804": "13.46",
        "200805": "15.02",
        "200806": "13.62",
        "200807": "11.47",
        "200808": "11.46",
        "200809": "9.26",
        "200810": "7.99",
        "200811": "7.86",
        "200812": "8.18",
        "200901": "8.30",
        "200902": "8.25",
        "200903": "8.50",
        "200904": "10.30",
        "200905": "14.01",
        "200906": "13.21",
        "200907": "13.65",
        "200908": "17.18",
        "200909": "18.58",
        "200910": "18.20",
        "200911": "18.35",
        "200912": "17.27",
        "201001": "16.54",
        "201002": "13.80",
        "201003": "15.10",
        "201004": "16.75",
        "201005": "16.39",
        "201006": "16.37",
        "201007": "17.53",
        "201008": "19.92",
        "201009": "19.78",
        "201010": "19.20",
        "201011": "18.49",
        "201012": "19.18",
        "201101": "19.76",
        "201102": "20.76",
        "201103": "19.06",
        "201104": "20.05",
        "201105": "19.86",
        "201106": "19.18",
        "201107": "19.06",
        "201108": "18.49",
        "201109": "17.38",
        "201110": "17.37",
        "201111": "17.02",
        "201112": "15.68",
        "201201": "16.37",
        "201202": "17.07",
        "201203": "17.30",
        "201204": "17.42",
        "201205": "17.68",
        "201206": "17.76",
        "201207": "18.03",
        "201208": "19.00",
        "201209": "18.20",
        "201210": "17.74",
        "201211": "17.24",
        "201212": "17.60",
        "201301": "17.94",
        "201302": "18.15",
        "201303": "18.40",
        "201304": "19.31",
        "201305": "18.92",
        "201306": "18.94",
        "201307": "19.98",
        "201308": "20.77",
        "201309": "20.03",
        "201310": "23.22",
        "201311": "24.95",
        "201312": "26.79",
        "201401": "26.97",
        "201402": "26.35",
        "201403": "26.77",
        "201404": "28.70",
        "201405": "28.24",
        "201406": "28.35",
        "201407": "29.00",
        "201408": "25.44",
        "201409": "26.33",
        "201410": "27.91",
        "201411": "28.52",
        "201412": "28.40",
        "201501": "29.01",
        "201502": "28.89",
        "201503": "30.30",
        "201504": "34.33",
        "201505": "32.26",
        "201506": "32.96",
        "201507": "30.13",
        "201508": "28.62",
        "201509": "29.61",
        "201510": "31.63",
        "201511": "34.85",
        "201512": "36.31",
        "201601": "34.47",
        "201602": "36.12",
        "201603": "36.88",
        "201604": "37.47",
        "201605": "37.23",
        "201606": "36.88",
        "201607": "37.20",
        "201608": "37.27",
        "201609": "36.74",
        "201610": "36.28",
        "201611": "36.74",
        "201612": "38.15",
        "201701": "38.11",
        "201702": "38.78",
        "201703": "40.10",
        "201704": "38.91",
        "201705": "39.25",
        "201706": "41.10",
        "201707": "41.15",
        "201708": "40.57",
        "201709": "41.09",
        "201710": "41.19",
        "201711": "41.35",
        "201712": "40.71",
        "201801": "40.91",
        "201802": "41.77",
        "201803": "44.70",
        "201804": "47.48",
        "201805": "47.96",
        "201806": "48.56",
        "201807": "53.76",
        "201808": "52.16",
        "201809": "50.69",
        "201810": "49.77",
        "201811": "51.98",
        "201812": "62.88",
        "201901": "64.98",
        "201902": "68.69",
        "201903": "70.58",
        "201904": "69.86",
        "201905": "81.39",
        "201906": "89.90",
        "201907": "89.14",
        "201908": "81.82",
        "201909": "77.26",
        "201910": "72.99",
        "201911": "72.08",
        "201912": "71.00",
        "202001": "74.53",
        "202002": "76.86",
        "202003": "60.95",
        "202004": "62.88",
        "202005": "70.52",
        "202006": "76.38",
        "202007": "74.77",
        "202008": "73.22",
        "202009": "70.95",
        "202010": "72.14",
        "202011": "72.23",
        "202012": "71.42",
        "202101": "70.40",
        "202102": "69.86",
        "202103": "71.24",
        "202104": "71.57",
        "202105": "70.59",
        "202106": "68.70",
        "202107": "68.59",
        "202108": "65.45",
        "202109": "64.74",
        "202110": "63.31",
        "202111": "63.76",
        "202112": "63.36",
        "202201": "63.88",
        "202202": "63.44",
        "202203": "62.13",
        "202204": "61.19",
        "202205": "59.28",
        "202206": "59.54",
        "202207": "58.26",
        "202208": "57.38",
        "202209": "56.85",
        "202210": "53.77",
        "202211": "54.39",
        "202212": "55.50",
        "202301": "55.04",
        "202302": "55.65",
        "202303": "56.30",
        "202304": "57.25",
        "202305": "59.09",
        "202306": "59.72",
        "202307": "59.73",
        "202308": "58.37",
        "202309": "57.78",
        "202310": "56.62",
        "202311": "56.64",
        "202312": "57.50"
    },
    "quarters": {
        "20011": {
            "year_quarter": 20011,
            "year": 2001,
            "quarter": 1,
            "eps": 0.29,
            "eps_growth_year": -3.33,
            "eps_4q": 0.6,
            "eps_4q_growth_year": -56.94,
            "roe": 2.46,
            "roe_4q": 2.46,
            "gross_profit": 49461,
            "gross_margin": 45.52,
            "gross_margin_4q_avg": 45.52,
            "net_income": 11784,
            "net_income_4q": null,
            "revenue": 108656,
            "revenue_4q": null,
            "common_shares": 407824,
            "book_valuer_per_share": 11.9,
            "book_valuer_per_share_4q_avg": 11.9,
            "equity": 485362,
            "current_ratio": 369.37,
            "debt_ratio": 15.77,
            "inventory_turnover_ratio": 1.02,
            "account_receivable_turnover_ratio": null,
            "reinvestment_rate": null,
            "research_to_sale_ratio": null,
            "price_fair": 0,
            "eps_avg_yearly": 0,
            "eps_latest_yearly": 0,
            "eps_growth_yearly": 0
        },
        "20012": {
            "year_quarter": 20012,
            "year": 2001,
            "quarter": 2,
            "eps": 0.16,
            "eps_growth_year": -74.6,
            "eps_4q": 0.19,
            "eps_4q_growth_year": -89.13,
            "roe": 1.39,
            "roe_4q": 3.8499999999999996,
            "gross_profit": 52919,
            "gross_margin": 46.58,
            "gross_margin_4q_avg": 46.05,
            "net_income": 6643,
            "net_income_4q": null,
            "revenue": 113600,
            "revenue_4q": null,
            "common_shares": 407824,
            "book_valuer_per_share": 11.59,
            "book_valuer_per_share_4q_avg": 11.75,
            "equity": 472482,
            "current_ratio": 299.08,
            "debt_ratio": 19.97,
            "inventory_turnover_ratio": 1.02,
            "account_receivable_turnover_ratio": null,
            "reinvestment_rate": null,
            "research_to_sale_ratio": null,
            "price_fair": 0,
            "eps_avg_yearly": 0,
            "eps_latest_yearly": 0,
            "eps_growth_yearly": 0
        },
        "20013": {
            "year_quarter": 20013,
            "year": 2001,
            "quarter": 3,
            "eps": 0.09,
            "eps_growth_year": 200,
            "eps_4q": 0.24,
            "eps_4q_growth_year": -78.37,
            "roe": 0.78,
            "roe_4q": 4.63,
            "gross_profit": 41068,
            "gross_margin": 43.36,
            "gross_margin_4q_avg": 45.15,
            "net_income": 3705,
            "net_income_4q": null,
            "revenue": 94724,
            "revenue_4q": null,
            "common_shares": 407824,
            "book_valuer_per_share": 11.68,
            "book_valuer_per_share_4q_avg": 11.72,
            "equity": 476186,
            "current_ratio": 336.61,
            "debt_ratio": 17.75,
            "inventory_turnover_ratio": 0.95,
            "account_receivable_turnover_ratio": null,
            "reinvestment_rate": null,
            "research_to_sale_ratio": null,
            "price_fair": 0,
            "eps_avg_yearly": 0,
            "eps_latest_yearly": 0,
            "eps_growth_yearly": 0
        },
        "20014": {
            "year_quarter": 20014,
            "year": 2001,
            "quarter": 4,
            "eps": 0.31,
            "eps_growth_year": null,
            "eps_4q": 0.86,
            "eps_4q_growth_year": 45.84,
            "roe": 2.58,
            "roe_4q": 7.21,
            "gross_profit": 52248,
            "gross_margin": 42.03,
            "gross_margin_4q_avg": 44.37,
            "net_income": 12464,
            "net_income_4q": null,
            "revenue": 124312,
            "revenue_4q": null,
            "common_shares": 407824,
            "book_valuer_per_share": 11.98,
            "book_valuer_per_share_4q_avg": 11.79,
            "equity": 488651,
            "current_ratio": 337.41,
            "debt_ratio": 18.14,
            "inventory_turnover_ratio": 1.17,
            "account_receivable_turnover_ratio": null,
            "reinvestment_rate": null,
            "research_to_sale_ratio": null,
            "price_fair": 0,
            "eps_avg_yearly": 0,
            "eps_latest_yearly": 0,
            "eps_growth_yearly": 0
        },
        "20021": {
            "year_quarter": 20021,
            "year": 2002,
            "quarter": 1,
            "eps": 0.36,
            "eps_growth_year": 24.14,
            "eps_4q": 0.93,
            "eps_4q_growth_year": 53.26,
            "roe": 2.92,
            "roe_4q": 7.67,
            "gross_profit": 56458,
            "gross_margin": 44.38,
            "gross_margin_4q_avg": 44.09,
            "net_income": 14494,
            "net_income_4q": null,
            "revenue": 127217,
            "revenue_4q": null,
            "common_shares": 407824,
            "book_valuer_per_share": 12.34,
            "book_valuer_per_share_4q_avg": 11.9,
            "equity": 503145,
            "current_ratio": 385.1,
            "debt_ratio": 16.21,
            "inventory_turnover_ratio": 1.1,
            "account_receivable_turnover_ratio": null,
            "reinvestment_rate": null,
            "research_to_sale_ratio": null,
            "price_fair": 50.4,
            "eps_avg_yearly": 1.44,
            "eps_latest_yearly": 1.44,
            "eps_growth_yearly": 64.52
        },
        "20022": {
            "year_quarter": 20022,
            "year": 2002,
            "quarter": 2,
            "eps": 0.01,
            "eps_growth_year": -93.75,
            "eps_4q": 0.76,
            "eps_4q_growth_year": 309.54,
            "roe": 0.05,
            "roe_4q": 6.33,
            "gross_profit": 42284,
            "gross_margin": 44.83,
            "gross_margin_4q_avg": 43.65,
            "net_income": 256,
            "net_income_4q": null,
            "revenue": 94317,
            "revenue_4q": null,
            "common_shares": 407824,
            "book_valuer_per_share": 11.81,
            "book_valuer_per_share_4q_avg": 11.95,
            "equity": 481693,
            "current_ratio": 340.62,
            "debt_ratio": 18.24,
            "inventory_turnover_ratio": 0.88,
            "account_receivable_turnover_ratio": null,
            "reinvestment_rate": null,
            "research_to_sale_ratio": null,
            "price_fair": 2.22,
            "eps_avg_yearly": 0.74,
            "eps_latest_yearly": 0.04,
            "eps_growth_yearly": -162.19
        },
        "20023": {
            "year_quarter": 20023,
            "year": 2002,
            "quarter": 3,
            "eps": 0.08,
            "eps_growth_year": -11.11,
            "eps_4q": 0.78,
            "eps_4q_growth_year": 221.02,
            "roe": 0.64,
            "roe_4q": 6.1899999999999995,
            "gross_profit": 42257,
            "gross_margin": 44.12,
            "gross_margin_4q_avg": 43.84,
            "net_income": 3090,
            "net_income_4q": null,
            "revenue": 95774,
            "revenue_4q": null,
            "common_shares": 407824,
            "book_valuer_per_share": 11.89,
            "book_valuer_per_share_4q_avg": 12.01,
            "equity": 484783,
            "current_ratio": 422.61,
            "debt_ratio": 14.51,
            "inventory_turnover_ratio": 0.97,
            "account_receivable_turnover_ratio": null,
            "reinvestment_rate": null,
            "research_to_sale_ratio": null,
            "price_fair": 21,
            "eps_avg_yearly": 0.6,
            "eps_latest_yearly": 0.32,
            "eps_growth_yearly": 825.21
        },
        "20024": {
            "year_quarter": 20024,
            "year": 2002,
            "quarter": 4,
            "eps": 0.14,
            "eps_growth_year": -54.84,
            "eps_4q": 0.59,
            "eps_4q_growth_year": -31.59,
            "roe": 1.14,
            "roe_4q": 4.75,
            "gross_profit": 47514,
            "gross_margin": 39.77,
            "gross_margin_4q_avg": 43.28,
            "net_income": 5567,
            "net_income_4q": null,
            "revenue": 119475,
            "revenue_4q": null,
            "common_shares": 407824,
            "book_valuer_per_share": 12.05,
            "book_valuer_per_share_4q_avg": 12.02,
            "equity": 494482,
            "current_ratio": 290.24,
            "debt_ratio": 20.01,
            "inventory_turnover_ratio": 1.19,
            "account_receivable_turnover_ratio": null,
            "reinvestment_rate": 35.47,
            "research_to_sale_ratio": null,
            "price_fair": 20.65,
            "eps_avg_yearly": 0.59,
            "eps_latest_yearly": 0.56,
            "eps_growth_yearly": 693.91
        },
        "20031": {
            "year_quarter": 20031,
            "year": 2003,
            "quarter": 1,
            "eps": 0.2,
            "eps_growth_year": -44.44,
            "eps_4q": 0.42,
            "eps_4q_growth_year": -55.06,
            "roe": 1.66,
            "roe_4q": 3.4899999999999998,
            "gross_profit": 45732,
            "gross_margin": 42.95,
            "gross_margin_4q_avg": 42.92,
            "net_income": 8237,
            "net_income_4q": null,
            "revenue": 106477,
            "revenue_4q": null,
            "common_shares": 407824,
            "book_valuer_per_share": 12.25,
            "book_valuer_per_share_4q_avg": 12,
            "equity": 499724,
            "current_ratio": 404.83,
            "debt_ratio": 13.76,
            "inventory_turnover_ratio": 1.05,
            "account_receivable_turnover_ratio": null,
            "reinvestment_rate": 9.87,
            "research_to_sale_ratio": null,
            "price_fair": 22.12,
            "eps_avg_yearly": 0.63,
            "eps_latest_yearly": 0.8,
            "eps_growth_yearly": 589.41
        },
        "20032": {
            "year_quarter": 20032,
            "year": 2003,
            "quarter": 2,
            "eps": 0.09,
            "eps_growth_year": 800,
            "eps_4q": 0.52,
            "eps_4q_growth_year": -30.98,
            "roe": 0.72,
            "roe_4q": 4.159999999999999,
            "gross_profit": 45114,
            "gross_margin": 44.18,
            "gross_margin_4q_avg": 42.76,
            "net_income": 3509,
            "net_income_4q": null,
            "revenue": 102111,
            "revenue_4q": null,
            "common_shares": 407824,
            "book_valuer_per_share": 11.8,
            "book_valuer_per_share_4q_avg": 12,
            "equity": 481403,
            "current_ratio": 176.61,
            "debt_ratio": 26.34,
            "inventory_turnover_ratio": 1.21,
            "account_receivable_turnover_ratio": null,
            "reinvestment_rate": -4.48,
            "research_to_sale_ratio": null,
            "price_fair": 20.53,
            "eps_avg_yearly": 0.59,
            "eps_latest_yearly": 0.36,
            "eps_growth_yearly": 454.51
        },
        "20033": {
            "year_quarter": 20033,
            "year": 2003,
            "quarter": 3,
            "eps": 0.19,
            "eps_growth_year": 137.5,
            "eps_4q": 0.62,
            "eps_4q_growth_year": -20.97,
            "roe": 1.58,
            "roe_4q": 5.1,
            "gross_profit": 59192,
            "gross_margin": 46.91,
            "gross_margin_4q_avg": 43.45,
            "net_income": 7649,
            "net_income_4q": null,
            "revenue": 126171,
            "revenue_4q": null,
            "common_shares": 407824,
            "book_valuer_per_share": 11.98,
            "book_valuer_per_share_4q_avg": 12.02,
            "equity": 488582,
            "current_ratio": 185.64,
            "debt_ratio": 24.62,
            "inventory_turnover_ratio": 1.22,
            "account_receivable_turnover_ratio": null,
            "reinvestment_rate": -13.81,
            "research_to_sale_ratio": null,
            "price_fair": 21.4,
            "eps_avg_yearly": 0.61,
            "eps_latest_yearly": 0.76,
            "eps_growth_yearly": 453.07
        },
        "20034": {
            "year_quarter": 20034,
            "year": 2003,
            "quarter": 4,
            "eps": 0.19,
            "eps_growth_year": 35.71,
            "eps_4q": 0.64,
            "eps_4q_growth_year": 9.31,
            "roe": 1.5,
            "roe_4q": 5.46,
            "gross_profit": 74217,
            "gross_margin": 43.82,
            "gross_margin_4q_avg": 44.47,
            "net_income": 8127,
            "net_income_4q": null,
            "revenue": 169373,
            "revenue_4q": null,
            "common_shares": 499824,
            "book_valuer_per_share": 11.86,
            "book_valuer_per_share_4q_avg": 11.97,
            "equity": 595667,
            "current_ratio": 218.6,
            "debt_ratio": 26.05,
            "inventory_turnover_ratio": 1.15,
            "account_receivable_turnover_ratio": null,
            "reinvestment_rate": 1.65,
            "research_to_sale_ratio": null,
            "price_fair": 22.05,
            "eps_avg_yearly": 0.63,
            "eps_latest_yearly": 0.76,
            "eps_growth_yearly": 396.44
        },
        "20041": {
            "year_quarter": 20041,
            "year": 2004,
            "quarter": 1,
            "eps": 0.36,
            "eps_growth_year": 80,
            "eps_4q": 0.75,
            "eps_4q_growth_year": 80.37,
            "roe": 2.95,
            "roe_4q": 6.75,
            "gross_profit": 68015,
            "gross_margin": 42.53,
            "gross_margin_4q_avg": 44.36,
            "net_income": 17753,
            "net_income_4q": null,
            "revenue": 159931,
            "revenue_4q": null,
            "common_shares": 499824,
            "book_valuer_per_share": 12.17,
            "book_valuer_per_share_4q_avg": 11.95,
            "equity": 608068,
            "current_ratio": 282.39,
            "debt_ratio": 18.12,
            "inventory_turnover_ratio": 0.97,
            "account_receivable_turnover_ratio": null,
            "reinvestment_rate": -22.97,
            "research_to_sale_ratio": null,
            "price_fair": 25.2,
            "eps_avg_yearly": 0.72,
            "eps_latest_yearly": 1.44,
            "eps_growth_yearly": 392.15
        },
        "20042": {
            "year_quarter": 20042,
            "year": 2004,
            "quarter": 2,
            "eps": 0.08,
            "eps_growth_year": -11.11,
            "eps_4q": 0.75,
            "eps_4q_growth_year": 44.14,
            "roe": 0.65,
            "roe_4q": 6.68,
            "gross_profit": 63155,
            "gross_margin": 42.46,
            "gross_margin_4q_avg": 43.93,
            "net_income": 3978,
            "net_income_4q": null,
            "revenue": 148728,
            "revenue_4q": null,
            "common_shares": 499824,
            "book_valuer_per_share": 12.25,
            "book_valuer_per_share_4q_avg": 12.07,
            "equity": 612253,
            "current_ratio": 281.65,
            "debt_ratio": 18.34,
            "inventory_turnover_ratio": 1.02,
            "account_receivable_turnover_ratio": null,
            "reinvestment_rate": -36.91,
            "research_to_sale_ratio": null,
            "price_fair": 23.8,
            "eps_avg_yearly": 0.68,
            "eps_latest_yearly": 0.32,
            "eps_growth_yearly": 321.83
        },
        "20043": {
            "year_quarter": 20043,
            "year": 2004,
            "quarter": 3,
            "eps": 0.07,
            "eps_growth_year": -63.16,
            "eps_4q": 0.67,
            "eps_4q_growth_year": 7.65,
            "roe": 0.57,
            "roe_4q": 5.67,
            "gross_profit": 73570,
            "gross_margin": 43.51,
            "gross_margin_4q_avg": 43.08,
            "net_income": 3498,
            "net_income_4q": null,
            "revenue": 169069,
            "revenue_4q": null,
            "common_shares": 534812,
            "book_valuer_per_share": 11.52,
            "book_valuer_per_share_4q_avg": 11.95,
            "equity": 616167,
            "current_ratio": 254.83,
            "debt_ratio": 21.28,
            "inventory_turnover_ratio": 1.13,
            "account_receivable_turnover_ratio": null,
            "reinvestment_rate": -35.65,
            "research_to_sale_ratio": null,
            "price_fair": 22.53,
            "eps_avg_yearly": 0.64,
            "eps_latest_yearly": 0.28,
            "eps_growth_yearly": 288.03
        },
        "20044": {
            "year_quarter": 20044,
            "year": 2004,
            "quarter": 4,
            "eps": 0.23,
            "eps_growth_year": 21.05,
            "eps_4q": 0.71,
            "eps_4q_growth_year": 9.88,
            "roe": 1.96,
            "roe_4q": 6.13,
            "gross_profit": 78465,
            "gross_margin": 42.73,
            "gross_margin_4q_avg": 42.81,
            "net_income": 12165,
            "net_income_4q": null,
            "revenue": 183650,
            "revenue_4q": null,
            "common_shares": 534812,
            "book_valuer_per_share": 11.65,
            "book_valuer_per_share_4q_avg": 11.9,
            "equity": 625752,
            "current_ratio": 232.81,
            "debt_ratio": 25.27,
            "inventory_turnover_ratio": 0.96,
            "account_receivable_turnover_ratio": null,
            "reinvestment_rate": -2.18,
            "research_to_sale_ratio": null,
            "price_fair": 23.33,
            "eps_avg_yearly": 0.67,
            "eps_latest_yearly": 0.92,
            "eps_growth_yearly": 340.21
        },
        "20051": {
            "year_quarter": 20051,
            "year": 2005,
            "quarter": 1,
            "eps": 0.33,
            "eps_growth_year": -8.33,
            "eps_4q": 0.7,
            "eps_4q_growth_year": -6.8,
            "roe": 2.77,
            "roe_4q": 5.950000000000001,
            "gross_profit": 93119,
            "gross_margin": 39.05,
            "gross_margin_4q_avg": 41.94,
            "net_income": 17519,
            "net_income_4q": null,
            "revenue": 238479,
            "revenue_4q": null,
            "common_shares": 534812,
            "book_valuer_per_share": 11.98,
            "book_valuer_per_share_4q_avg": 11.85,
            "equity": 640502,
            "current_ratio": 224.69,
            "debt_ratio": 24.1,
            "inventory_turnover_ratio": 1.27,
            "account_receivable_turnover_ratio": null,
            "reinvestment_rate": -21.78,
            "research_to_sale_ratio": null,
            "price_fair": 25.09,
            "eps_avg_yearly": 0.72,
            "eps_latest_yearly": 1.32,
            "eps_growth_yearly": 327.42
        },
        "20052": {
            "year_quarter": 20052,
            "year": 2005,
            "quarter": 2,
            "eps": 0.19,
            "eps_growth_year": 137.5,
            "eps_4q": 0.82,
            "eps_4q_growth_year": 8.13,
            "roe": 1.6,
            "roe_4q": 6.9,
            "gross_profit": 89226,
            "gross_margin": 42.09,
            "gross_margin_4q_avg": 41.85,
            "net_income": 10077,
            "net_income_4q": null,
            "revenue": 212013,
            "revenue_4q": null,
            "common_shares": 534812,
            "book_valuer_per_share": 11.52,
            "book_valuer_per_share_4q_avg": 11.67,
            "equity": 615876,
            "current_ratio": 186.18,
            "debt_ratio": 25.82,
            "inventory_turnover_ratio": 1.23,
            "account_receivable_turnover_ratio": null,
            "reinvestment_rate": -20.15,
            "research_to_sale_ratio": null,
            "price_fair": 25.2,
            "eps_avg_yearly": 0.72,
            "eps_latest_yearly": 0.76,
            "eps_growth_yearly": 291.91
        },
        "20053": {
            "year_quarter": 20053,
            "year": 2005,
            "quarter": 3,
            "eps": 0.27,
            "eps_growth_year": 285.71,
            "eps_4q": 1.01,
            "eps_4q_growth_year": 50.95,
            "roe": 2.32,
            "roe_4q": 8.649999999999999,
            "gross_profit": 90450,
            "gross_margin": 42.76,
            "gross_margin_4q_avg": 41.66,
            "net_income": 14555,
            "net_income_4q": null,
            "revenue": 211534,
            "revenue_4q": null,
            "common_shares": 534812,
            "book_valuer_per_share": 11.94,
            "book_valuer_per_share_4q_avg": 11.77,
            "equity": 638492,
            "current_ratio": 202.91,
            "debt_ratio": 25.58,
            "inventory_turnover_ratio": 1.29,
            "account_receivable_turnover_ratio": null,
            "reinvestment_rate": -17.41,
            "research_to_sale_ratio": null,
            "price_fair": 26.04,
            "eps_avg_yearly": 0.74,
            "eps_latest_yearly": 1.08,
            "eps_growth_yearly": 283.68
        },
        "20054": {
            "year_quarter": 20054,
            "year": 2005,
            "quarter": 4,
            "eps": 0.14,
            "eps_growth_year": -39.13,
            "eps_4q": 0.92,
            "eps_4q_growth_year": 29.99,
            "roe": 1.18,
            "roe_4q": 7.869999999999999,
            "gross_profit": 89465,
            "gross_margin": 42.73,
            "gross_margin_4q_avg": 41.66,
            "net_income": 7575,
            "net_income_4q": null,
            "revenue": 209363,
            "revenue_4q": null,
            "common_shares": 534812,
            "book_valuer_per_share": 12.06,
            "book_valuer_per_share_4q_avg": 11.88,
            "equity": 644919,
            "current_ratio": 247.25,
            "debt_ratio": 25.95,
            "inventory_turnover_ratio": 1.08,
            "account_receivable_turnover_ratio": null,
            "reinvestment_rate": 10.54,
            "research_to_sale_ratio": null,
            "price_fair": 25.64,
            "eps_avg_yearly": 0.73,
            "eps_latest_yearly": 0.56,
            "eps_growth_yearly": 253.91
        },
        "20061": {
            "year_quarter": 20061,
            "year": 2006,
            "quarter": 1,
            "eps": 0.41,
            "eps_growth_year": 24.24,
            "eps_4q": 1.02,
            "eps_4q_growth_year": 45.85,
            "roe": 3.3,
            "roe_4q": 8.399999999999999,
            "gross_profit": 87791,
            "gross_margin": 44.63,
            "gross_margin_4q_avg": 43.05,
            "net_income": 21614,
            "net_income_4q": null,
            "revenue": 196710,
            "revenue_4q": null,
            "common_shares": 534812,
            "book_valuer_per_share": 12.44,
            "book_valuer_per_share_4q_avg": 11.99,
            "equity": 665195,
            "current_ratio": 261.28,
            "debt_ratio": 19.53,
            "inventory_turnover_ratio": 0.97,
            "account_receivable_turnover_ratio": null,
            "reinvestment_rate": -11.16,
            "research_to_sale_ratio": null,
            "price_fair": 26.08,
            "eps_avg_yearly": 0.75,
            "eps_latest_yearly": 1.64,
            "eps_growth_yearly": 298.1
        },
        "20062": {
            "year_quarter": 20062,
            "year": 2006,
            "quarter": 2,
            "eps": 0.28,
            "eps_growth_year": 47.37,
            "eps_4q": 1.11,
            "eps_4q_growth_year": 35.9,
            "roe": 2.28,
            "roe_4q": 9.08,
            "gross_profit": 92839,
            "gross_margin": 44.89,
            "gross_margin_4q_avg": 43.75,
            "net_income": 14785,
            "net_income_4q": null,
            "revenue": 206812,
            "revenue_4q": null,
            "common_shares": 534812,
            "book_valuer_per_share": 11.86,
            "book_valuer_per_share_4q_avg": 12.08,
            "equity": 634281,
            "current_ratio": 209.41,
            "debt_ratio": 26.65,
            "inventory_turnover_ratio": 1.13,
            "account_receivable_turnover_ratio": null,
            "reinvestment_rate": -7.27,
            "research_to_sale_ratio": null,
            "price_fair": 28.44,
            "eps_avg_yearly": 0.81,
            "eps_latest_yearly": 1.12,
            "eps_growth_yearly": 314.47
        },
        "20063": {
            "year_quarter": 20063,
            "year": 2006,
            "quarter": 3,
            "eps": 0.1,
            "eps_growth_year": -62.96,
            "eps_4q": 0.91,
            "eps_4q_growth_year": -9.75,
            "roe": 0.85,
            "roe_4q": 7.609999999999999,
            "gross_profit": 82808,
            "gross_margin": 43.91,
            "gross_margin_4q_avg": 44.04,
            "net_income": 5433,
            "net_income_4q": null,
            "revenue": 188593,
            "revenue_4q": null,
            "common_shares": 534812,
            "book_valuer_per_share": 12.04,
            "book_valuer_per_share_4q_avg": 12.1,
            "equity": 643791,
            "current_ratio": 185.72,
            "debt_ratio": 29.3,
            "inventory_turnover_ratio": 1.03,
            "account_receivable_turnover_ratio": null,
            "reinvestment_rate": -7.48,
            "research_to_sale_ratio": null,
            "price_fair": 28.61,
            "eps_avg_yearly": 0.82,
            "eps_latest_yearly": 0.4,
            "eps_growth_yearly": 123.4
        },
        "20064": {
            "year_quarter": 20064,
            "year": 2006,
            "quarter": 4,
            "eps": 0.32,
            "eps_growth_year": 128.57,
            "eps_4q": 1.11,
            "eps_4q_growth_year": 21.09,
            "roe": 2.59,
            "roe_4q": 9.02,
            "gross_profit": 99777,
            "gross_margin": 45.75,
            "gross_margin_4q_avg": 44.8,
            "net_income": 16883,
            "net_income_4q": null,
            "revenue": 218071,
            "revenue_4q": null,
            "common_shares": 534812,
            "book_valuer_per_share": 12.31,
            "book_valuer_per_share_4q_avg": 12.16,
            "equity": 658239,
            "current_ratio": 259.87,
            "debt_ratio": 26.05,
            "inventory_turnover_ratio": 1.05,
            "account_receivable_turnover_ratio": null,
            "reinvestment_rate": -4.94,
            "research_to_sale_ratio": null,
            "price_fair": 30.19,
            "eps_avg_yearly": 0.86,
            "eps_latest_yearly": 1.28,
            "eps_growth_yearly": 159.65
        },
        "20071": {
            "year_quarter": 20071,
            "year": 2007,
            "quarter": 1,
            "eps": 0.24,
            "eps_growth_year": -41.46,
            "eps_4q": 0.93,
            "eps_4q_growth_year": -9.38,
            "roe": 1.95,
            "roe_4q": 7.67,
            "gross_profit": 91796,
            "gross_margin": 43.78,
            "gross_margin_4q_avg": 44.58,
            "net_income": 12995,
            "net_income_4q": null,
            "revenue": 209674,
            "revenue_4q": null,
            "common_shares": 534812,
            "book_valuer_per_share": 12.61,
            "book_valuer_per_share_4q_avg": 12.21,
            "equity": 674601,
            "current_ratio": 260.25,
            "debt_ratio": 20.73,
            "inventory_turnover_ratio": 1.09,
            "account_receivable_turnover_ratio": null,
            "reinvestment_rate": -7.21,
            "research_to_sale_ratio": null,
            "price_fair": 30.54,
            "eps_avg_yearly": 0.87,
            "eps_latest_yearly": 0.96,
            "eps_growth_yearly": 142.69
        },
        "20072": {
            "year_quarter": 20072,
            "year": 2007,
            "quarter": 2,
            "eps": 0.24,
            "eps_growth_year": -14.29,
            "eps_4q": 0.9,
            "eps_4q_growth_year": -18.89,
            "roe": 1.96,
            "roe_4q": 7.35,
            "gross_profit": 87400,
            "gross_margin": 46.76,
            "gross_margin_4q_avg": 45.05,
            "net_income": 12860,
            "net_income_4q": null,
            "revenue": 186907,
            "revenue_4q": null,
            "common_shares": 534812,
            "book_valuer_per_share": 11.95,
            "book_valuer_per_share_4q_avg": 12.23,
            "equity": 639217,
            "current_ratio": 178.55,
            "debt_ratio": 29.02,
            "inventory_turnover_ratio": 1.06,
            "account_receivable_turnover_ratio": null,
            "reinvestment_rate": -3.06,
            "research_to_sale_ratio": null,
            "price_fair": 31.85,
            "eps_avg_yearly": 0.91,
            "eps_latest_yearly": 0.96,
            "eps_growth_yearly": 156.44
        },
        "20073": {
            "year_quarter": 20073,
            "year": 2007,
            "quarter": 3,
            "eps": 0.15,
            "eps_growth_year": 50,
            "eps_4q": 0.95,
            "eps_4q_growth_year": 4.05,
            "roe": 1.25,
            "roe_4q": 7.75,
            "gross_profit": 91377,
            "gross_margin": 45.35,
            "gross_margin_4q_avg": 45.41,
            "net_income": 8051,
            "net_income_4q": null,
            "revenue": 201490,
            "revenue_4q": null,
            "common_shares": 534812,
            "book_valuer_per_share": 12.1,
            "book_valuer_per_share_4q_avg": 12.24,
            "equity": 647035,
            "current_ratio": 182.61,
            "debt_ratio": 29.27,
            "inventory_turnover_ratio": 1.12,
            "account_receivable_turnover_ratio": null,
            "reinvestment_rate": -6.44,
            "research_to_sale_ratio": null,
            "price_fair": 31.5,
            "eps_avg_yearly": 0.9,
            "eps_latest_yearly": 0.6,
            "eps_growth_yearly": 119.29
        },
        "20074": {
            "year_quarter": 20074,
            "year": 2007,
            "quarter": 4,
            "eps": 0.09,
            "eps_growth_year": -71.88,
            "eps_4q": 0.69,
            "eps_4q_growth_year": -37.72,
            "roe": 0.78,
            "roe_4q": 5.94,
            "gross_profit": 97939,
            "gross_margin": 46.4,
            "gross_margin_4q_avg": 45.57,
            "net_income": 5060,
            "net_income_4q": null,
            "revenue": 211088,
            "revenue_4q": null,
            "common_shares": 534812,
            "book_valuer_per_share": 12.23,
            "book_valuer_per_share_4q_avg": 12.22,
            "equity": 654291,
            "current_ratio": 280.2,
            "debt_ratio": 24.96,
            "inventory_turnover_ratio": 1.02,
            "account_receivable_turnover_ratio": null,
            "reinvestment_rate": -5.29,
            "research_to_sale_ratio": null,
            "price_fair": 30.63,
            "eps_avg_yearly": 0.88,
            "eps_latest_yearly": 0.36,
            "eps_growth_yearly": 109.29
        },
        "20081": {
            "year_quarter": 20081,
            "year": 2008,
            "quarter": 1,
            "eps": 0.3,
            "eps_growth_year": 25,
            "eps_4q": 0.79,
            "eps_4q_growth_year": -15,
            "roe": 2.43,
            "roe_4q": 6.42,
            "gross_profit": 102349,
            "gross_margin": 45.45,
            "gross_margin_4q_avg": 45.99,
            "net_income": 16019,
            "net_income_4q": null,
            "revenue": 225214,
            "revenue_4q": null,
            "common_shares": 534812,
            "book_valuer_per_share": 12.39,
            "book_valuer_per_share_4q_avg": 12.17,
            "equity": 662667,
            "current_ratio": 294.64,
            "debt_ratio": 24.48,
            "inventory_turnover_ratio": 1.01,
            "account_receivable_turnover_ratio": null,
            "reinvestment_rate": 11.01,
            "research_to_sale_ratio": null,
            "price_fair": 30.1,
            "eps_avg_yearly": 0.86,
            "eps_latest_yearly": 1.2,
            "eps_growth_yearly": 145.25
        },
        "20082": {
            "year_quarter": 20082,
            "year": 2008,
            "quarter": 2,
            "eps": 0.14,
            "eps_growth_year": -41.67,
            "eps_4q": 0.69,
            "eps_4q_growth_year": -23.23,
            "roe": 1.15,
            "roe_4q": 5.61,
            "gross_profit": 95638,
            "gross_margin": 44.9,
            "gross_margin_4q_avg": 45.53,
            "net_income": 7413,
            "net_income_4q": null,
            "revenue": 213012,
            "revenue_4q": null,
            "common_shares": 534812,
            "book_valuer_per_share": 11.78,
            "book_valuer_per_share_4q_avg": 12.13,
            "equity": 629762,
            "current_ratio": 247.82,
            "debt_ratio": 28.92,
            "inventory_turnover_ratio": 0.98,
            "account_receivable_turnover_ratio": null,
            "reinvestment_rate": 10.92,
            "research_to_sale_ratio": null,
            "price_fair": 30.63,
            "eps_avg_yearly": 0.88,
            "eps_latest_yearly": 0.56,
            "eps_growth_yearly": 151.36
        },
        "20083": {
            "year_quarter": 20083,
            "year": 2008,
            "quarter": 3,
            "eps": 0.08,
            "eps_growth_year": -46.67,
            "eps_4q": 0.61,
            "eps_4q_growth_year": -35.5,
            "roe": 0.67,
            "roe_4q": 5.03,
            "gross_profit": 97967,
            "gross_margin": 45.05,
            "gross_margin_4q_avg": 45.45,
            "net_income": 4298,
            "net_income_4q": null,
            "revenue": 217480,
            "revenue_4q": null,
            "common_shares": 534812,
            "book_valuer_per_share": 12.06,
            "book_valuer_per_share_4q_avg": 12.12,
            "equity": 645219,
            "current_ratio": 236.92,
            "debt_ratio": 30.45,
            "inventory_turnover_ratio": 0.88,
            "account_receivable_turnover_ratio": null,
            "reinvestment_rate": 11.31,
            "research_to_sale_ratio": null,
            "price_fair": 30.71,
            "eps_avg_yearly": 0.88,
            "eps_latest_yearly": 0.32,
            "eps_growth_yearly": 143.77
        },
        "20084": {
            "year_quarter": 20084,
            "year": 2008,
            "quarter": 4,
            "eps": 0.16,
            "eps_growth_year": 77.78,
            "eps_4q": 0.68,
            "eps_4q_growth_year": -1.65,
            "roe": 1.31,
            "roe_4q": 5.5600000000000005,
            "gross_profit": 112715,
            "gross_margin": 43.41,
            "gross_margin_4q_avg": 44.7,
            "net_income": 8506,
            "net_income_4q": null,
            "revenue": 259648,
            "revenue_4q": null,
            "common_shares": 534812,
            "book_valuer_per_share": 12.28,
            "book_valuer_per_share_4q_avg": 12.13,
            "equity": 656593,
            "current_ratio": 270.58,
            "debt_ratio": 26.99,
            "inventory_turnover_ratio": 0.98,
            "account_receivable_turnover_ratio": 1.96,
            "reinvestment_rate": -3.84,
            "research_to_sale_ratio": null,
            "price_fair": 30.1,
            "eps_avg_yearly": 0.86,
            "eps_latest_yearly": 0.64,
            "eps_growth_yearly": 111.63
        },
        "20091": {
            "year_quarter": 20091,
            "year": 2009,
            "quarter": 1,
            "eps": 0.22,
            "eps_growth_year": -26.67,
            "eps_4q": 0.6,
            "eps_4q_growth_year": -23.85,
            "roe": 1.76,
            "roe_4q": 4.890000000000001,
            "gross_profit": 98446,
            "gross_margin": 47.41,
            "gross_margin_4q_avg": 45.19,
            "net_income": 11742,
            "net_income_4q": null,
            "revenue": 207647,
            "revenue_4q": null,
            "common_shares": 534812,
            "book_valuer_per_share": 12.62,
            "book_valuer_per_share_4q_avg": 12.19,
            "equity": 675049,
            "current_ratio": 313.58,
            "debt_ratio": 23.58,
            "inventory_turnover_ratio": 0.69,
            "account_receivable_turnover_ratio": 0.84,
            "reinvestment_rate": 14.07,
            "research_to_sale_ratio": null,
            "price_fair": 29.14,
            "eps_avg_yearly": 0.83,
            "eps_latest_yearly": 0.88,
            "eps_growth_yearly": 110.13
        },
        "20092": {
            "year_quarter": 20092,
            "year": 2009,
            "quarter": 2,
            "eps": 0.39,
            "eps_growth_year": 178.57,
            "eps_4q": 0.85,
            "eps_4q_growth_year": 23.45,
            "roe": 3.1,
            "roe_4q": 6.84,
            "gross_profit": 106314,
            "gross_margin": 47.24,
            "gross_margin_4q_avg": 45.78,
            "net_income": 20721,
            "net_income_4q": null,
            "revenue": 225073,
            "revenue_4q": null,
            "common_shares": 534812,
            "book_valuer_per_share": 12.36,
            "book_valuer_per_share_4q_avg": 12.33,
            "equity": 661266,
            "current_ratio": 299.73,
            "debt_ratio": 24.71,
            "inventory_turnover_ratio": 0.73,
            "account_receivable_turnover_ratio": 0.99,
            "reinvestment_rate": 12.26,
            "research_to_sale_ratio": null,
            "price_fair": 30.89,
            "eps_avg_yearly": 0.88,
            "eps_latest_yearly": 1.56,
            "eps_growth_yearly": 140.06
        },
        "20093": {
            "year_quarter": 20093,
            "year": 2009,
            "quarter": 3,
            "eps": 0.36,
            "eps_growth_year": 350,
            "eps_4q": 1.13,
            "eps_4q_growth_year": 85.19,
            "roe": 2.86,
            "roe_4q": 9.03,
            "gross_profit": 119042,
            "gross_margin": 49.79,
            "gross_margin_4q_avg": 46.96,
            "net_income": 19148,
            "net_income_4q": null,
            "revenue": 239066,
            "revenue_4q": null,
            "common_shares": 534812,
            "book_valuer_per_share": 12.65,
            "book_valuer_per_share_4q_avg": 12.48,
            "equity": 676625,
            "current_ratio": 320.12,
            "debt_ratio": 23.62,
            "inventory_turnover_ratio": 0.74,
            "account_receivable_turnover_ratio": 1.03,
            "reinvestment_rate": 11.95,
            "research_to_sale_ratio": null,
            "price_fair": 31.68,
            "eps_avg_yearly": 0.91,
            "eps_latest_yearly": 1.44,
            "eps_growth_yearly": 127.61
        },
        "20094": {
            "year_quarter": 20094,
            "year": 2009,
            "quarter": 4,
            "eps": 0.41,
            "eps_growth_year": 156.25,
            "eps_4q": 1.38,
            "eps_4q_growth_year": 102.08,
            "roe": 3.21,
            "roe_4q": 10.93,
            "gross_profit": 122885,
            "gross_margin": 48.18,
            "gross_margin_4q_avg": 48.16,
            "net_income": 22052,
            "net_income_4q": null,
            "revenue": 255048,
            "revenue_4q": null,
            "common_shares": 534812,
            "book_valuer_per_share": 13.04,
            "book_valuer_per_share_4q_avg": 12.67,
            "equity": 697636,
            "current_ratio": 344.42,
            "debt_ratio": 24.42,
            "inventory_turnover_ratio": 0.83,
            "account_receivable_turnover_ratio": 1.94,
            "reinvestment_rate": 54.18,
            "research_to_sale_ratio": null,
            "price_fair": 34.04,
            "eps_avg_yearly": 0.97,
            "eps_latest_yearly": 1.64,
            "eps_growth_yearly": 143.12
        },
        "20101": {
            "year_quarter": 20101,
            "year": 2010,
            "quarter": 1,
            "eps": 0.45,
            "eps_growth_year": 104.55,
            "eps_4q": 1.61,
            "eps_4q_growth_year": 168.5,
            "roe": 3.39,
            "roe_4q": 12.559999999999999,
            "gross_profit": 129492,
            "gross_margin": 48.7,
            "gross_margin_4q_avg": 48.48,
            "net_income": 24064,
            "net_income_4q": null,
            "revenue": 265870,
            "revenue_4q": null,
            "common_shares": 534812,
            "book_valuer_per_share": 13.47,
            "book_valuer_per_share_4q_avg": 12.88,
            "equity": 720595,
            "current_ratio": 349.33,
            "debt_ratio": 24.09,
            "inventory_turnover_ratio": 0.86,
            "account_receivable_turnover_ratio": 0.99,
            "reinvestment_rate": 70.76,
            "research_to_sale_ratio": 0.81,
            "price_fair": 34.39,
            "eps_avg_yearly": 0.98,
            "eps_latest_yearly": 1.8,
            "eps_growth_yearly": 97.34
        },
        "20102": {
            "year_quarter": 20102,
            "year": 2010,
            "quarter": 2,
            "eps": 0.28,
            "eps_growth_year": -27.09,
            "eps_4q": 1.5,
            "eps_4q_growth_year": 76.61,
            "roe": 2.16,
            "roe_4q": 11.620000000000001,
            "gross_profit": 122081,
            "gross_margin": 46.2,
            "gross_margin_4q_avg": 48.22,
            "net_income": 15208,
            "net_income_4q": null,
            "revenue": 264221,
            "revenue_4q": null,
            "common_shares": 534812,
            "book_valuer_per_share": 12.83,
            "book_valuer_per_share_4q_avg": 13,
            "equity": 685919,
            "current_ratio": 294.68,
            "debt_ratio": 28.61,
            "inventory_turnover_ratio": 0.9,
            "account_receivable_turnover_ratio": 0.99,
            "reinvestment_rate": 120.76,
            "research_to_sale_ratio": 1.06,
            "price_fair": 34.39,
            "eps_avg_yearly": 0.98,
            "eps_latest_yearly": 1.12,
            "eps_growth_yearly": 95.83
        },
        "20103": {
            "year_quarter": 20103,
            "year": 2010,
            "quarter": 3,
            "eps": 0.51,
            "eps_growth_year": 40.78,
            "eps_4q": 1.65,
            "eps_4q_growth_year": 46.29,
            "roe": 3.89,
            "roe_4q": 12.650000000000002,
            "gross_profit": 138709,
            "gross_margin": 46.64,
            "gross_margin_4q_avg": 47.43,
            "net_income": 27105,
            "net_income_4q": null,
            "revenue": 297421,
            "revenue_4q": null,
            "common_shares": 534812,
            "book_valuer_per_share": 13.21,
            "book_valuer_per_share_4q_avg": 13.14,
            "equity": 706496,
            "current_ratio": 332.42,
            "debt_ratio": 25.71,
            "inventory_turnover_ratio": 0.97,
            "account_receivable_turnover_ratio": 1.1,
            "reinvestment_rate": 109.34,
            "research_to_sale_ratio": 0.67,
            "price_fair": 37.98,
            "eps_avg_yearly": 1.09,
            "eps_latest_yearly": 2.04,
            "eps_growth_yearly": 132.43
        },
        "20104": {
            "year_quarter": 20104,
            "year": 2010,
            "quarter": 4,
            "eps": 0.47,
            "eps_growth_year": 14.67,
            "eps_4q": 1.71,
            "eps_4q_growth_year": 24.24,
            "roe": 3.55,
            "roe_4q": 12.99,
            "gross_profit": 150335,
            "gross_margin": 46.02,
            "gross_margin_4q_avg": 46.89,
            "net_income": 25145,
            "net_income_4q": null,
            "revenue": 326648,
            "revenue_4q": null,
            "common_shares": 534812,
            "book_valuer_per_share": 13.28,
            "book_valuer_per_share_4q_avg": 13.2,
            "equity": 710494,
            "current_ratio": 310.22,
            "debt_ratio": 27.25,
            "inventory_turnover_ratio": 1.04,
            "account_receivable_turnover_ratio": 1.13,
            "reinvestment_rate": 94.95,
            "research_to_sale_ratio": 0.68,
            "price_fair": 39.29,
            "eps_avg_yearly": 1.12,
            "eps_latest_yearly": 1.88,
            "eps_growth_yearly": 75.47
        },
        "20111": {
            "year_quarter": 20111,
            "year": 2011,
            "quarter": 1,
            "eps": 0.37,
            "eps_growth_year": -17.78,
            "eps_4q": 1.64,
            "eps_4q_growth_year": 1.73,
            "roe": 2.77,
            "roe_4q": 12.370000000000001,
            "gross_profit": 135560,
            "gross_margin": 46.57,
            "gross_margin_4q_avg": 46.36,
            "net_income": 20016,
            "net_income_4q": null,
            "revenue": 291065,
            "revenue_4q": null,
            "common_shares": 534812,
            "book_valuer_per_share": 13.74,
            "book_valuer_per_share_4q_avg": 13.27,
            "equity": 734760,
            "current_ratio": 338.5,
            "debt_ratio": 24.2,
            "inventory_turnover_ratio": 0.89,
            "account_receivable_turnover_ratio": 1.03,
            "reinvestment_rate": 121.88,
            "research_to_sale_ratio": 0.72,
            "price_fair": 40.43,
            "eps_avg_yearly": 1.16,
            "eps_latest_yearly": 1.48,
            "eps_growth_yearly": 76.4
        },
        "20112": {
            "year_quarter": 20112,
            "year": 2011,
            "quarter": 2,
            "eps": 0.24,
            "eps_growth_year": -15.17,
            "eps_4q": 1.59,
            "eps_4q_growth_year": 5.83,
            "roe": 1.81,
            "roe_4q": 12.02,
            "gross_profit": 128524,
            "gross_margin": 51.65,
            "gross_margin_4q_avg": 47.72,
            "net_income": 12901,
            "net_income_4q": null,
            "revenue": 248838,
            "revenue_4q": null,
            "common_shares": 534812,
            "book_valuer_per_share": 12.92,
            "book_valuer_per_share_4q_avg": 13.29,
            "equity": 691024,
            "current_ratio": 196.49,
            "debt_ratio": 34,
            "inventory_turnover_ratio": 0.66,
            "account_receivable_turnover_ratio": 0.94,
            "reinvestment_rate": 173.62,
            "research_to_sale_ratio": 0.91,
            "price_fair": 40.43,
            "eps_avg_yearly": 1.16,
            "eps_latest_yearly": 0.96,
            "eps_growth_yearly": 67.62
        },
        "20113": {
            "year_quarter": 20113,
            "year": 2011,
            "quarter": 3,
            "eps": 0.47,
            "eps_growth_year": -8.13,
            "eps_4q": 1.55,
            "eps_4q_growth_year": -6.18,
            "roe": 3.49,
            "roe_4q": 11.620000000000001,
            "gross_profit": 145094,
            "gross_margin": 41.02,
            "gross_margin_4q_avg": 46.32,
            "net_income": 24901,
            "net_income_4q": null,
            "revenue": 353721,
            "revenue_4q": null,
            "common_shares": 534812,
            "book_valuer_per_share": 13.75,
            "book_valuer_per_share_4q_avg": 13.42,
            "equity": 735203,
            "current_ratio": 190.8,
            "debt_ratio": 34.51,
            "inventory_turnover_ratio": 1.04,
            "account_receivable_turnover_ratio": 1.25,
            "reinvestment_rate": 185.07,
            "research_to_sale_ratio": 0.66,
            "price_fair": 43.23,
            "eps_avg_yearly": 1.24,
            "eps_latest_yearly": 1.88,
            "eps_growth_yearly": 100.95
        },
        "20114": {
            "year_quarter": 20114,
            "year": 2011,
            "quarter": 4,
            "eps": 0.72,
            "eps_growth_year": 52.43,
            "eps_4q": 1.8,
            "eps_4q_growth_year": 5.05,
            "roe": 5.09,
            "roe_4q": 13.16,
            "gross_profit": 163217,
            "gross_margin": 45.55,
            "gross_margin_4q_avg": 46.2,
            "net_income": 38328,
            "net_income_4q": null,
            "revenue": 358286,
            "revenue_4q": null,
            "common_shares": 534812,
            "book_valuer_per_share": 14.43,
            "book_valuer_per_share_4q_avg": 13.71,
            "equity": 771595,
            "current_ratio": 205.27,
            "debt_ratio": 32.96,
            "inventory_turnover_ratio": 0.94,
            "account_receivable_turnover_ratio": 1.13,
            "reinvestment_rate": 149.72,
            "research_to_sale_ratio": 0.59,
            "price_fair": 48.74,
            "eps_avg_yearly": 1.39,
            "eps_latest_yearly": 2.88,
            "eps_growth_yearly": 124.25
        },
        "20121": {
            "year_quarter": 20121,
            "year": 2012,
            "quarter": 1,
            "eps": 0.43,
            "eps_growth_year": 16.22,
            "eps_4q": 1.85,
            "eps_4q_growth_year": 13.33,
            "roe": 2.95,
            "roe_4q": 13.34,
            "gross_profit": 149776,
            "gross_margin": 44.05,
            "gross_margin_4q_avg": 45.57,
            "net_income": 23001,
            "net_income_4q": null,
            "revenue": 339997,
            "revenue_4q": null,
            "common_shares": 534812,
            "book_valuer_per_share": 14.74,
            "book_valuer_per_share_4q_avg": 13.96,
            "equity": 788415,
            "current_ratio": 207.35,
            "debt_ratio": 31.64,
            "inventory_turnover_ratio": 0.97,
            "account_receivable_turnover_ratio": 1.06,
            "reinvestment_rate": 160.15,
            "research_to_sale_ratio": 0.62,
            "price_fair": 49.88,
            "eps_avg_yearly": 1.43,
            "eps_latest_yearly": 1.72,
            "eps_growth_yearly": 55.85
        },
        "20122": {
            "year_quarter": 20122,
            "year": 2012,
            "quarter": 2,
            "eps": 0.23,
            "eps_growth_year": -3.03,
            "eps_4q": 1.85,
            "eps_4q_growth_year": 15.94,
            "roe": 1.62,
            "roe_4q": 13.15,
            "gross_profit": 148149,
            "gross_margin": 46.33,
            "gross_margin_4q_avg": 44.24,
            "net_income": 12510,
            "net_income_4q": null,
            "revenue": 319783,
            "revenue_4q": null,
            "common_shares": 534812,
            "book_valuer_per_share": 14.06,
            "book_valuer_per_share_4q_avg": 14.25,
            "equity": 752022,
            "current_ratio": 171.89,
            "debt_ratio": 37.51,
            "inventory_turnover_ratio": 0.85,
            "account_receivable_turnover_ratio": 1.03,
            "reinvestment_rate": 173.87,
            "research_to_sale_ratio": 1.32,
            "price_fair": 50.66,
            "eps_avg_yearly": 1.45,
            "eps_latest_yearly": 0.92,
            "eps_growth_yearly": 57.55
        },
        "20123": {
            "year_quarter": 20123,
            "year": 2012,
            "quarter": 3,
            "eps": 0.43,
            "eps_growth_year": -7.26,
            "eps_4q": 1.81,
            "eps_4q_growth_year": 16.84,
            "roe": 3.04,
            "roe_4q": 12.7,
            "gross_profit": 149672,
            "gross_margin": 45.61,
            "gross_margin_4q_avg": 45.39,
            "net_income": 23092,
            "net_income_4q": null,
            "revenue": 328171,
            "revenue_4q": null,
            "common_shares": 534812,
            "book_valuer_per_share": 14.35,
            "book_valuer_per_share_4q_avg": 14.4,
            "equity": 767604,
            "current_ratio": 186.61,
            "debt_ratio": 34.58,
            "inventory_turnover_ratio": 0.83,
            "account_receivable_turnover_ratio": 1.08,
            "reinvestment_rate": 158.7,
            "research_to_sale_ratio": 0.6,
            "price_fair": 53.73,
            "eps_avg_yearly": 1.54,
            "eps_latest_yearly": 1.72,
            "eps_growth_yearly": 90.01
        },
        "20124": {
            "year_quarter": 20124,
            "year": 2012,
            "quarter": 4,
            "eps": 0.5,
            "eps_growth_year": -29.88,
            "eps_4q": 1.6,
            "eps_4q_growth_year": -11.1,
            "roe": 3.43,
            "roe_4q": 11.04,
            "gross_profit": 167873,
            "gross_margin": 46.17,
            "gross_margin_4q_avg": 45.54,
            "net_income": 26875,
            "net_income_4q": null,
            "revenue": 363622,
            "revenue_4q": null,
            "common_shares": 534812,
            "book_valuer_per_share": 14.96,
            "book_valuer_per_share_4q_avg": 14.53,
            "equity": 800034,
            "current_ratio": 183.02,
            "debt_ratio": 36.85,
            "inventory_turnover_ratio": 0.86,
            "account_receivable_turnover_ratio": 1.14,
            "reinvestment_rate": 105.05,
            "research_to_sale_ratio": 0.65,
            "price_fair": 56.7,
            "eps_avg_yearly": 1.62,
            "eps_latest_yearly": 2,
            "eps_growth_yearly": 69.08
        },
        "20131": {
            "year_quarter": 20131,
            "year": 2013,
            "quarter": 1,
            "eps": 0.43,
            "eps_growth_year": 0,
            "eps_4q": 1.6,
            "eps_4q_growth_year": -13.75,
            "roe": 2.84,
            "roe_4q": 10.93,
            "gross_profit": 160737,
            "gross_margin": 45.08,
            "gross_margin_4q_avg": 45.8,
            "net_income": 23021,
            "net_income_4q": null,
            "revenue": 356563,
            "revenue_4q": null,
            "common_shares": 534812,
            "book_valuer_per_share": 15.37,
            "book_valuer_per_share_4q_avg": 14.69,
            "equity": 822175,
            "current_ratio": 193.86,
            "debt_ratio": 35.64,
            "inventory_turnover_ratio": 0.8,
            "account_receivable_turnover_ratio": 1.12,
            "reinvestment_rate": 11.69,
            "research_to_sale_ratio": 0.92,
            "price_fair": 58.54,
            "eps_avg_yearly": 1.67,
            "eps_latest_yearly": 1.72,
            "eps_growth_yearly": 56.2
        },
        "20132": {
            "year_quarter": 20132,
            "year": 2013,
            "quarter": 2,
            "eps": 0.34,
            "eps_growth_year": 45.35,
            "eps_4q": 1.7,
            "eps_4q_growth_year": -7.73,
            "roe": 2.25,
            "roe_4q": 11.559999999999999,
            "gross_profit": 159819,
            "gross_margin": 44.13,
            "gross_margin_4q_avg": 45.25,
            "net_income": 18115,
            "net_income_4q": null,
            "revenue": 362146,
            "revenue_4q": null,
            "common_shares": 534812,
            "book_valuer_per_share": 14.76,
            "book_valuer_per_share_4q_avg": 14.86,
            "equity": 789506,
            "current_ratio": 186.36,
            "debt_ratio": 36.17,
            "inventory_turnover_ratio": 0.79,
            "account_receivable_turnover_ratio": 1.19,
            "reinvestment_rate": 14.81,
            "research_to_sale_ratio": 0.95,
            "price_fair": 58.1,
            "eps_avg_yearly": 1.66,
            "eps_latest_yearly": 1.36,
            "eps_growth_yearly": 31.65
        },
        "20133": {
            "year_quarter": 20133,
            "year": 2013,
            "quarter": 3,
            "eps": 0.55,
            "eps_growth_year": 27.38,
            "eps_4q": 1.82,
            "eps_4q_growth_year": 0.25,
            "roe": 3.63,
            "roe_4q": 12.149999999999999,
            "gross_profit": 172965,
            "gross_margin": 46.22,
            "gross_margin_4q_avg": 45.4,
            "net_income": 29160,
            "net_income_4q": null,
            "revenue": 374213,
            "revenue_4q": null,
            "common_shares": 534812,
            "book_valuer_per_share": 15.24,
            "book_valuer_per_share_4q_avg": 15.08,
            "equity": 815112,
            "current_ratio": 237.05,
            "debt_ratio": 33.74,
            "inventory_turnover_ratio": 0.77,
            "account_receivable_turnover_ratio": 1.2,
            "reinvestment_rate": 13.72,
            "research_to_sale_ratio": 0.94,
            "price_fair": 59.76,
            "eps_avg_yearly": 1.71,
            "eps_latest_yearly": 2.2,
            "eps_growth_yearly": 49.02
        },
        "20134": {
            "year_quarter": 20134,
            "year": 2013,
            "quarter": 4,
            "eps": 2.4,
            "eps_growth_year": 377.75,
            "eps_4q": 3.72,
            "eps_4q_growth_year": 132.45,
            "roe": 14.56,
            "roe_4q": 23.28,
            "gross_profit": 187855,
            "gross_margin": 43.88,
            "gross_margin_4q_avg": 44.83,
            "net_income": 128396,
            "net_income_4q": null,
            "revenue": 428082,
            "revenue_4q": null,
            "common_shares": 534812,
            "book_valuer_per_share": 17.74,
            "book_valuer_per_share_4q_avg": 15.78,
            "equity": 948728,
            "current_ratio": 282.9,
            "debt_ratio": 29.06,
            "inventory_turnover_ratio": 0.91,
            "account_receivable_turnover_ratio": 1.25,
            "reinvestment_rate": -15.53,
            "research_to_sale_ratio": 0.81,
            "price_fair": 77.18,
            "eps_avg_yearly": 2.21,
            "eps_latest_yearly": 9.6,
            "eps_growth_yearly": 129.63
        },
        "20141": {
            "year_quarter": 20141,
            "year": 2014,
            "quarter": 1,
            "eps": 0.4,
            "eps_growth_year": -6.98,
            "eps_4q": 3.69,
            "eps_4q_growth_year": 130.59,
            "roe": 2.23,
            "roe_4q": 22.669999999999998,
            "gross_profit": 156561,
            "gross_margin": 44.72,
            "gross_margin_4q_avg": 44.74,
            "net_income": 21476,
            "net_income_4q": null,
            "revenue": 350077,
            "revenue_4q": null,
            "common_shares": 534812,
            "book_valuer_per_share": 18.25,
            "book_valuer_per_share_4q_avg": 16.5,
            "equity": 976143,
            "current_ratio": 355.46,
            "debt_ratio": 23.25,
            "inventory_turnover_ratio": 0.72,
            "account_receivable_turnover_ratio": 1.04,
            "reinvestment_rate": -16.08,
            "research_to_sale_ratio": 0.99,
            "price_fair": 76.74,
            "eps_avg_yearly": 2.19,
            "eps_latest_yearly": 1.6,
            "eps_growth_yearly": 106.36
        },
        "20142": {
            "year_quarter": 20142,
            "year": 2014,
            "quarter": 2,
            "eps": 0.47,
            "eps_growth_year": 38.24,
            "eps_4q": 3.82,
            "eps_4q_growth_year": 124.22,
            "roe": 2.77,
            "roe_4q": 23.19,
            "gross_profit": 175400,
            "gross_margin": 47.4,
            "gross_margin_4q_avg": 45.56,
            "net_income": 25239,
            "net_income_4q": null,
            "revenue": 370020,
            "revenue_4q": null,
            "common_shares": 534812,
            "book_valuer_per_share": 15.88,
            "book_valuer_per_share_4q_avg": 16.78,
            "equity": 849083,
            "current_ratio": 232.04,
            "debt_ratio": 35.05,
            "inventory_turnover_ratio": 0.74,
            "account_receivable_turnover_ratio": 1.17,
            "reinvestment_rate": -39.77,
            "research_to_sale_ratio": 0.87,
            "price_fair": 78.4,
            "eps_avg_yearly": 2.24,
            "eps_latest_yearly": 1.88,
            "eps_growth_yearly": 120.18
        },
        "20143": {
            "year_quarter": 20143,
            "year": 2014,
            "quarter": 3,
            "eps": 0.58,
            "eps_growth_year": 5.45,
            "eps_4q": 3.86,
            "eps_4q_growth_year": 112.25,
            "roe": 3.58,
            "roe_4q": 23.14,
            "gross_profit": 179551,
            "gross_margin": 46.6,
            "gross_margin_4q_avg": 45.65,
            "net_income": 31131,
            "net_income_4q": null,
            "revenue": 385275,
            "revenue_4q": null,
            "common_shares": 534812,
            "book_valuer_per_share": 16.61,
            "book_valuer_per_share_4q_avg": 17.12,
            "equity": 888098,
            "current_ratio": 323.12,
            "debt_ratio": 24.93,
            "inventory_turnover_ratio": 0.78,
            "account_receivable_turnover_ratio": 1.16,
            "reinvestment_rate": -36.5,
            "research_to_sale_ratio": 0.76,
            "price_fair": 79.01,
            "eps_avg_yearly": 2.26,
            "eps_latest_yearly": 2.32,
            "eps_growth_yearly": 105.5
        },
        "20144": {
            "year_quarter": 20144,
            "year": 2014,
            "quarter": 4,
            "eps": 0.69,
            "eps_growth_year": -71.29,
            "eps_4q": 2.14,
            "eps_4q_growth_year": -42.27,
            "roe": 4.15,
            "roe_4q": 12.73,
            "gross_profit": 222619,
            "gross_margin": 45.39,
            "gross_margin_4q_avg": 46.03,
            "net_income": 41357,
            "net_income_4q": null,
            "revenue": 490506,
            "revenue_4q": null,
            "common_shares": 534812,
            "book_valuer_per_share": 17.63,
            "book_valuer_per_share_4q_avg": 17.09,
            "equity": 1107381,
            "current_ratio": 187.67,
            "debt_ratio": 34.79,
            "inventory_turnover_ratio": 0.93,
            "account_receivable_turnover_ratio": 1.28,
            "reinvestment_rate": -28.33,
            "research_to_sale_ratio": 0.68,
            "price_fair": 80.94,
            "eps_avg_yearly": 2.31,
            "eps_latest_yearly": 2.76,
            "eps_growth_yearly": 112.2
        },
        "20151": {
            "year_quarter": 20151,
            "year": 2015,
            "quarter": 1,
            "eps": 0.55,
            "eps_growth_year": 37.5,
            "eps_4q": 2.29,
            "eps_4q_growth_year": -37.9,
            "roe": 3.13,
            "roe_4q": 13.629999999999999,
            "gross_profit": 206308,
            "gross_margin": 44.32,
            "gross_margin_4q_avg": 45.93,
            "net_income": 35182,
            "net_income_4q": null,
            "revenue": 465529,
            "revenue_4q": null,
            "common_shares": 534812,
            "book_valuer_per_share": 18.19,
            "book_valuer_per_share_4q_avg": 17.08,
            "equity": 1143212,
            "current_ratio": 199.52,
            "debt_ratio": 32.17,
            "inventory_turnover_ratio": 0.88,
            "account_receivable_turnover_ratio": 1.12,
            "reinvestment_rate": -35.01,
            "research_to_sale_ratio": 0.58,
            "price_fair": 82.51,
            "eps_avg_yearly": 2.36,
            "eps_latest_yearly": 2.2,
            "eps_growth_yearly": 112.45
        },
        "20152": {
            "year_quarter": 20152,
            "year": 2015,
            "quarter": 2,
            "eps": 0.54,
            "eps_growth_year": 14.89,
            "eps_4q": 2.36,
            "eps_4q_growth_year": -38.16,
            "roe": 2.67,
            "roe_4q": 13.53,
            "gross_profit": 209006,
            "gross_margin": 45.96,
            "gross_margin_4q_avg": 45.57,
            "net_income": 29708,
            "net_income_4q": null,
            "revenue": 454795,
            "revenue_4q": null,
            "common_shares": 534812,
            "book_valuer_per_share": 16.93,
            "book_valuer_per_share_4q_avg": 17.34,
            "equity": 1082757,
            "current_ratio": 188.73,
            "debt_ratio": 33.93,
            "inventory_turnover_ratio": 0.85,
            "account_receivable_turnover_ratio": 1.16,
            "reinvestment_rate": -58.22,
            "research_to_sale_ratio": null,
            "price_fair": 85.14,
            "eps_avg_yearly": 2.43,
            "eps_latest_yearly": 2.16,
            "eps_growth_yearly": 120.77
        },
        "20153": {
            "year_quarter": 20153,
            "year": 2015,
            "quarter": 3,
            "eps": 0.81,
            "eps_growth_year": 39.66,
            "eps_4q": 2.59,
            "eps_4q_growth_year": -32.79,
            "roe": 4.26,
            "roe_4q": 14.209999999999999,
            "gross_profit": 228143,
            "gross_margin": 45.46,
            "gross_margin_4q_avg": 45.28,
            "net_income": 47446,
            "net_income_4q": null,
            "revenue": 501871,
            "revenue_4q": null,
            "common_shares": 534812,
            "book_valuer_per_share": 17.98,
            "book_valuer_per_share_4q_avg": 17.68,
            "equity": 1143728,
            "current_ratio": 200.45,
            "debt_ratio": 32.81,
            "inventory_turnover_ratio": 0.9,
            "account_receivable_turnover_ratio": 1.25,
            "reinvestment_rate": -66.19,
            "research_to_sale_ratio": 0.5,
            "price_fair": 88.11,
            "eps_avg_yearly": 2.52,
            "eps_latest_yearly": 3.24,
            "eps_growth_yearly": 109.32
        },
        "20154": {
            "year_quarter": 20154,
            "year": 2015,
            "quarter": 4,
            "eps": 0.82,
            "eps_growth_year": 19.51,
            "eps_4q": 2.73,
            "eps_4q_growth_year": 27.11,
            "roe": 4.28,
            "roe_4q": 14.34,
            "gross_profit": 256111,
            "gross_margin": 45.46,
            "gross_margin_4q_avg": 45.3,
            "net_income": 48885,
            "net_income_4q": null,
            "revenue": 563353,
            "revenue_4q": null,
            "common_shares": 534812,
            "book_valuer_per_share": 18.43,
            "book_valuer_per_share_4q_avg": 17.88,
            "equity": 1141926,
            "current_ratio": 185.32,
            "debt_ratio": 36.52,
            "inventory_turnover_ratio": 0.98,
            "account_receivable_turnover_ratio": 1.28,
            "reinvestment_rate": -63.21,
            "research_to_sale_ratio": 0.73,
            "price_fair": 88.99,
            "eps_avg_yearly": 2.54,
            "eps_latest_yearly": 3.28,
            "eps_growth_yearly": 96.33
        },
        "20161": {
            "year_quarter": 20161,
            "year": 2016,
            "quarter": 1,
            "eps": 0.67,
            "eps_growth_year": 21.82,
            "eps_4q": 2.69,
            "eps_4q_growth_year": 17.48,
            "roe": 3.64,
            "roe_4q": 14.85,
            "gross_profit": 247973,
            "gross_margin": 46.52,
            "gross_margin_4q_avg": 45.85,
            "net_income": 44335,
            "net_income_4q": null,
            "revenue": 533082,
            "revenue_4q": null,
            "common_shares": 569812,
            "book_valuer_per_share": 19.82,
            "book_valuer_per_share_4q_avg": 18.29,
            "equity": 1293100,
            "current_ratio": 328.28,
            "debt_ratio": 32.18,
            "inventory_turnover_ratio": 0.97,
            "account_receivable_turnover_ratio": 1.21,
            "reinvestment_rate": -70.49,
            "research_to_sale_ratio": 0.57,
            "price_fair": 91.09,
            "eps_avg_yearly": 2.6,
            "eps_latest_yearly": 2.68,
            "eps_growth_yearly": 101.82
        },
        "20162": {
            "year_quarter": 20162,
            "year": 2016,
            "quarter": 2,
            "eps": 0.74,
            "eps_growth_year": 37.04,
            "eps_4q": 2.91,
            "eps_4q_growth_year": 23.09,
            "roe": 4,
            "roe_4q": 16.18,
            "gross_profit": 226718,
            "gross_margin": 46.43,
            "gross_margin_4q_avg": 45.97,
            "net_income": 50166,
            "net_income_4q": null,
            "revenue": 488329,
            "revenue_4q": null,
            "common_shares": 569812,
            "book_valuer_per_share": 18.33,
            "book_valuer_per_share_4q_avg": 18.64,
            "equity": 1215517,
            "current_ratio": 274.89,
            "debt_ratio": 36.6,
            "inventory_turnover_ratio": 0.89,
            "account_receivable_turnover_ratio": 1.18,
            "reinvestment_rate": -77.22,
            "research_to_sale_ratio": 0.62,
            "price_fair": 95.55,
            "eps_avg_yearly": 2.73,
            "eps_latest_yearly": 2.96,
            "eps_growth_yearly": 116.06
        },
        "20163": {
            "year_quarter": 20163,
            "year": 2016,
            "quarter": 3,
            "eps": 0.89,
            "eps_growth_year": 9.88,
            "eps_4q": 3.02,
            "eps_4q_growth_year": 16.47,
            "roe": 4.77,
            "roe_4q": 16.69,
            "gross_profit": 239098,
            "gross_margin": 47.88,
            "gross_margin_4q_avg": 46.57,
            "net_income": 58817,
            "net_income_4q": null,
            "revenue": 499328,
            "revenue_4q": null,
            "common_shares": 569812,
            "book_valuer_per_share": 18.91,
            "book_valuer_per_share_4q_avg": 18.87,
            "equity": 1251552,
            "current_ratio": 335.13,
            "debt_ratio": 32.58,
            "inventory_turnover_ratio": 0.83,
            "account_receivable_turnover_ratio": 1.21,
            "reinvestment_rate": -73.46,
            "research_to_sale_ratio": 0.65,
            "price_fair": 99.58,
            "eps_avg_yearly": 2.85,
            "eps_latest_yearly": 3.56,
            "eps_growth_yearly": 99.39
        },
        "20164": {
            "year_quarter": 20164,
            "year": 2016,
            "quarter": 4,
            "eps": 0.76,
            "eps_growth_year": -7.43,
            "eps_4q": 3.01,
            "eps_4q_growth_year": 10.34,
            "roe": 3.8,
            "roe_4q": 16.21,
            "gross_profit": 248269,
            "gross_margin": 45.28,
            "gross_margin_4q_avg": 46.53,
            "net_income": 47859,
            "net_income_4q": null,
            "revenue": 548345,
            "revenue_4q": null,
            "common_shares": 569812,
            "book_valuer_per_share": 19.66,
            "book_valuer_per_share_4q_avg": 19.18,
            "equity": 1269089,
            "current_ratio": 305.96,
            "debt_ratio": 34.57,
            "inventory_turnover_ratio": 0.89,
            "account_receivable_turnover_ratio": 1.21,
            "reinvestment_rate": -48.58,
            "research_to_sale_ratio": 1.83,
            "price_fair": 101.85,
            "eps_avg_yearly": 2.91,
            "eps_latest_yearly": 3.04,
            "eps_growth_yearly": 91.67
        },
        "20171": {
            "year_quarter": 20171,
            "year": 2017,
            "quarter": 1,
            "eps": 0.76,
            "eps_growth_year": 13.43,
            "eps_4q": 3.13,
            "eps_4q_growth_year": 16.34,
            "roe": 3.77,
            "roe_4q": 16.34,
            "gross_profit": 229235,
            "gross_margin": 45.88,
            "gross_margin_4q_avg": 46.37,
            "net_income": 48189,
            "net_income_4q": null,
            "revenue": 499664,
            "revenue_4q": null,
            "common_shares": 569812,
            "book_valuer_per_share": 19.98,
            "book_valuer_per_share_4q_avg": 19.22,
            "equity": 1289957,
            "current_ratio": 378.62,
            "debt_ratio": 30.5,
            "inventory_turnover_ratio": 0.8,
            "account_receivable_turnover_ratio": 1.13,
            "reinvestment_rate": 0.77,
            "research_to_sale_ratio": 0.76,
            "price_fair": 104.74,
            "eps_avg_yearly": 2.99,
            "eps_latest_yearly": 3.04,
            "eps_growth_yearly": 95.17
        },
        "20172": {
            "year_quarter": 20172,
            "year": 2017,
            "quarter": 2,
            "eps": 0.74,
            "eps_growth_year": 0,
            "eps_4q": 3.1,
            "eps_4q_growth_year": 6.8,
            "roe": 3.56,
            "roe_4q": 15.899999999999999,
            "gross_profit": 209227,
            "gross_margin": 45.36,
            "gross_margin_4q_avg": 46.1,
            "net_income": 44660,
            "net_income_4q": null,
            "revenue": 461290,
            "revenue_4q": null,
            "common_shares": 576015,
            "book_valuer_per_share": 18.83,
            "book_valuer_per_share_4q_avg": 19.35,
            "equity": 1216835,
            "current_ratio": 276.96,
            "debt_ratio": 36.59,
            "inventory_turnover_ratio": 0.79,
            "account_receivable_turnover_ratio": 1.12,
            "reinvestment_rate": -1.56,
            "research_to_sale_ratio": 0.72,
            "price_fair": 108.24,
            "eps_avg_yearly": 3.09,
            "eps_latest_yearly": 2.96,
            "eps_growth_yearly": 99.74
        },
        "20173": {
            "year_quarter": 20173,
            "year": 2017,
            "quarter": 3,
            "eps": 0.92,
            "eps_growth_year": 3.37,
            "eps_4q": 3.1,
            "eps_4q_growth_year": 2.58,
            "roe": 4.69,
            "roe_4q": 15.82,
            "gross_profit": 207697,
            "gross_margin": 42.85,
            "gross_margin_4q_avg": 44.84,
            "net_income": 59426,
            "net_income_4q": null,
            "revenue": 484675,
            "revenue_4q": null,
            "common_shares": 576015,
            "book_valuer_per_share": 20.46,
            "book_valuer_per_share_4q_avg": 19.73,
            "equity": 1317760,
            "current_ratio": 351.83,
            "debt_ratio": 27.64,
            "inventory_turnover_ratio": 0.89,
            "account_receivable_turnover_ratio": 1.14,
            "reinvestment_rate": 14.85,
            "research_to_sale_ratio": 0.63,
            "price_fair": 111.48,
            "eps_avg_yearly": 3.19,
            "eps_latest_yearly": 3.68,
            "eps_growth_yearly": 90.38
        },
        "20174": {
            "year_quarter": 20174,
            "year": 2017,
            "quarter": 4,
            "eps": 0.72,
            "eps_growth_year": -5.81,
            "eps_4q": 3.07,
            "eps_4q_growth_year": 2.21,
            "roe": 3.65,
            "roe_4q": 15.67,
            "gross_profit": 247607,
            "gross_margin": 42.81,
            "gross_margin_4q_avg": 44.23,
            "net_income": 49028,
            "net_income_4q": null,
            "revenue": 578383,
            "revenue_4q": null,
            "common_shares": 586962,
            "book_valuer_per_share": 20.83,
            "book_valuer_per_share_4q_avg": 20.03,
            "equity": 1372096,
            "current_ratio": 300.8,
            "debt_ratio": 31.46,
            "inventory_turnover_ratio": 1.05,
            "account_receivable_turnover_ratio": 1.29,
            "reinvestment_rate": 14.44,
            "research_to_sale_ratio": 0.65,
            "price_fair": 27.65,
            "eps_avg_yearly": 2.77,
            "eps_latest_yearly": 2.88,
            "eps_growth_yearly": 0.86
        },
        "20181": {
            "year_quarter": 20181,
            "year": 2018,
            "quarter": 1,
            "eps": 0.77,
            "eps_growth_year": 1.32,
            "eps_4q": 3.07,
            "eps_4q_growth_year": -1.96,
            "roe": 3.79,
            "roe_4q": 15.69,
            "gross_profit": 239855,
            "gross_margin": 43.75,
            "gross_margin_4q_avg": 43.69,
            "net_income": 53795,
            "net_income_4q": null,
            "revenue": 548209,
            "revenue_4q": null,
            "common_shares": 586962,
            "book_valuer_per_share": 22.3,
            "book_valuer_per_share_4q_avg": 20.61,
            "equity": 1467129,
            "current_ratio": 285.26,
            "debt_ratio": 25.55,
            "inventory_turnover_ratio": 1,
            "account_receivable_turnover_ratio": 1.21,
            "reinvestment_rate": 13.23,
            "research_to_sale_ratio": 0.69,
            "price_fair": 95.52,
            "eps_avg_yearly": 2.86,
            "eps_latest_yearly": 3.08,
            "eps_growth_yearly": 23.43
        },
        "20182": {
            "year_quarter": 20182,
            "year": 2018,
            "quarter": 2,
            "eps": 1.03,
            "eps_growth_year": 39.19,
            "eps_4q": 3.39,
            "eps_4q_growth_year": 9.16,
            "roe": 4.51,
            "roe_4q": 16.64,
            "gross_profit": 260808,
            "gross_margin": 45.25,
            "gross_margin_4q_avg": 43.67,
            "net_income": 64114,
            "net_income_4q": null,
            "revenue": 576342,
            "revenue_4q": null,
            "common_shares": 594638,
            "book_valuer_per_share": 20.73,
            "book_valuer_per_share_4q_avg": 21.08,
            "equity": 1376620,
            "current_ratio": 214.34,
            "debt_ratio": 34.84,
            "inventory_turnover_ratio": 1.08,
            "account_receivable_turnover_ratio": 1.2,
            "reinvestment_rate": 13.2,
            "research_to_sale_ratio": 0.74,
            "price_fair": 104.91,
            "eps_avg_yearly": 3,
            "eps_latest_yearly": 4.12,
            "eps_growth_yearly": 27.49
        },
        "20183": {
            "year_quarter": 20183,
            "year": 2018,
            "quarter": 3,
            "eps": 1.54,
            "eps_growth_year": 67.39,
            "eps_4q": 3.85,
            "eps_4q_growth_year": 24.34,
            "roe": 6.57,
            "roe_4q": 18.52,
            "gross_profit": 358236,
            "gross_margin": 43.99,
            "gross_margin_4q_avg": 43.95,
            "net_income": 96182,
            "net_income_4q": null,
            "revenue": 814356,
            "revenue_4q": null,
            "common_shares": 595127,
            "book_valuer_per_share": 23.6,
            "book_valuer_per_share_4q_avg": 21.87,
            "equity": 1551284,
            "current_ratio": 122.85,
            "debt_ratio": 44.63,
            "inventory_turnover_ratio": 1.52,
            "account_receivable_turnover_ratio": 1.41,
            "reinvestment_rate": 108.27,
            "research_to_sale_ratio": 0.53,
            "price_fair": 113.31,
            "eps_avg_yearly": 3.24,
            "eps_latest_yearly": 6.16,
            "eps_growth_yearly": 34.02
        },
        "20184": {
            "year_quarter": 20184,
            "year": 2018,
            "quarter": 4,
            "eps": 1.61,
            "eps_growth_year": 124.17,
            "eps_4q": 4.75,
            "eps_4q_growth_year": 54.54,
            "roe": 6.54,
            "roe_4q": 21.409999999999997,
            "gross_profit": 439665,
            "gross_margin": 42.03,
            "gross_margin_4q_avg": 43.76,
            "net_income": 104747,
            "net_income_4q": null,
            "revenue": 1045986,
            "revenue_4q": null,
            "common_shares": 625416,
            "book_valuer_per_share": 24.48,
            "book_valuer_per_share_4q_avg": 22.78,
            "equity": 1649879,
            "current_ratio": 211.45,
            "debt_ratio": 42.15,
            "inventory_turnover_ratio": 1.76,
            "account_receivable_turnover_ratio": 1.61,
            "reinvestment_rate": 96.94,
            "research_to_sale_ratio": 0.63,
            "price_fair": 121.36,
            "eps_avg_yearly": 3.47,
            "eps_latest_yearly": 6.44,
            "eps_growth_yearly": 30.42
        },
        "20191": {
            "year_quarter": 20191,
            "year": 2019,
            "quarter": 1,
            "eps": 1.99,
            "eps_growth_year": 158.44,
            "eps_4q": 6.02,
            "eps_4q_growth_year": 96.27,
            "roe": 7.67,
            "roe_4q": 25.29,
            "gross_profit": 430544,
            "gross_margin": 42.89,
            "gross_margin_4q_avg": 43.54,
            "net_income": 131794,
            "net_income_4q": null,
            "revenue": 1003728,
            "revenue_4q": null,
            "common_shares": 632339,
            "book_valuer_per_share": 26.45,
            "book_valuer_per_share_4q_avg": 23.82,
            "equity": 1787905,
            "current_ratio": 196.07,
            "debt_ratio": 37.05,
            "inventory_turnover_ratio": 1.69,
            "account_receivable_turnover_ratio": 1.52,
            "reinvestment_rate": 87.01,
            "research_to_sale_ratio": 0.45,
            "price_fair": 133.96,
            "eps_avg_yearly": 3.83,
            "eps_latest_yearly": 7.96,
            "eps_growth_yearly": 41.39
        },
        "20192": {
            "year_quarter": 20192,
            "year": 2019,
            "quarter": 2,
            "eps": 1.59,
            "eps_growth_year": 54.37,
            "eps_4q": 6.64,
            "eps_4q_growth_year": 96.05,
            "roe": 6.05,
            "roe_4q": 26.83,
            "gross_profit": 404787,
            "gross_margin": 41.66,
            "gross_margin_4q_avg": 42.64,
            "net_income": 104357,
            "net_income_4q": null,
            "revenue": 971686,
            "revenue_4q": null,
            "common_shares": 632339,
            "book_valuer_per_share": 24.54,
            "book_valuer_per_share_4q_avg": 24.77,
            "equity": 1659662,
            "current_ratio": 155.55,
            "debt_ratio": 42.55,
            "inventory_turnover_ratio": 1.83,
            "account_receivable_turnover_ratio": 1.56,
            "reinvestment_rate": 80.71,
            "research_to_sale_ratio": 0.58,
            "price_fair": 143.15,
            "eps_avg_yearly": 4.09,
            "eps_latest_yearly": 6.36,
            "eps_growth_yearly": 36.82
        },
        "20193": {
            "year_quarter": 20193,
            "year": 2019,
            "quarter": 3,
            "eps": 1.04,
            "eps_growth_year": -32.47,
            "eps_4q": 6.23,
            "eps_4q_growth_year": 61.72,
            "roe": 4.12,
            "roe_4q": 24.38,
            "gross_profit": 312160,
            "gross_margin": 41.72,
            "gross_margin_4q_avg": 42.08,
            "net_income": 69529,
            "net_income_4q": null,
            "revenue": 748179,
            "revenue_4q": null,
            "common_shares": 632339,
            "book_valuer_per_share": 25.33,
            "book_valuer_per_share_4q_avg": 25.2,
            "equity": 1712889,
            "current_ratio": 182.27,
            "debt_ratio": 34,
            "inventory_turnover_ratio": 1.43,
            "account_receivable_turnover_ratio": 1.35,
            "reinvestment_rate": 80.21,
            "research_to_sale_ratio": 0.75,
            "price_fair": 106.47,
            "eps_avg_yearly": 4.15,
            "eps_latest_yearly": 4.16,
            "eps_growth_yearly": 15.67
        },
        "20194": {
            "year_quarter": 20194,
            "year": 2019,
            "quarter": 4,
            "eps": 0.76,
            "eps_growth_year": -53.1,
            "eps_4q": 5.37,
            "eps_4q_growth_year": 13.06,
            "roe": 3.39,
            "roe_4q": 21.229999999999997,
            "gross_profit": 328248,
            "gross_margin": 49.16,
            "gross_margin_4q_avg": 43.86,
            "net_income": 58960,
            "net_income_4q": null,
            "revenue": 667666,
            "revenue_4q": null,
            "common_shares": 632339,
            "book_valuer_per_share": 26.06,
            "book_valuer_per_share_4q_avg": 25.6,
            "equity": 1770398,
            "current_ratio": 209.54,
            "debt_ratio": 33.02,
            "inventory_turnover_ratio": 0.98,
            "account_receivable_turnover_ratio": 1.29,
            "reinvestment_rate": 78.21,
            "research_to_sale_ratio": 3.88,
            "price_fair": 77,
            "eps_avg_yearly": 4.13,
            "eps_latest_yearly": 3.04,
            "eps_growth_yearly": 8.63
        },
        "20201": {
            "year_quarter": 20201,
            "year": 2020,
            "quarter": 1,
            "eps": 1.24,
            "eps_growth_year": -37.69,
            "eps_4q": 4.62,
            "eps_4q_growth_year": -23.25,
            "roe": 4.85,
            "roe_4q": 18.41,
            "gross_profit": 318369,
            "gross_margin": 47.59,
            "gross_margin_4q_avg": 45.03,
            "net_income": 87470,
            "net_income_4q": null,
            "revenue": 668921,
            "revenue_4q": null,
            "common_shares": 632339,
            "book_valuer_per_share": 26.94,
            "book_valuer_per_share_4q_avg": 25.72,
            "equity": 1834610,
            "current_ratio": 223.93,
            "debt_ratio": 31.62,
            "inventory_turnover_ratio": 0.95,
            "account_receivable_turnover_ratio": 1.26,
            "reinvestment_rate": 74.89,
            "research_to_sale_ratio": 1.05,
            "price_fair": 149.63,
            "eps_avg_yearly": 4.28,
            "eps_latest_yearly": 4.96,
            "eps_growth_yearly": 29
        },
        "20202": {
            "year_quarter": 20202,
            "year": 2020,
            "quarter": 2,
            "eps": 1.14,
            "eps_growth_year": -28.3,
            "eps_4q": 4.17,
            "eps_4q_growth_year": -37.3,
            "roe": 4.45,
            "roe_4q": 16.810000000000002,
            "gross_profit": 357146,
            "gross_margin": 47.32,
            "gross_margin_4q_avg": 46.45,
            "net_income": 77322,
            "net_income_4q": null,
            "revenue": 754758,
            "revenue_4q": null,
            "common_shares": 632339,
            "book_valuer_per_share": 24.29,
            "book_valuer_per_share_4q_avg": 25.66,
            "equity": 1643553,
            "current_ratio": 235.79,
            "debt_ratio": 41.95,
            "inventory_turnover_ratio": 1.09,
            "account_receivable_turnover_ratio": 1.39,
            "reinvestment_rate": 5.31,
            "research_to_sale_ratio": 0.88,
            "price_fair": 150.36,
            "eps_avg_yearly": 4.38,
            "eps_latest_yearly": 4.56,
            "eps_growth_yearly": 24.37
        },
        "20203": {
            "year_quarter": 20203,
            "year": 2020,
            "quarter": 3,
            "eps": 2.55,
            "eps_growth_year": 145.19,
            "eps_4q": 5.68,
            "eps_4q_growth_year": -8.71,
            "roe": 9.87,
            "roe_4q": 22.560000000000002,
            "gross_profit": 364598,
            "gross_margin": 44.72,
            "gross_margin_4q_avg": 47.2,
            "net_income": 170727,
            "net_income_4q": null,
            "revenue": 815317,
            "revenue_4q": null,
            "common_shares": 632339,
            "book_valuer_per_share": 26.87,
            "book_valuer_per_share_4q_avg": 26.04,
            "equity": 1816256,
            "current_ratio": 302.02,
            "debt_ratio": 27.71,
            "inventory_turnover_ratio": 1.2,
            "account_receivable_turnover_ratio": 1.38,
            "reinvestment_rate": 6.07,
            "research_to_sale_ratio": 0.74,
            "price_fair": 167.65,
            "eps_avg_yearly": 4.79,
            "eps_latest_yearly": 10.2,
            "eps_growth_yearly": 50.22
        },
        "20204": {
            "year_quarter": 20204,
            "year": 2020,
            "quarter": 4,
            "eps": 0.58,
            "eps_growth_year": -23.75,
            "eps_4q": 5.51,
            "eps_4q_growth_year": 2.48,
            "roe": 2.62,
            "roe_4q": 21.79,
            "gross_profit": 357284,
            "gross_margin": 43.58,
            "gross_margin_4q_avg": 45.8,
            "net_income": 48331,
            "net_income_4q": null,
            "revenue": 819763,
            "revenue_4q": null,
            "common_shares": 632339,
            "book_valuer_per_share": 27.5,
            "book_valuer_per_share_4q_avg": 26.4,
            "equity": 1868498,
            "current_ratio": 303.05,
            "debt_ratio": 28.01,
            "inventory_turnover_ratio": 1.06,
            "account_receivable_turnover_ratio": 1.28,
            "reinvestment_rate": 7.98,
            "research_to_sale_ratio": 2.96,
            "price_fair": 166.08,
            "eps_avg_yearly": 4.75,
            "eps_latest_yearly": 2.32,
            "eps_growth_yearly": 34.56
        },
        "20211": {
            "year_quarter": 20211,
            "year": 2021,
            "quarter": 1,
            "eps": 1.39,
            "eps_growth_year": 12.1,
            "eps_4q": 5.66,
            "eps_4q_growth_year": 22.4,
            "roe": 5.07,
            "roe_4q": 22.009999999999998,
            "gross_profit": 395122,
            "gross_margin": 43.78,
            "gross_margin_4q_avg": 44.85,
            "net_income": 96977,
            "net_income_4q": null,
            "revenue": 902424,
            "revenue_4q": null,
            "common_shares": 632339,
            "book_valuer_per_share": 28.72,
            "book_valuer_per_share_4q_avg": 26.85,
            "equity": 1954755,
            "current_ratio": 336.4,
            "debt_ratio": 25.28,
            "inventory_turnover_ratio": 1.18,
            "account_receivable_turnover_ratio": 1.47,
            "reinvestment_rate": 7.6,
            "research_to_sale_ratio": 1.27,
            "price_fair": 171.59,
            "eps_avg_yearly": 4.9,
            "eps_latest_yearly": 5.56,
            "eps_growth_yearly": 69.47
        },
        "20212": {
            "year_quarter": 20212,
            "year": 2021,
            "quarter": 2,
            "eps": 0.73,
            "eps_growth_year": -35.96,
            "eps_4q": 5.25,
            "eps_4q_growth_year": 25.96,
            "roe": 2.86,
            "roe_4q": 20.42,
            "gross_profit": 273022,
            "gross_margin": 47.22,
            "gross_margin_4q_avg": 44.83,
            "net_income": 52094,
            "net_income_4q": null,
            "revenue": 578204,
            "revenue_4q": null,
            "common_shares": 632339,
            "book_valuer_per_share": 25.15,
            "book_valuer_per_share_4q_avg": 27.06,
            "equity": 1682226,
            "current_ratio": 238.59,
            "debt_ratio": 37.75,
            "inventory_turnover_ratio": 0.84,
            "account_receivable_turnover_ratio": 1.11,
            "reinvestment_rate": 29.38,
            "research_to_sale_ratio": 1.96,
            "price_fair": 171.5,
            "eps_avg_yearly": 4.9,
            "eps_latest_yearly": 2.92,
            "eps_growth_yearly": 58.26
        },
        "20213": {
            "year_quarter": 20213,
            "year": 2021,
            "quarter": 3,
            "eps": 1.2,
            "eps_growth_year": -52.94,
            "eps_4q": 3.9,
            "eps_4q_growth_year": -31.42,
            "roe": 4.71,
            "roe_4q": 15.260000000000002,
            "gross_profit": 335765,
            "gross_margin": 43.18,
            "gross_margin_4q_avg": 44.44,
            "net_income": 80788,
            "net_income_4q": null,
            "revenue": 777512,
            "revenue_4q": null,
            "common_shares": 632339,
            "book_valuer_per_share": 26.2,
            "book_valuer_per_share_4q_avg": 26.89,
            "equity": 1744998,
            "current_ratio": 330.85,
            "debt_ratio": 29.34,
            "inventory_turnover_ratio": 1.15,
            "account_receivable_turnover_ratio": 1.55,
            "reinvestment_rate": 19.32,
            "research_to_sale_ratio": 1.4,
            "price_fair": 173.95,
            "eps_avg_yearly": 4.97,
            "eps_latest_yearly": 4.8,
            "eps_growth_yearly": 68.27
        },
        "20214": {
            "year_quarter": 20214,
            "year": 2021,
            "quarter": 4,
            "eps": 0.81,
            "eps_growth_year": 41.21,
            "eps_4q": 4.14,
            "eps_4q_growth_year": -24.88,
            "roe": 3.33,
            "roe_4q": 15.969999999999999,
            "gross_profit": 373367,
            "gross_margin": 42.4,
            "gross_margin_4q_avg": 44.15,
            "net_income": 59172,
            "net_income_4q": null,
            "revenue": 880651,
            "revenue_4q": null,
            "common_shares": 632339,
            "book_valuer_per_share": 27.04,
            "book_valuer_per_share_4q_avg": 26.78,
            "equity": 1806042,
            "current_ratio": 294,
            "debt_ratio": 32.05,
            "inventory_turnover_ratio": 1.13,
            "account_receivable_turnover_ratio": 1.52,
            "reinvestment_rate": 20.25,
            "research_to_sale_ratio": 1.35,
            "price_fair": 174.74,
            "eps_avg_yearly": 4.99,
            "eps_latest_yearly": 3.24,
            "eps_growth_yearly": 65.58
        },
        "20221": {
            "year_quarter": 20221,
            "year": 2022,
            "quarter": 1,
            "eps": 1.39,
            "eps_growth_year": 0,
            "eps_4q": 4.14,
            "eps_4q_growth_year": -26.86,
            "roe": 5.06,
            "roe_4q": 15.96,
            "gross_profit": 353349,
            "gross_margin": 44.45,
            "gross_margin_4q_avg": 44.31,
            "net_income": 94398,
            "net_income_4q": null,
            "revenue": 794978,
            "revenue_4q": null,
            "common_shares": 632339,
            "book_valuer_per_share": 28.85,
            "book_valuer_per_share_4q_avg": 26.81,
            "equity": 1927363,
            "current_ratio": 314.38,
            "debt_ratio": 28.6,
            "inventory_turnover_ratio": 0.93,
            "account_receivable_turnover_ratio": 1.4,
            "reinvestment_rate": 20.04,
            "research_to_sale_ratio": 1.35,
            "price_fair": 180.16,
            "eps_avg_yearly": 5.15,
            "eps_latest_yearly": 5.56,
            "eps_growth_yearly": 81.75
        },
        "20222": {
            "year_quarter": 20222,
            "year": 2022,
            "quarter": 2,
            "eps": 0.87,
            "eps_growth_year": 19.18,
            "eps_4q": 4.28,
            "eps_4q_growth_year": -18.48,
            "roe": 3.21,
            "roe_4q": 16.31,
            "gross_profit": 303160,
            "gross_margin": 49.27,
            "gross_margin_4q_avg": 44.83,
            "net_income": 59376,
            "net_income_4q": null,
            "revenue": 615277,
            "revenue_4q": null,
            "common_shares": 632339,
            "book_valuer_per_share": 26.55,
            "book_valuer_per_share_4q_avg": 27.16,
            "equity": 1774869,
            "current_ratio": 249.23,
            "debt_ratio": 34.28,
            "inventory_turnover_ratio": 0.72,
            "account_receivable_turnover_ratio": 1.18,
            "reinvestment_rate": 19.68,
            "research_to_sale_ratio": 1.88,
            "price_fair": 178.76,
            "eps_avg_yearly": 5.11,
            "eps_latest_yearly": 3.48,
            "eps_growth_yearly": 63.96
        },
        "20223": {
            "year_quarter": 20223,
            "year": 2022,
            "quarter": 3,
            "eps": 1.06,
            "eps_growth_year": -11.67,
            "eps_4q": 4.13,
            "eps_4q_growth_year": 5.9,
            "roe": 3.95,
            "roe_4q": 15.549999999999999,
            "gross_profit": 317220,
            "gross_margin": 44.63,
            "gross_margin_4q_avg": 45.19,
            "net_income": 71633,
            "net_income_4q": null,
            "revenue": 710849,
            "revenue_4q": null,
            "common_shares": 632339,
            "book_valuer_per_share": 27.69,
            "book_valuer_per_share_4q_avg": 27.53,
            "equity": 1851936,
            "current_ratio": 326.99,
            "debt_ratio": 27.11,
            "inventory_turnover_ratio": 0.9,
            "account_receivable_turnover_ratio": 1.28,
            "reinvestment_rate": -36.96,
            "research_to_sale_ratio": 1.57,
            "price_fair": 174.56,
            "eps_avg_yearly": 4.99,
            "eps_latest_yearly": 4.24,
            "eps_growth_yearly": 57.04
        },
        "20224": {
            "year_quarter": 20224,
            "year": 2022,
            "quarter": 4,
            "eps": 0.69,
            "eps_growth_year": -14.87,
            "eps_4q": 4.01,
            "eps_4q_growth_year": -3.1,
            "roe": 2.77,
            "roe_4q": 14.989999999999998,
            "gross_profit": 296181,
            "gross_margin": 44.64,
            "gross_margin_4q_avg": 45.75,
            "net_income": 52159,
            "net_income_4q": null,
            "revenue": 663511,
            "revenue_4q": null,
            "common_shares": 632339,
            "book_valuer_per_share": 28.56,
            "book_valuer_per_share_4q_avg": 27.91,
            "equity": 1915705,
            "current_ratio": 335.15,
            "debt_ratio": 26.14,
            "inventory_turnover_ratio": 0.78,
            "account_receivable_turnover_ratio": 1.18,
            "reinvestment_rate": -39.83,
            "research_to_sale_ratio": 1.86,
            "price_fair": 166.51,
            "eps_avg_yearly": 4.76,
            "eps_latest_yearly": 2.76,
            "eps_growth_yearly": 47.17
        },
        "20231": {
            "year_quarter": 20231,
            "year": 2023,
            "quarter": 1,
            "eps": 1.16,
            "eps_growth_year": -16.55,
            "eps_4q": 3.78,
            "eps_4q_growth_year": -8.66,
            "roe": 4.14,
            "roe_4q": 14.07,
            "gross_profit": 324675,
            "gross_margin": 46.44,
            "gross_margin_4q_avg": 46.25,
            "net_income": 81071,
            "net_income_4q": null,
            "revenue": 699081,
            "revenue_4q": null,
            "common_shares": 632339,
            "book_valuer_per_share": 29.75,
            "book_valuer_per_share_4q_avg": 28.14,
            "equity": 1998466,
            "current_ratio": 376.69,
            "debt_ratio": 21.6,
            "inventory_turnover_ratio": 0.86,
            "account_receivable_turnover_ratio": 1.25,
            "reinvestment_rate": -42.4,
            "research_to_sale_ratio": 1.78,
            "price_fair": 159.25,
            "eps_avg_yearly": 4.55,
            "eps_latest_yearly": 4.64,
            "eps_growth_yearly": 58.3
        },
        "20232": {
            "year_quarter": 20232,
            "year": 2023,
            "quarter": 2,
            "eps": 0.86,
            "eps_growth_year": -1.15,
            "eps_4q": 3.76,
            "eps_4q_growth_year": -12.02,
            "roe": 3.13,
            "roe_4q": 13.989999999999998,
            "gross_profit": 298386,
            "gross_margin": 47.86,
            "gross_margin_4q_avg": 45.89,
            "net_income": 60083,
            "net_income_4q": null,
            "revenue": 623426,
            "revenue_4q": null,
            "common_shares": 632339,
            "book_valuer_per_share": 27.31,
            "book_valuer_per_share_4q_avg": 28.33,
            "equity": 1838088,
            "current_ratio": 272.02,
            "debt_ratio": 28.94,
            "inventory_turnover_ratio": 0.87,
            "account_receivable_turnover_ratio": 1.13,
            "reinvestment_rate": -45.74,
            "research_to_sale_ratio": 1.42,
            "price_fair": 152.86,
            "eps_avg_yearly": 4.37,
            "eps_latest_yearly": 3.44,
            "eps_growth_yearly": 56.86
        },
        "20233": {
            "year_quarter": 20233,
            "year": 2023,
            "quarter": 3,
            "eps": 0.81,
            "eps_growth_year": -23.58,
            "eps_4q": 3.52,
            "eps_4q_growth_year": -14.71,
            "roe": 3.11,
            "roe_4q": 13.149999999999999,
            "gross_profit": 308442,
            "gross_margin": 48.53,
            "gross_margin_4q_avg": 46.87,
            "net_income": 58342,
            "net_income_4q": null,
            "revenue": 635520,
            "revenue_4q": null,
            "common_shares": 632339,
            "book_valuer_per_share": 28.38,
            "book_valuer_per_share_4q_avg": 28.5,
            "equity": 1912593,
            "current_ratio": 338.91,
            "debt_ratio": 23.01,
            "inventory_turnover_ratio": 0.91,
            "account_receivable_turnover_ratio": 1.17,
            "reinvestment_rate": -48.61,
            "research_to_sale_ratio": 1.27,
            "price_fair": 150.85,
            "eps_avg_yearly": 4.31,
            "eps_latest_yearly": 3.24,
            "eps_growth_yearly": 64.06
        },
        "20234": {
            "year_quarter": 20234,
            "year": 2023,
            "quarter": 4,
            "eps": 0.82,
            "eps_growth_year": 19.08,
            "eps_4q": 3.65,
            "eps_4q_growth_year": -8.85,
            "roe": 3.1,
            "roe_4q": 13.48,
            "gross_profit": 308551,
            "gross_margin": 46.88,
            "gross_margin_4q_avg": 47.43,
            "net_income": 60190,
            "net_income_4q": null,
            "revenue": 658221,
            "revenue_4q": null,
            "common_shares": 632339,
            "book_valuer_per_share": 29.09,
            "book_valuer_per_share_4q_avg": 28.63,
            "equity": 1965053,
            "current_ratio": 337.79,
            "debt_ratio": 23.12,
            "inventory_turnover_ratio": 0.98,
            "account_receivable_turnover_ratio": 1.21,
            "reinvestment_rate": -46.25,
            "research_to_sale_ratio": 1.23,
            "price_fair": 151.38,
            "eps_avg_yearly": 4.33,
            "eps_latest_yearly": 3.28,
            "eps_growth_yearly": 71.1
        }
    },
    "months": {
        "2001-09": {
            "month": "2001-09",
            "price": "9.86",
            "revenue": 36296
        },
        "2001-10": {
            "month": "2001-10",
            "price": "10.31",
            "revenue": 42275
        },
        "2001-11": {
            "month": "2001-11",
            "price": "9.42",
            "revenue": 40582
        },
        "2001-12": {
            "month": "2001-12",
            "price": "9.28",
            "revenue": 41460
        },
        "2002-01": {
            "month": "2002-01",
            "price": "10.26",
            "revenue": 47133
        },
        "2002-02": {
            "month": "2002-02",
            "price": "10.57",
            "revenue": 41259
        },
        "2002-03": {
            "month": "2002-03",
            "price": "10.76",
            "revenue": 38892
        },
        "2002-04": {
            "month": "2002-04",
            "price": "11.70",
            "revenue": 32263
        },
        "2002-05": {
            "month": "2002-05",
            "price": "11.51",
            "revenue": 30285
        },
        "2002-06": {
            "month": "2002-06",
            "price": "14.69",
            "revenue": 33082
        },
        "2002-07": {
            "month": "2002-07",
            "price": "13.40",
            "revenue": 34965
        },
        "2002-08": {
            "month": "2002-08",
            "price": "11.92",
            "revenue": 30432
        },
        "2002-09": {
            "month": "2002-09",
            "price": "9.76",
            "revenue": 28996
        },
        "2002-10": {
            "month": "2002-10",
            "price": "9.22",
            "revenue": 38713
        },
        "2002-11": {
            "month": "2002-11",
            "price": "10.26",
            "revenue": 37944
        },
        "2002-12": {
            "month": "2002-12",
            "price": "10.37",
            "revenue": 44171
        },
        "2003-01": {
            "month": "2003-01",
            "price": "11.05",
            "revenue": 46320
        },
        "2003-02": {
            "month": "2003-02",
            "price": "10.30",
            "revenue": 24978
        },
        "2003-03": {
            "month": "2003-03",
            "price": "9.33",
            "revenue": 33829
        },
        "2003-04": {
            "month": "2003-04",
            "price": "9.38",
            "revenue": 34432
        },
        "2003-05": {
            "month": "2003-05",
            "price": "12.12",
            "revenue": 34338
        },
        "2003-06": {
            "month": "2003-06",
            "price": "12.44",
            "revenue": 33342
        },
        "2003-07": {
            "month": "2003-07",
            "price": "11.87",
            "revenue": 43638
        },
        "2003-08": {
            "month": "2003-08",
            "price": "11.29",
            "revenue": 38066
        },
        "2003-09": {
            "month": "2003-09",
            "price": "11.30",
            "revenue": 44387
        },
        "2003-10": {
            "month": "2003-10",
            "price": "11.21",
            "revenue": 52606
        },
        "2003-11": {
            "month": "2003-11",
            "price": "11.22",
            "revenue": 50407
        },
        "2003-12": {
            "month": "2003-12",
            "price": "11.51",
            "revenue": 66950
        },
        "2004-01": {
            "month": "2004-01",
            "price": "11.52",
            "revenue": 60715
        },
        "2004-02": {
            "month": "2004-02",
            "price": "12.37",
            "revenue": 52886
        },
        "2004-03": {
            "month": "2004-03",
            "price": "11.84",
            "revenue": 46301
        },
        "2004-04": {
            "month": "2004-04",
            "price": "12.24",
            "revenue": 47344
        },
        "2004-05": {
            "month": "2004-05",
            "price": "10.90",
            "revenue": 46906
        },
        "2004-06": {
            "month": "2004-06",
            "price": "10.34",
            "revenue": 54246
        },
        "2004-07": {
            "month": "2004-07",
            "price": "9.84",
            "revenue": 61487
        },
        "2004-08": {
            "month": "2004-08",
            "price": "9.30",
            "revenue": 50404
        },
        "2004-09": {
            "month": "2004-09",
            "price": "9.51",
            "revenue": 57177
        },
        "2004-10": {
            "month": "2004-10",
            "price": "9.40",
            "revenue": 62628
        },
        "2004-11": {
            "month": "2004-11",
            "price": "9.23",
            "revenue": 57636
        },
        "2004-12": {
            "month": "2004-12",
            "price": "9.10",
            "revenue": 63720
        },
        "2005-01": {
            "month": "2005-01",
            "price": "9.27",
            "revenue": 91579
        },
        "2005-02": {
            "month": "2005-02",
            "price": "9.60",
            "revenue": 68321
        },
        "2005-03": {
            "month": "2005-03",
            "price": "9.75",
            "revenue": 84082
        },
        "2005-04": {
            "month": "2005-04",
            "price": "9.84",
            "revenue": 76691
        },
        "2005-05": {
            "month": "2005-05",
            "price": "10.06",
            "revenue": 71345
        },
        "2005-06": {
            "month": "2005-06",
            "price": "10.17",
            "revenue": 69322
        },
        "2005-07": {
            "month": "2005-07",
            "price": "10.22",
            "revenue": 75835
        },
        "2005-08": {
            "month": "2005-08",
            "price": "10.07",
            "revenue": 63487
        },
        "2005-09": {
            "month": "2005-09",
            "price": "9.91",
            "revenue": 78990
        },
        "2005-10": {
            "month": "2005-10",
            "price": "10.47",
            "revenue": 67235
        },
        "2005-11": {
            "month": "2005-11",
            "price": "12.11",
            "revenue": 69474
        },
        "2005-12": {
            "month": "2005-12",
            "price": "11.50",
            "revenue": 78226
        },
        "2006-01": {
            "month": "2006-01",
            "price": "11.49",
            "revenue": 89696
        },
        "2006-02": {
            "month": "2006-02",
            "price": "11.68",
            "revenue": 56273
        },
        "2006-03": {
            "month": "2006-03",
            "price": "11.86",
            "revenue": 64535
        },
        "2006-04": {
            "month": "2006-04",
            "price": "11.29",
            "revenue": 67117
        },
        "2006-05": {
            "month": "2006-05",
            "price": "11.86",
            "revenue": 67306
        },
        "2006-06": {
            "month": "2006-06",
            "price": "11.31",
            "revenue": 55212
        },
        "2006-07": {
            "month": "2006-07",
            "price": "11.24",
            "revenue": 91181
        },
        "2006-08": {
            "month": "2006-08",
            "price": "11.46",
            "revenue": 65831
        },
        "2006-09": {
            "month": "2006-09",
            "price": "11.70",
            "revenue": 64836
        },
        "2006-10": {
            "month": "2006-10",
            "price": "11.66",
            "revenue": 71545
        },
        "2006-11": {
            "month": "2006-11",
            "price": "11.88",
            "revenue": 73578
        },
        "2006-12": {
            "month": "2006-12",
            "price": "12.24",
            "revenue": 78688
        },
        "2007-01": {
            "month": "2007-01",
            "price": "13.09",
            "revenue": 93782
        },
        "2007-02": {
            "month": "2007-02",
            "price": "12.72",
            "revenue": 62794
        },
        "2007-03": {
            "month": "2007-03",
            "price": "12.08",
            "revenue": 66443
        },
        "2007-04": {
            "month": "2007-04",
            "price": "12.93",
            "revenue": 61853
        },
        "2007-05": {
            "month": "2007-05",
            "price": "13.46",
            "revenue": 63135
        },
        "2007-06": {
            "month": "2007-06",
            "price": "13.77",
            "revenue": 48574
        },
        "2007-07": {
            "month": "2007-07",
            "price": "16.99",
            "revenue": 65125
        },
        "2007-08": {
            "month": "2007-08",
            "price": "15.83",
            "revenue": 63433
        },
        "2007-09": {
            "month": "2007-09",
            "price": "14.64",
            "revenue": 72932
        },
        "2007-10": {
            "month": "2007-10",
            "price": "14.24",
            "revenue": 70386
        },
        "2007-11": {
            "month": "2007-11",
            "price": "12.08",
            "revenue": 68488
        },
        "2007-12": {
            "month": "2007-12",
            "price": "11.57",
            "revenue": 72214
        },
        "2008-01": {
            "month": "2008-01",
            "price": "11.20",
            "revenue": 94366
        },
        "2008-02": {
            "month": "2008-02",
            "price": "11.89",
            "revenue": 50446
        },
        "2008-03": {
            "month": "2008-03",
            "price": "13.06",
            "revenue": 57042
        },
        "2008-04": {
            "month": "2008-04",
            "price": "13.46",
            "revenue": 60282
        },
        "2008-05": {
            "month": "2008-05",
            "price": "15.02",
            "revenue": 60951
        },
        "2008-06": {
            "month": "2008-06",
            "price": "13.62",
            "revenue": 67306
        },
        "2008-07": {
            "month": "2008-07",
            "price": "11.47",
            "revenue": 66076
        },
        "2008-08": {
            "month": "2008-08",
            "price": "11.46",
            "revenue": 62171
        },
        "2008-09": {
            "month": "2008-09",
            "price": "9.26",
            "revenue": 65052
        },
        "2008-10": {
            "month": "2008-10",
            "price": "7.99",
            "revenue": 77916
        },
        "2008-11": {
            "month": "2008-11",
            "price": "7.86",
            "revenue": 72738
        },
        "2008-12": {
            "month": "2008-12",
            "price": "8.18",
            "revenue": 84340
        },
        "2009-01": {
            "month": "2009-01",
            "price": "8.30",
            "revenue": 82152
        },
        "2009-02": {
            "month": "2009-02",
            "price": "8.25",
            "revenue": 48718
        },
        "2009-03": {
            "month": "2009-03",
            "price": "8.50",
            "revenue": 58958
        },
        "2009-04": {
            "month": "2009-04",
            "price": "10.30",
            "revenue": 60738
        },
        "2009-05": {
            "month": "2009-05",
            "price": "14.01",
            "revenue": 62530
        },
        "2009-06": {
            "month": "2009-06",
            "price": "13.21",
            "revenue": 62752
        },
        "2009-07": {
            "month": "2009-07",
            "price": "13.65",
            "revenue": 68934
        },
        "2009-08": {
            "month": "2009-08",
            "price": "17.18",
            "revenue": 68589
        },
        "2009-09": {
            "month": "2009-09",
            "price": "18.58",
            "revenue": 69535
        },
        "2009-10": {
            "month": "2009-10",
            "price": "18.20",
            "revenue": 79397
        },
        "2009-11": {
            "month": "2009-11",
            "price": "18.35",
            "revenue": 76209
        },
        "2009-12": {
            "month": "2009-12",
            "price": "17.27",
            "revenue": 79155
        },
        "2010-01": {
            "month": "2010-01",
            "price": "16.54",
            "revenue": 97353
        },
        "2010-02": {
            "month": "2010-02",
            "price": "13.80",
            "revenue": 71294
        },
        "2010-03": {
            "month": "2010-03",
            "price": "15.10",
            "revenue": 64798
        },
        "2010-04": {
            "month": "2010-04",
            "price": "16.75",
            "revenue": 68245
        },
        "2010-05": {
            "month": "2010-05",
            "price": "16.39",
            "revenue": 68247
        },
        "2010-06": {
            "month": "2010-06",
            "price": "16.37",
            "revenue": 87491
        },
        "2010-07": {
            "month": "2010-07",
            "price": "17.53",
            "revenue": 78157
        },
        "2010-08": {
            "month": "2010-08",
            "price": "19.92",
            "revenue": 87408
        },
        "2010-09": {
            "month": "2010-09",
            "price": "19.78",
            "revenue": 89230
        },
        "2010-10": {
            "month": "2010-10",
            "price": "19.20",
            "revenue": 96236
        },
        "2010-11": {
            "month": "2010-11",
            "price": "18.49",
            "revenue": 92156
        },
        "2010-12": {
            "month": "2010-12",
            "price": "19.18",
            "revenue": 102865
        },
        "2011-01": {
            "month": "2011-01",
            "price": "19.76",
            "revenue": 117884
        },
        "2011-02": {
            "month": "2011-02",
            "price": "20.76",
            "revenue": 59563
        },
        "2011-03": {
            "month": "2011-03",
            "price": "19.06",
            "revenue": 79370
        },
        "2011-04": {
            "month": "2011-04",
            "price": "20.05",
            "revenue": 67349
        },
        "2011-05": {
            "month": "2011-05",
            "price": "19.86",
            "revenue": 78502
        },
        "2011-06": {
            "month": "2011-06",
            "price": "19.18",
            "revenue": 84527
        },
        "2011-07": {
            "month": "2011-07",
            "price": "19.06",
            "revenue": 80579
        },
        "2011-08": {
            "month": "2011-08",
            "price": "18.49",
            "revenue": 94468
        },
        "2011-09": {
            "month": "2011-09",
            "price": "17.38",
            "revenue": 102336
        },
        "2011-10": {
            "month": "2011-10",
            "price": "17.37",
            "revenue": 103360
        },
        "2011-11": {
            "month": "2011-11",
            "price": "17.02",
            "revenue": 95296
        },
        "2011-12": {
            "month": "2011-12",
            "price": "15.68",
            "revenue": 120211
        },
        "2012-01": {
            "month": "2012-01",
            "price": "16.37",
            "revenue": 117765
        },
        "2012-02": {
            "month": "2012-02",
            "price": "17.07",
            "revenue": 79386
        },
        "2012-03": {
            "month": "2012-03",
            "price": "17.30",
            "revenue": 89098
        },
        "2012-04": {
            "month": "2012-04",
            "price": "17.42",
            "revenue": 85585
        },
        "2012-05": {
            "month": "2012-05",
            "price": "17.68",
            "revenue": 87384
        },
        "2012-06": {
            "month": "2012-06",
            "price": "17.76",
            "revenue": 89603
        },
        "2012-07": {
            "month": "2012-07",
            "price": "18.03",
            "revenue": 93486
        },
        "2012-08": {
            "month": "2012-08",
            "price": "19.00",
            "revenue": 92068
        },
        "2012-09": {
            "month": "2012-09",
            "price": "18.20",
            "revenue": 97703
        },
        "2012-10": {
            "month": "2012-10",
            "price": "17.74",
            "revenue": 99558
        },
        "2012-11": {
            "month": "2012-11",
            "price": "17.24",
            "revenue": 99588
        },
        "2012-12": {
            "month": "2012-12",
            "price": "17.60",
            "revenue": 118763
        },
        "2013-01": {
            "month": "2013-01",
            "price": "17.94",
            "revenue": 154978
        },
        "2013-02": {
            "month": "2013-02",
            "price": "18.15",
            "revenue": 90634
        },
        "2013-03": {
            "month": "2013-03",
            "price": "18.40",
            "revenue": 110957
        },
        "2013-04": {
            "month": "2013-04",
            "price": "19.31",
            "revenue": 123066
        },
        "2013-05": {
            "month": "2013-05",
            "price": "18.92",
            "revenue": 124058
        },
        "2013-06": {
            "month": "2013-06",
            "price": "18.94",
            "revenue": 116114
        },
        "2013-07": {
            "month": "2013-07",
            "price": "19.98",
            "revenue": 121457
        },
        "2013-08": {
            "month": "2013-08",
            "price": "20.77",
            "revenue": 116100
        },
        "2013-09": {
            "month": "2013-09",
            "price": "20.03",
            "revenue": 135558
        },
        "2013-10": {
            "month": "2013-10",
            "price": "23.22",
            "revenue": 136621
        },
        "2013-11": {
            "month": "2013-11",
            "price": "24.95",
            "revenue": 136734
        },
        "2013-12": {
            "month": "2013-12",
            "price": "26.79",
            "revenue": 154727
        },
        "2014-01": {
            "month": "2014-01",
            "price": "26.97",
            "revenue": 150263
        },
        "2014-02": {
            "month": "2014-02",
            "price": "26.35",
            "revenue": 85899
        },
        "2014-03": {
            "month": "2014-03",
            "price": "26.77",
            "revenue": 113915
        },
        "2014-04": {
            "month": "2014-04",
            "price": "28.70",
            "revenue": 115292
        },
        "2014-05": {
            "month": "2014-05",
            "price": "28.24",
            "revenue": 124443
        },
        "2014-06": {
            "month": "2014-06",
            "price": "28.35",
            "revenue": 130285
        },
        "2014-07": {
            "month": "2014-07",
            "price": "29.00",
            "revenue": 115466
        },
        "2014-08": {
            "month": "2014-08",
            "price": "25.44",
            "revenue": 128463
        },
        "2014-09": {
            "month": "2014-09",
            "price": "26.33",
            "revenue": 141346
        },
        "2014-10": {
            "month": "2014-10",
            "price": "27.91",
            "revenue": 148996
        },
        "2014-11": {
            "month": "2014-11",
            "price": "28.52",
            "revenue": 153885
        },
        "2014-12": {
            "month": "2014-12",
            "price": "28.40",
            "revenue": 187603
        },
        "2015-01": {
            "month": "2015-01",
            "price": "29.01",
            "revenue": 199677
        },
        "2015-02": {
            "month": "2015-02",
            "price": "28.89",
            "revenue": 117268
        },
        "2015-03": {
            "month": "2015-03",
            "price": "30.30",
            "revenue": 148677
        },
        "2015-04": {
            "month": "2015-04",
            "price": "34.33",
            "revenue": 138177
        },
        "2015-05": {
            "month": "2015-05",
            "price": "32.26",
            "revenue": 149609
        },
        "2015-06": {
            "month": "2015-06",
            "price": "32.96",
            "revenue": 167051
        },
        "2015-07": {
            "month": "2015-07",
            "price": "30.13",
            "revenue": 160666
        },
        "2015-08": {
            "month": "2015-08",
            "price": "28.62",
            "revenue": 163952
        },
        "2015-09": {
            "month": "2015-09",
            "price": "29.61",
            "revenue": 177080
        },
        "2015-10": {
            "month": "2015-10",
            "price": "31.63",
            "revenue": 185276
        },
        "2015-11": {
            "month": "2015-11",
            "price": "34.85",
            "revenue": 183720
        },
        "2015-12": {
            "month": "2015-12",
            "price": "36.31",
            "revenue": 194611
        },
        "2016-01": {
            "month": "2016-01",
            "price": "34.47",
            "revenue": 233173
        },
        "2016-02": {
            "month": "2016-02",
            "price": "36.12",
            "revenue": 130216
        },
        "2016-03": {
            "month": "2016-03",
            "price": "36.88",
            "revenue": 169693
        },
        "2016-04": {
            "month": "2016-04",
            "price": "37.47",
            "revenue": 159098
        },
        "2016-05": {
            "month": "2016-05",
            "price": "37.23",
            "revenue": 160526
        },
        "2016-06": {
            "month": "2016-06",
            "price": "36.88",
            "revenue": 168705
        },
        "2016-07": {
            "month": "2016-07",
            "price": "37.20",
            "revenue": 161402
        },
        "2016-08": {
            "month": "2016-08",
            "price": "37.27",
            "revenue": 162454
        },
        "2016-09": {
            "month": "2016-09",
            "price": "36.74",
            "revenue": 175473
        },
        "2016-10": {
            "month": "2016-10",
            "price": "36.28",
            "revenue": 181440
        },
        "2016-11": {
            "month": "2016-11",
            "price": "36.74",
            "revenue": 185211
        },
        "2016-12": {
            "month": "2016-12",
            "price": "38.15",
            "revenue": 181724
        },
        "2017-01": {
            "month": "2017-01",
            "price": "38.11",
            "revenue": 223310
        },
        "2017-02": {
            "month": "2017-02",
            "price": "38.78",
            "revenue": 114391
        },
        "2017-03": {
            "month": "2017-03",
            "price": "40.10",
            "revenue": 161964
        },
        "2017-04": {
            "month": "2017-04",
            "price": "38.91",
            "revenue": 138483
        },
        "2017-05": {
            "month": "2017-05",
            "price": "39.25",
            "revenue": 152713
        },
        "2017-06": {
            "month": "2017-06",
            "price": "41.10",
            "revenue": 170094
        },
        "2017-07": {
            "month": "2017-07",
            "price": "41.15",
            "revenue": 155853
        },
        "2017-08": {
            "month": "2017-08",
            "price": "40.57",
            "revenue": 159099
        },
        "2017-09": {
            "month": "2017-09",
            "price": "41.09",
            "revenue": 169763
        },
        "2017-10": {
            "month": "2017-10",
            "price": "41.19",
            "revenue": 184684
        },
        "2017-11": {
            "month": "2017-11",
            "price": "41.35",
            "revenue": 197925
        },
        "2017-12": {
            "month": "2017-12",
            "price": "40.71",
            "revenue": 195287
        },
        "2018-01": {
            "month": "2018-01",
            "price": "40.91",
            "revenue": 251904
        },
        "2018-02": {
            "month": "2018-02",
            "price": "41.77",
            "revenue": 131741
        },
        "2018-03": {
            "month": "2018-03",
            "price": "44.70",
            "revenue": 164669
        },
        "2018-04": {
            "month": "2018-04",
            "price": "47.48",
            "revenue": 151392
        },
        "2018-05": {
            "month": "2018-05",
            "price": "47.96",
            "revenue": 156322
        },
        "2018-06": {
            "month": "2018-06",
            "price": "48.56",
            "revenue": 268612
        },
        "2018-07": {
            "month": "2018-07",
            "price": "53.76",
            "revenue": 195148
        },
        "2018-08": {
            "month": "2018-08",
            "price": "52.16",
            "revenue": 274211
        },
        "2018-09": {
            "month": "2018-09",
            "price": "50.69",
            "revenue": 345000
        },
        "2018-10": {
            "month": "2018-10",
            "price": "49.77",
            "revenue": 339241
        },
        "2018-11": {
            "month": "2018-11",
            "price": "51.98",
            "revenue": 367126
        },
        "2018-12": {
            "month": "2018-12",
            "price": "62.88",
            "revenue": 339543
        },
        "2019-01": {
            "month": "2019-01",
            "price": "64.98",
            "revenue": 432620
        },
        "2019-02": {
            "month": "2019-02",
            "price": "68.69",
            "revenue": 283550
        },
        "2019-03": {
            "month": "2019-03",
            "price": "70.58",
            "revenue": 287600
        },
        "2019-04": {
            "month": "2019-04",
            "price": "69.86",
            "revenue": 318467
        },
        "2019-05": {
            "month": "2019-05",
            "price": "81.39",
            "revenue": 341447
        },
        "2019-06": {
            "month": "2019-06",
            "price": "89.90",
            "revenue": 311729
        },
        "2019-07": {
            "month": "2019-07",
            "price": "89.14",
            "revenue": 274250
        },
        "2019-08": {
            "month": "2019-08",
            "price": "81.82",
            "revenue": 234341
        },
        "2019-09": {
            "month": "2019-09",
            "price": "77.26",
            "revenue": 239621
        },
        "2019-10": {
            "month": "2019-10",
            "price": "72.99",
            "revenue": 241197
        },
        "2019-11": {
            "month": "2019-11",
            "price": "72.08",
            "revenue": 223159
        },
        "2019-12": {
            "month": "2019-12",
            "price": "71.00",
            "revenue": 203619
        },
        "2020-01": {
            "month": "2020-01",
            "price": "74.53",
            "revenue": 314995
        },
        "2020-02": {
            "month": "2020-02",
            "price": "76.86",
            "revenue": 157441
        },
        "2020-03": {
            "month": "2020-03",
            "price": "60.95",
            "revenue": 196485
        },
        "2020-04": {
            "month": "2020-04",
            "price": "62.88",
            "revenue": 248280
        },
        "2020-05": {
            "month": "2020-05",
            "price": "70.52",
            "revenue": 234770
        },
        "2020-06": {
            "month": "2020-06",
            "price": "76.38",
            "revenue": 271707
        },
        "2020-07": {
            "month": "2020-07",
            "price": "74.77",
            "revenue": 245741
        },
        "2020-08": {
            "month": "2020-08",
            "price": "73.22",
            "revenue": 244761
        },
        "2020-09": {
            "month": "2020-09",
            "price": "70.95",
            "revenue": 324815
        },
        "2020-10": {
            "month": "2020-10",
            "price": "72.14",
            "revenue": 244458
        },
        "2020-11": {
            "month": "2020-11",
            "price": "72.23",
            "revenue": 341302
        },
        "2020-12": {
            "month": "2020-12",
            "price": "71.42",
            "revenue": 234003
        },
        "2021-01": {
            "month": "2021-01",
            "price": "70.40",
            "revenue": 469327
        },
        "2021-02": {
            "month": "2021-02",
            "price": "69.86",
            "revenue": 222258
        },
        "2021-03": {
            "month": "2021-03",
            "price": "71.24",
            "revenue": 210838
        },
        "2021-04": {
            "month": "2021-04",
            "price": "71.57",
            "revenue": 185384
        },
        "2021-05": {
            "month": "2021-05",
            "price": "70.59",
            "revenue": 190970
        },
        "2021-06": {
            "month": "2021-06",
            "price": "68.70",
            "revenue": 201851
        },
        "2021-07": {
            "month": "2021-07",
            "price": "68.59",
            "revenue": 208792
        },
        "2021-08": {
            "month": "2021-08",
            "price": "65.45",
            "revenue": 241463
        },
        "2021-09": {
            "month": "2021-09",
            "price": "64.74",
            "revenue": 327257
        },
        "2021-10": {
            "month": "2021-10",
            "price": "63.31",
            "revenue": 302489
        },
        "2021-11": {
            "month": "2021-11",
            "price": "63.76",
            "revenue": 306444
        },
        "2021-12": {
            "month": "2021-12",
            "price": "63.36",
            "revenue": 271717
        },
        "2022-01": {
            "month": "2022-01",
            "price": "63.88",
            "revenue": 446559
        },
        "2022-02": {
            "month": "2022-02",
            "price": "63.44",
            "revenue": 161381
        },
        "2022-03": {
            "month": "2022-03",
            "price": "62.13",
            "revenue": 187037
        },
        "2022-04": {
            "month": "2022-04",
            "price": "61.19",
            "revenue": 174124
        },
        "2022-05": {
            "month": "2022-05",
            "price": "59.28",
            "revenue": 213814
        },
        "2022-06": {
            "month": "2022-06",
            "price": "59.54",
            "revenue": 227339
        },
        "2022-07": {
            "month": "2022-07",
            "price": "58.26",
            "revenue": 204056
        },
        "2022-08": {
            "month": "2022-08",
            "price": "57.38",
            "revenue": 266545
        },
        "2022-09": {
            "month": "2022-09",
            "price": "56.85",
            "revenue": 240248
        },
        "2022-10": {
            "month": "2022-10",
            "price": "53.77",
            "revenue": 231622
        },
        "2022-11": {
            "month": "2022-11",
            "price": "54.39",
            "revenue": 222261
        },
        "2022-12": {
            "month": "2022-12",
            "price": "55.50",
            "revenue": 209628
        },
        "2023-01": {
            "month": "2023-01",
            "price": "55.04",
            "revenue": 307061
        },
        "2023-02": {
            "month": "2023-02",
            "price": "55.65",
            "revenue": 183946
        },
        "2023-03": {
            "month": "2023-03",
            "price": "56.30",
            "revenue": 208074
        },
        "2023-04": {
            "month": "2023-04",
            "price": "57.25",
            "revenue": 194415
        },
        "2023-05": {
            "month": "2023-05",
            "price": "59.09",
            "revenue": 206746
        },
        "2023-06": {
            "month": "2023-06",
            "price": "59.72",
            "revenue": 222266
        },
        "2023-07": {
            "month": "2023-07",
            "price": "59.73",
            "revenue": 209982
        },
        "2023-08": {
            "month": "2023-08",
            "price": "58.37",
            "revenue": 207472
        },
        "2023-09": {
            "month": "2023-09",
            "price": "57.78",
            "revenue": 218065
        },
        "2023-10": {
            "month": "2023-10",
            "price": "56.62",
            "revenue": 237155
        },
        "2023-11": {
            "month": "2023-11",
            "price": "56.64",
            "revenue": 207868
        },
        "2023-12": {
            "month": "2023-12",
            "price": "57.50",
            "revenue": 213198
        }
    }
}
