{
    "summary": {
        "stock_name": "美吾華",
        "stock_id": "1731",
        "category": "生技醫療",
        "main_business": "醫藥用品銷售<br>美髮、護髮與肌膚清潔用品銷售",
        "website_url": "http://www.maywufa.com.tw",
        "ceo": "賴育儒",
        "pe_ratio": 20,
        "report_year_from": 2001,
        "report_year_to": 2023,
        "age": 22,
        "eps_negative_percentage": 0,
        "eps_growth_avg": {
            "last_all": 7.38,
            "last_2y": 21.98,
            "last_4y": 17.04,
            "last_8y": 13.29,
            "last_12y": 9.43,
            "last_16y": 12.06,
            "last_20y": 7.38,
            "at_2006_last_3y": -23.38,
            "at_2007_last_3y": 0.31,
            "at_2008_last_3y": 13.16,
            "at_2009_last_3y": 20.6,
            "at_2010_last_3y": 13.02,
            "at_2011_last_3y": -11.45,
            "at_2012_last_3y": -7.76,
            "at_2013_last_3y": 0.76,
            "at_2014_last_3y": 11.78,
            "at_2015_last_3y": 18.18,
            "at_2016_last_3y": 11.36,
            "at_2017_last_3y": 8.59,
            "at_2018_last_3y": -1.26,
            "at_2019_last_3y": 7.05,
            "at_2020_last_3y": 21.38,
            "at_2021_last_3y": 21.7,
            "at_2022_last_3y": 24.38,
            "at_2023_last_3y": 24.38,
            "at_2006_last_all": -7.31,
            "at_2007_last_all": 5.67,
            "at_2008_last_all": 8.55,
            "at_2009_last_all": 4.06,
            "at_2010_last_all": 1.72,
            "at_2011_last_all": -1.18,
            "at_2012_last_all": 2.62,
            "at_2013_last_all": 2.96,
            "at_2014_last_all": 4.82,
            "at_2015_last_all": 4.35,
            "at_2016_last_all": 4.95,
            "at_2017_last_all": 4.37,
            "at_2018_last_all": 3.39,
            "at_2019_last_all": 4.95,
            "at_2020_last_all": 8.41,
            "at_2021_last_all": 7.83,
            "at_2022_last_all": 7.38,
            "at_2023_last_all": 7.38
        },
        "latest_eps": 1.24,
        "latest_price": 24.35,
        "latest_roe": 8.03,
        "latest_gross_margin": 65.6,
        "latest_equity": 2055517,
        "latest_revenue": 344974,
        "latest_gross_profit": 226310,
        "latest_net_income": 52673,
        "latest_debt_ratio": 23.17,
        "latest_current_ratio": 304.4,
        "latest_account_receivable_turnover_ratio": 1.33,
        "latest_inventory_turnover_ratio": 0.52,
        "latest_reinvestment_rate": 56.93,
        "latest_research_to_sale_ratio": null
    },
    "eps_dividends": {
        "1995": {
            "cash": 0,
            "stock": 1.2,
            "eps": 0
        },
        "1997": {
            "cash": 0,
            "stock": 1.2,
            "eps": 0
        },
        "1998": {
            "cash": 0,
            "stock": 2,
            "eps": 0
        },
        "1999": {
            "cash": 0,
            "stock": 1.2,
            "eps": 0
        },
        "2000": {
            "cash": 0,
            "stock": 1.2,
            "eps": 0
        },
        "2001": {
            "cash": 0,
            "stock": 0.8,
            "eps": 0.79
        },
        "2002": {
            "cash": 0.6,
            "stock": 0,
            "eps": 1.24
        },
        "2003": {
            "cash": 1,
            "stock": 0,
            "eps": 0.94
        },
        "2004": {
            "cash": 1,
            "stock": 0,
            "eps": 0.7
        },
        "2005": {
            "cash": 0.4,
            "stock": 0.4,
            "eps": 0.3
        },
        "2006": {
            "cash": 0.2,
            "stock": 0.25,
            "eps": 0.34
        },
        "2007": {
            "cash": 0.25,
            "stock": 0.25,
            "eps": 0.58
        },
        "2008": {
            "cash": 0.25,
            "stock": 0,
            "eps": 0.73
        },
        "2009": {
            "cash": 0.3,
            "stock": 0,
            "eps": 0.53
        },
        "2010": {
            "cash": 0.25,
            "stock": 0.25,
            "eps": 0.44
        },
        "2011": {
            "cash": 0.8,
            "stock": 0,
            "eps": 0.32
        },
        "2012": {
            "cash": 0,
            "stock": 0,
            "eps": 0.45
        },
        "2013": {
            "cash": 0.35,
            "stock": 0,
            "eps": 0.48
        },
        "2014": {
            "cash": 0.4,
            "stock": 0,
            "eps": 0.61
        },
        "2015": {
            "cash": 0.6,
            "stock": 0,
            "eps": 0.6
        },
        "2016": {
            "cash": 0.5,
            "stock": 0,
            "eps": 0.68
        },
        "2017": {
            "cash": 0.55,
            "stock": 0,
            "eps": 0.65
        },
        "2018": {
            "cash": 0.6,
            "stock": 0,
            "eps": 0.57
        },
        "2019": {
            "cash": 0.5,
            "stock": 0,
            "eps": 0.75
        },
        "2020": {
            "cash": 0.6,
            "stock": 0,
            "eps": 1.28
        },
        "2021": {
            "cash": 1,
            "stock": 0,
            "eps": 1.24
        },
        "2022": {
            "cash": 1.17,
            "stock": 0,
            "eps": 1.22
        },
        "2023": {
            "cash": 1.1,
            "stock": 0,
            "eps": 0.4
        }
    },
    "dividends": {
        "1995-06-17": {
            "cash": 0,
            "stock": 1.2
        },
        "1997-04-30": {
            "cash": 0,
            "stock": 1.2
        },
        "1998-04-30": {
            "cash": 0,
            "stock": 2
        },
        "1999-04-30": {
            "cash": 0,
            "stock": 1.2
        },
        "2000-05-19": {
            "cash": 0,
            "stock": 1.2
        },
        "2001-05-18": {
            "cash": 0,
            "stock": 0.8
        },
        "2002-06-28": {
            "cash": 0.6,
            "stock": 0
        },
        "2003-03-05": {
            "cash": 1,
            "stock": 0
        },
        "2004-04-07": {
            "cash": 1,
            "stock": 0
        },
        "2005-03-16": {
            "cash": 0.4,
            "stock": 0.4
        },
        "2006-03-24": {
            "cash": 0.2,
            "stock": 0.25
        },
        "2007-03-21": {
            "cash": 0.25,
            "stock": 0.25
        },
        "2008-06-05": {
            "cash": 0.25,
            "stock": 0
        },
        "2009-03-25": {
            "cash": 0.3,
            "stock": 0
        },
        "2010-03-31": {
            "cash": 0.25,
            "stock": 0.25
        },
        "2011-01-01": {
            "cash": 0.35,
            "stock": 0
        },
        "2011-03-25": {
            "cash": 0.45,
            "stock": 0
        },
        "2013-02-27": {
            "cash": 0.35,
            "stock": 0
        },
        "2014-06-18": {
            "cash": 0.4,
            "stock": 0
        },
        "2015-08-12": {
            "cash": 0.6,
            "stock": 0
        },
        "2016-07-29": {
            "cash": 0.5,
            "stock": 0
        },
        "2017-08-08": {
            "cash": 0.55,
            "stock": 0
        },
        "2018-07-27": {
            "cash": 0.6,
            "stock": 0
        },
        "2019-07-26": {
            "cash": 0.5,
            "stock": 0
        },
        "2020-07-27": {
            "cash": 0.6,
            "stock": 0
        },
        "2021-08-27": {
            "cash": 1,
            "stock": 0
        },
        "2022-07-25": {
            "cash": 1.17,
            "stock": 0
        },
        "2023-07-24": {
            "cash": 1.1,
            "stock": 0
        }
    },
    "prices": {
        "200101": "無",
        "200102": "無",
        "200103": "無",
        "200104": "無",
        "200105": "無",
        "200106": "無",
        "200107": "無",
        "200108": "無",
        "200109": "11.79",
        "200110": "12.22",
        "200111": "12.12",
        "200112": "12.65",
        "200201": "12.79",
        "200202": "13.01",
        "200203": "14.54",
        "200204": "16.75",
        "200205": "16.98",
        "200206": "16.30",
        "200207": "16.85",
        "200208": "17.22",
        "200209": "16.08",
        "200210": "15.00",
        "200211": "15.83",
        "200212": "15.95",
        "200301": "16.67",
        "200302": "16.40",
        "200303": "15.62",
        "200304": "15.23",
        "200305": "15.40",
        "200306": "14.73",
        "200307": "14.20",
        "200308": "13.75",
        "200309": "13.40",
        "200310": "13.81",
        "200311": "14.32",
        "200312": "14.42",
        "200401": "14.39",
        "200402": "15.28",
        "200403": "15.19",
        "200404": "15.56",
        "200405": "13.50",
        "200406": "12.52",
        "200407": "11.42",
        "200408": "10.88",
        "200409": "11.41",
        "200410": "10.88",
        "200411": "9.99",
        "200412": "10.11",
        "200501": "11.02",
        "200502": "13.02",
        "200503": "13.27",
        "200504": "12.85",
        "200505": "12.34",
        "200506": "12.22",
        "200507": "11.99",
        "200508": "11.31",
        "200509": "10.99",
        "200510": "11.36",
        "200511": "11.35",
        "200512": "10.87",
        "200601": "10.46",
        "200602": "10.35",
        "200603": "9.94",
        "200604": "9.95",
        "200605": "10.34",
        "200606": "9.77",
        "200607": "9.68",
        "200608": "9.18",
        "200609": "8.85",
        "200610": "9.21",
        "200611": "9.32",
        "200612": "10.47",
        "200701": "10.45",
        "200702": "10.16",
        "200703": "9.93",
        "200704": "11.84",
        "200705": "15.84",
        "200706": "17.14",
        "200707": "23.88",
        "200708": "22.66",
        "200709": "22.04",
        "200710": "21.74",
        "200711": "18.95",
        "200712": "16.69",
        "200801": "14.71",
        "200802": "14.94",
        "200803": "15.98",
        "200804": "17.81",
        "200805": "19.24",
        "200806": "15.40",
        "200807": "12.88",
        "200808": "13.03",
        "200809": "10.33",
        "200810": "11.53",
        "200811": "11.56",
        "200812": "12.39",
        "200901": "13.29",
        "200902": "12.81",
        "200903": "13.99",
        "200904": "17.71",
        "200905": "17.63",
        "200906": "15.84",
        "200907": "19.44",
        "200908": "20.34",
        "200909": "20.10",
        "200910": "19.53",
        "200911": "17.33",
        "200912": "17.43",
        "201001": "16.91",
        "201002": "14.08",
        "201003": "15.55",
        "201004": "19.03",
        "201005": "16.00",
        "201006": "15.78",
        "201007": "16.82",
        "201008": "17.56",
        "201009": "17.55",
        "201010": "17.80",
        "201011": "16.73",
        "201012": "16.91",
        "201101": "16.69",
        "201102": "15.96",
        "201103": "16.12",
        "201104": "16.53",
        "201105": "16.84",
        "201106": "16.34",
        "201107": "15.95",
        "201108": "14.01",
        "201109": "13.50",
        "201110": "13.00",
        "201111": "12.29",
        "201112": "10.88",
        "201201": "11.30",
        "201202": "13.28",
        "201203": "13.32",
        "201204": "12.16",
        "201205": "12.77",
        "201206": "12.63",
        "201207": "12.95",
        "201208": "13.18",
        "201209": "13.93",
        "201210": "15.24",
        "201211": "15.23",
        "201212": "15.93",
        "201301": "15.65",
        "201302": "15.64",
        "201303": "15.68",
        "201304": "15.68",
        "201305": "15.66",
        "201306": "16.35",
        "201307": "15.72",
        "201308": "15.25",
        "201309": "14.88",
        "201310": "15.90",
        "201311": "15.47",
        "201312": "15.04",
        "201401": "15.06",
        "201402": "15.46",
        "201403": "15.08",
        "201404": "15.24",
        "201405": "15.34",
        "201406": "15.53",
        "201407": "15.41",
        "201408": "14.83",
        "201409": "14.57",
        "201410": "13.88",
        "201411": "13.97",
        "201412": "14.65",
        "201501": "14.80",
        "201502": "14.72",
        "201503": "15.25",
        "201504": "15.17",
        "201505": "14.75",
        "201506": "14.16",
        "201507": "13.97",
        "201508": "12.20",
        "201509": "13.38",
        "201510": "13.88",
        "201511": "14.17",
        "201512": "13.79",
        "201601": "13.31",
        "201602": "13.63",
        "201603": "14.88",
        "201604": "14.31",
        "201605": "13.66",
        "201606": "13.52",
        "201607": "13.36",
        "201608": "13.08",
        "201609": "13.11",
        "201610": "13.01",
        "201611": "13.14",
        "201612": "13.60",
        "201701": "13.88",
        "201702": "14.22",
        "201703": "14.05",
        "201704": "13.96",
        "201705": "13.97",
        "201706": "14.09",
        "201707": "13.74",
        "201708": "13.49",
        "201709": "13.62",
        "201710": "13.59",
        "201711": "13.71",
        "201712": "13.80",
        "201801": "14.03",
        "201802": "13.72",
        "201803": "13.96",
        "201804": "14.43",
        "201805": "14.22",
        "201806": "14.14",
        "201807": "13.67",
        "201808": "13.68",
        "201809": "13.52",
        "201810": "12.84",
        "201811": "12.34",
        "201812": "12.61",
        "201901": "12.56",
        "201902": "13.19",
        "201903": "13.21",
        "201904": "13.14",
        "201905": "13.23",
        "201906": "13.37",
        "201907": "13.17",
        "201908": "12.95",
        "201909": "13.19",
        "201910": "13.26",
        "201911": "13.28",
        "201912": "13.21",
        "202001": "13.45",
        "202002": "14.29",
        "202003": "12.90",
        "202004": "12.54",
        "202005": "13.97",
        "202006": "14.38",
        "202007": "17.06",
        "202008": "17.04",
        "202009": "16.90",
        "202010": "16.67",
        "202011": "17.44",
        "202012": "17.01",
        "202101": "16.97",
        "202102": "17.48",
        "202103": "18.74",
        "202104": "19.64",
        "202105": "20.63",
        "202106": "20.50",
        "202107": "19.78",
        "202108": "18.35",
        "202109": "18.66",
        "202110": "18.94",
        "202111": "19.32",
        "202112": "19.34",
        "202201": "19.35",
        "202202": "19.61",
        "202203": "19.87",
        "202204": "20.40",
        "202205": "19.49",
        "202206": "19.08",
        "202207": "17.30",
        "202208": "18.10",
        "202209": "18.41",
        "202210": "17.80",
        "202211": "18.06",
        "202212": "19.02",
        "202301": "19.57",
        "202302": "19.69",
        "202303": "19.71",
        "202304": "20.35",
        "202305": "22.95",
        "202306": "24.89"
    },
    "quarters": {
        "20011": {
            "year_quarter": 20011,
            "year": 2001,
            "quarter": 1,
            "eps": 0.58,
            "eps_growth_year": -31.76,
            "eps_4q": 0.27,
            "eps_4q_growth_year": -81.85,
            "roe": 3.64,
            "roe_4q": 3.64,
            "gross_profit": 80641,
            "gross_margin": 11.91,
            "gross_margin_4q_avg": 11.91,
            "net_income": 37997,
            "revenue": 676914,
            "common_shares": 653460,
            "book_valuer_per_share": 16.17,
            "book_valuer_per_share_4q_avg": 16.17,
            "equity": 1056879,
            "current_ratio": 103.98,
            "debt_ratio": 55.77,
            "inventory_turnover_ratio": 1.55,
            "account_receivable_turnover_ratio": null,
            "reinvestment_rate": null,
            "research_to_sale_ratio": null,
            "price_fair": 0,
            "eps_avg_yearly": 0,
            "eps_latest_yearly": 0,
            "eps_growth_yearly": 0
        },
        "20012": {
            "year_quarter": 20012,
            "year": 2001,
            "quarter": 2,
            "eps": 0.16,
            "eps_growth_year": 433.33,
            "eps_4q": 0.4,
            "eps_4q_growth_year": -68.37,
            "roe": 1,
            "roe_4q": 4.640000000000001,
            "gross_profit": 89900,
            "gross_margin": 12.18,
            "gross_margin_4q_avg": 12.05,
            "net_income": 10695,
            "revenue": 738336,
            "common_shares": 653460,
            "book_valuer_per_share": 16.69,
            "book_valuer_per_share_4q_avg": 16.43,
            "equity": 1090603,
            "current_ratio": 112.29,
            "debt_ratio": 54.37,
            "inventory_turnover_ratio": 1.76,
            "account_receivable_turnover_ratio": null,
            "reinvestment_rate": null,
            "research_to_sale_ratio": null,
            "price_fair": 0,
            "eps_avg_yearly": 0,
            "eps_latest_yearly": 0,
            "eps_growth_yearly": 0
        },
        "20013": {
            "year_quarter": 20013,
            "year": 2001,
            "quarter": 3,
            "eps": 0.14,
            "eps_growth_year": null,
            "eps_4q": 0.55,
            "eps_4q_growth_year": -40.02,
            "roe": 0.92,
            "roe_4q": 5.5600000000000005,
            "gross_profit": 77581,
            "gross_margin": 11.44,
            "gross_margin_4q_avg": 11.84,
            "net_income": 9936,
            "revenue": 678296,
            "common_shares": 705737,
            "book_valuer_per_share": 15.23,
            "book_valuer_per_share_4q_avg": 16.03,
            "equity": 1074582,
            "current_ratio": 108.36,
            "debt_ratio": 59.37,
            "inventory_turnover_ratio": 1.81,
            "account_receivable_turnover_ratio": null,
            "reinvestment_rate": null,
            "research_to_sale_ratio": null,
            "price_fair": 0,
            "eps_avg_yearly": 0,
            "eps_latest_yearly": 0,
            "eps_growth_yearly": 0
        },
        "20014": {
            "year_quarter": 20014,
            "year": 2001,
            "quarter": 4,
            "eps": -0.09,
            "eps_growth_year": null,
            "eps_4q": 0.74,
            "eps_4q_growth_year": 64.44,
            "roe": -0.58,
            "roe_4q": 4.98,
            "gross_profit": 64150,
            "gross_margin": 9.06,
            "gross_margin_4q_avg": 11.15,
            "net_income": -6216,
            "revenue": 708104,
            "common_shares": 705737,
            "book_valuer_per_share": 15.23,
            "book_valuer_per_share_4q_avg": 15.83,
            "equity": 1075059,
            "current_ratio": 107.71,
            "debt_ratio": 52.3,
            "inventory_turnover_ratio": 2.01,
            "account_receivable_turnover_ratio": null,
            "reinvestment_rate": null,
            "research_to_sale_ratio": null,
            "price_fair": 0,
            "eps_avg_yearly": 0,
            "eps_latest_yearly": 0,
            "eps_growth_yearly": 0
        },
        "20021": {
            "year_quarter": 20021,
            "year": 2002,
            "quarter": 1,
            "eps": 0.29,
            "eps_growth_year": -50,
            "eps_4q": 0.5,
            "eps_4q_growth_year": 85.48,
            "roe": 1.85,
            "roe_4q": 3.19,
            "gross_profit": 82873,
            "gross_margin": 11.19,
            "gross_margin_4q_avg": 10.97,
            "net_income": 20135,
            "revenue": 740293,
            "common_shares": 705737,
            "book_valuer_per_share": 15.56,
            "book_valuer_per_share_4q_avg": 15.68,
            "equity": 1098441,
            "current_ratio": 109.64,
            "debt_ratio": 51.94,
            "inventory_turnover_ratio": 2.1,
            "account_receivable_turnover_ratio": null,
            "reinvestment_rate": null,
            "research_to_sale_ratio": null,
            "price_fair": 0,
            "eps_avg_yearly": 0,
            "eps_latest_yearly": 0,
            "eps_growth_yearly": 0
        },
        "20022": {
            "year_quarter": 20022,
            "year": 2002,
            "quarter": 2,
            "eps": 0.82,
            "eps_growth_year": 412.5,
            "eps_4q": 1.16,
            "eps_4q_growth_year": 191.89,
            "roe": 5.14,
            "roe_4q": 7.33,
            "gross_profit": 84407,
            "gross_margin": 10.19,
            "gross_margin_4q_avg": 10.47,
            "net_income": 57558,
            "revenue": 828013,
            "common_shares": 705737,
            "book_valuer_per_share": 16.14,
            "book_valuer_per_share_4q_avg": 15.54,
            "equity": 1139266,
            "current_ratio": 108.54,
            "debt_ratio": 55.05,
            "inventory_turnover_ratio": 2.79,
            "account_receivable_turnover_ratio": null,
            "reinvestment_rate": null,
            "research_to_sale_ratio": null,
            "price_fair": 114.8,
            "eps_avg_yearly": 3.28,
            "eps_latest_yearly": 3.28,
            "eps_growth_yearly": 731.03
        },
        "20023": {
            "year_quarter": 20023,
            "year": 2002,
            "quarter": 3,
            "eps": 0.13,
            "eps_growth_year": -7.14,
            "eps_4q": 1.11,
            "eps_4q_growth_year": 101.18,
            "roe": 0.83,
            "roe_4q": 7.24,
            "gross_profit": 81290,
            "gross_margin": 10.19,
            "gross_margin_4q_avg": 10.16,
            "net_income": 9442,
            "revenue": 798056,
            "common_shares": 705737,
            "book_valuer_per_share": 16.28,
            "book_valuer_per_share_4q_avg": 15.8,
            "equity": 1148708,
            "current_ratio": 146.62,
            "debt_ratio": 51.7,
            "inventory_turnover_ratio": 3.16,
            "account_receivable_turnover_ratio": null,
            "reinvestment_rate": null,
            "research_to_sale_ratio": null,
            "price_fair": 66.5,
            "eps_avg_yearly": 1.9,
            "eps_latest_yearly": 0.52,
            "eps_growth_yearly": 197.22
        },
        "20024": {
            "year_quarter": 20024,
            "year": 2002,
            "quarter": 4,
            "eps": 0,
            "eps_growth_year": null,
            "eps_4q": 1.24,
            "eps_4q_growth_year": 67.57,
            "roe": 0.01,
            "roe_4q": 7.83,
            "gross_profit": 83177,
            "gross_margin": 10.14,
            "gross_margin_4q_avg": 10.43,
            "net_income": 68,
            "revenue": 820672,
            "common_shares": 705737,
            "book_valuer_per_share": 16.57,
            "book_valuer_per_share_4q_avg": 16.14,
            "equity": 1169278,
            "current_ratio": 144.53,
            "debt_ratio": 51.42,
            "inventory_turnover_ratio": 3.24,
            "account_receivable_turnover_ratio": null,
            "reinvestment_rate": -46.52,
            "research_to_sale_ratio": null,
            "price_fair": 66.5,
            "eps_avg_yearly": 1.9,
            "eps_latest_yearly": 0.52,
            "eps_growth_yearly": 197.22
        },
        "20031": {
            "year_quarter": 20031,
            "year": 2003,
            "quarter": 1,
            "eps": 0.42,
            "eps_growth_year": 44.83,
            "eps_4q": 1.37,
            "eps_4q_growth_year": 174.56,
            "roe": 2.51,
            "roe_4q": 8.489999999999998,
            "gross_profit": 87473,
            "gross_margin": 10.72,
            "gross_margin_4q_avg": 10.31,
            "net_income": 29769,
            "revenue": 816034,
            "common_shares": 705737,
            "book_valuer_per_share": 16.99,
            "book_valuer_per_share_4q_avg": 16.5,
            "equity": 1199046,
            "current_ratio": 147.8,
            "debt_ratio": 50.08,
            "inventory_turnover_ratio": 3.13,
            "account_receivable_turnover_ratio": null,
            "reinvestment_rate": -43.07,
            "research_to_sale_ratio": null,
            "price_fair": 66.5,
            "eps_avg_yearly": 1.9,
            "eps_latest_yearly": 0.52,
            "eps_growth_yearly": 197.22
        },
        "20032": {
            "year_quarter": 20032,
            "year": 2003,
            "quarter": 2,
            "eps": 0.24,
            "eps_growth_year": -70.73,
            "eps_4q": 0.8,
            "eps_4q_growth_year": -30.9,
            "roe": 1.44,
            "roe_4q": 4.789999999999999,
            "gross_profit": 78550,
            "gross_margin": 9.42,
            "gross_margin_4q_avg": 10.12,
            "net_income": 16789,
            "revenue": 834217,
            "common_shares": 705737,
            "book_valuer_per_share": 16.13,
            "book_valuer_per_share_4q_avg": 16.49,
            "equity": 1138519,
            "current_ratio": 141.77,
            "debt_ratio": 52.14,
            "inventory_turnover_ratio": 3.61,
            "account_receivable_turnover_ratio": null,
            "reinvestment_rate": -55.34,
            "research_to_sale_ratio": null,
            "price_fair": 55.53,
            "eps_avg_yearly": 1.59,
            "eps_latest_yearly": 0.96,
            "eps_growth_yearly": 74.34
        },
        "20033": {
            "year_quarter": 20033,
            "year": 2003,
            "quarter": 3,
            "eps": 0.27,
            "eps_growth_year": 107.69,
            "eps_4q": 0.94,
            "eps_4q_growth_year": -15.82,
            "roe": 1.64,
            "roe_4q": 5.6,
            "gross_profit": 78504,
            "gross_margin": 10.65,
            "gross_margin_4q_avg": 10.23,
            "net_income": 18849,
            "revenue": 737148,
            "common_shares": 705737,
            "book_valuer_per_share": 16.37,
            "book_valuer_per_share_4q_avg": 16.52,
            "equity": 1155103,
            "current_ratio": 147.1,
            "debt_ratio": 49.64,
            "inventory_turnover_ratio": 3.05,
            "account_receivable_turnover_ratio": null,
            "reinvestment_rate": -66.45,
            "research_to_sale_ratio": null,
            "price_fair": 51.1,
            "eps_avg_yearly": 1.46,
            "eps_latest_yearly": 1.08,
            "eps_growth_yearly": 68.26
        },
        "20034": {
            "year_quarter": 20034,
            "year": 2003,
            "quarter": 4,
            "eps": 0.01,
            "eps_growth_year": null,
            "eps_4q": 0.94,
            "eps_4q_growth_year": -24.19,
            "roe": 0.09,
            "roe_4q": 5.68,
            "gross_profit": 91661,
            "gross_margin": 9.75,
            "gross_margin_4q_avg": 10.14,
            "net_income": 986,
            "revenue": 939981,
            "common_shares": 705737,
            "book_valuer_per_share": 16.36,
            "book_valuer_per_share_4q_avg": 16.46,
            "equity": 1154910,
            "current_ratio": 145.21,
            "debt_ratio": 52.78,
            "inventory_turnover_ratio": 3.54,
            "account_receivable_turnover_ratio": null,
            "reinvestment_rate": -67.01,
            "research_to_sale_ratio": null,
            "price_fair": 3.53,
            "eps_avg_yearly": 1.18,
            "eps_latest_yearly": 0.04,
            "eps_growth_yearly": -22.43
        },
        "20041": {
            "year_quarter": 20041,
            "year": 2004,
            "quarter": 1,
            "eps": 0.18,
            "eps_growth_year": -57.14,
            "eps_4q": 0.69,
            "eps_4q_growth_year": -49.4,
            "roe": 1.11,
            "roe_4q": 4.279999999999999,
            "gross_profit": 85544,
            "gross_margin": 9.59,
            "gross_margin_4q_avg": 9.85,
            "net_income": 12894,
            "revenue": 892394,
            "common_shares": 705737,
            "book_valuer_per_share": 16.54,
            "book_valuer_per_share_4q_avg": 16.35,
            "equity": 1167436,
            "current_ratio": 152.64,
            "debt_ratio": 50.96,
            "inventory_turnover_ratio": 3.7,
            "account_receivable_turnover_ratio": null,
            "reinvestment_rate": -79.31,
            "research_to_sale_ratio": null,
            "price_fair": 38.5,
            "eps_avg_yearly": 1.1,
            "eps_latest_yearly": 0.72,
            "eps_growth_yearly": 1114.64
        },
        "20042": {
            "year_quarter": 20042,
            "year": 2004,
            "quarter": 2,
            "eps": 0.29,
            "eps_growth_year": 20.83,
            "eps_4q": 0.75,
            "eps_4q_growth_year": -5.89,
            "roe": 1.79,
            "roe_4q": 4.63,
            "gross_profit": 85614,
            "gross_margin": 8.71,
            "gross_margin_4q_avg": 9.68,
            "net_income": 20443,
            "revenue": 983064,
            "common_shares": 705737,
            "book_valuer_per_share": 15.75,
            "book_valuer_per_share_4q_avg": 16.26,
            "equity": 1111731,
            "current_ratio": 143.38,
            "debt_ratio": 55.28,
            "inventory_turnover_ratio": 4.96,
            "account_receivable_turnover_ratio": null,
            "reinvestment_rate": -72.17,
            "research_to_sale_ratio": null,
            "price_fair": 38.8,
            "eps_avg_yearly": 1.11,
            "eps_latest_yearly": 1.16,
            "eps_growth_yearly": 990.33
        },
        "20043": {
            "year_quarter": 20043,
            "year": 2004,
            "quarter": 3,
            "eps": -0.01,
            "eps_growth_year": -103.7,
            "eps_4q": 0.35,
            "eps_4q_growth_year": -62.68,
            "roe": -0.03,
            "roe_4q": 2.96,
            "gross_profit": 92890,
            "gross_margin": 9.37,
            "gross_margin_4q_avg": 9.36,
            "net_income": -399,
            "revenue": 991720,
            "common_shares": 969169,
            "book_valuer_per_share": 16.29,
            "book_valuer_per_share_4q_avg": 16.24,
            "equity": 1578540,
            "current_ratio": 167.95,
            "debt_ratio": 47.32,
            "inventory_turnover_ratio": 4.19,
            "account_receivable_turnover_ratio": null,
            "reinvestment_rate": -18.25,
            "research_to_sale_ratio": null,
            "price_fair": 38.8,
            "eps_avg_yearly": 1.11,
            "eps_latest_yearly": 1.16,
            "eps_growth_yearly": 990.33
        },
        "20044": {
            "year_quarter": 20044,
            "year": 2004,
            "quarter": 4,
            "eps": 0.24,
            "eps_growth_year": 2300,
            "eps_4q": 0.66,
            "eps_4q_growth_year": -29.8,
            "roe": 1.25,
            "roe_4q": 4.12,
            "gross_profit": 115502,
            "gross_margin": 10.91,
            "gross_margin_4q_avg": 9.65,
            "net_income": 18828,
            "revenue": 1058390,
            "common_shares": 969168,
            "book_valuer_per_share": 14.7,
            "book_valuer_per_share_4q_avg": 15.82,
            "equity": 1424545,
            "current_ratio": 177.93,
            "debt_ratio": 51.74,
            "inventory_turnover_ratio": 3.12,
            "account_receivable_turnover_ratio": null,
            "reinvestment_rate": -18.83,
            "research_to_sale_ratio": null,
            "price_fair": 38.8,
            "eps_avg_yearly": 1.11,
            "eps_latest_yearly": 1.16,
            "eps_growth_yearly": 990.33
        },
        "20051": {
            "year_quarter": 20051,
            "year": 2005,
            "quarter": 1,
            "eps": 0.13,
            "eps_growth_year": -27.78,
            "eps_4q": 0.53,
            "eps_4q_growth_year": -23.98,
            "roe": 0.9,
            "roe_4q": 3.91,
            "gross_profit": 106327,
            "gross_margin": 9.7,
            "gross_margin_4q_avg": 9.67,
            "net_income": 12777,
            "revenue": 1096042,
            "common_shares": 969168,
            "book_valuer_per_share": 14.48,
            "book_valuer_per_share_4q_avg": 15.31,
            "equity": 1403103,
            "current_ratio": 174.03,
            "debt_ratio": 53.63,
            "inventory_turnover_ratio": 2.88,
            "account_receivable_turnover_ratio": null,
            "reinvestment_rate": -26.1,
            "research_to_sale_ratio": null,
            "price_fair": 36.23,
            "eps_avg_yearly": 1.04,
            "eps_latest_yearly": 0.52,
            "eps_growth_yearly": 843.62
        },
        "20052": {
            "year_quarter": 20052,
            "year": 2005,
            "quarter": 2,
            "eps": 0.22,
            "eps_growth_year": -24.14,
            "eps_4q": 0.53,
            "eps_4q_growth_year": -30.28,
            "roe": 1.61,
            "roe_4q": 3.7300000000000004,
            "gross_profit": 120470,
            "gross_margin": 10.51,
            "gross_margin_4q_avg": 10.12,
            "net_income": 22442,
            "revenue": 1145928,
            "common_shares": 969168,
            "book_valuer_per_share": 14.27,
            "book_valuer_per_share_4q_avg": 14.94,
            "equity": 1382885,
            "current_ratio": 163.16,
            "debt_ratio": 55.93,
            "inventory_turnover_ratio": 2.83,
            "account_receivable_turnover_ratio": null,
            "reinvestment_rate": -25,
            "research_to_sale_ratio": null,
            "price_fair": 35.62,
            "eps_avg_yearly": 1.02,
            "eps_latest_yearly": 0.88,
            "eps_growth_yearly": 780.65
        },
        "20053": {
            "year_quarter": 20053,
            "year": 2005,
            "quarter": 3,
            "eps": 0.03,
            "eps_growth_year": null,
            "eps_4q": 0.66,
            "eps_4q_growth_year": 87.63,
            "roe": 0.19,
            "roe_4q": 3.95,
            "gross_profit": 75923,
            "gross_margin": 6.2,
            "gross_margin_4q_avg": 9.33,
            "net_income": 2587,
            "revenue": 1224522,
            "common_shares": 1007935,
            "book_valuer_per_share": 13.73,
            "book_valuer_per_share_4q_avg": 14.3,
            "equity": 1383770,
            "current_ratio": 171.89,
            "debt_ratio": 53.48,
            "inventory_turnover_ratio": 4.35,
            "account_receivable_turnover_ratio": null,
            "reinvestment_rate": -34.85,
            "research_to_sale_ratio": null,
            "price_fair": 32.48,
            "eps_avg_yearly": 0.93,
            "eps_latest_yearly": 0.12,
            "eps_growth_yearly": 668.04
        },
        "20054": {
            "year_quarter": 20054,
            "year": 2005,
            "quarter": 4,
            "eps": -0.08,
            "eps_growth_year": -133.33,
            "eps_4q": 0.3,
            "eps_4q_growth_year": -54.54,
            "roe": -0.54,
            "roe_4q": 2.16,
            "gross_profit": 77470,
            "gross_margin": 6.86,
            "gross_margin_4q_avg": 8.32,
            "net_income": -7564,
            "revenue": 1128636,
            "common_shares": 1007935,
            "book_valuer_per_share": 13.94,
            "book_valuer_per_share_4q_avg": 14.11,
            "equity": 1405294,
            "current_ratio": 163.83,
            "debt_ratio": 52.34,
            "inventory_turnover_ratio": 7.55,
            "account_receivable_turnover_ratio": null,
            "reinvestment_rate": -26.61,
            "research_to_sale_ratio": null,
            "price_fair": 32.48,
            "eps_avg_yearly": 0.93,
            "eps_latest_yearly": 0.12,
            "eps_growth_yearly": 668.04
        },
        "20061": {
            "year_quarter": 20061,
            "year": 2006,
            "quarter": 1,
            "eps": 0.15,
            "eps_growth_year": 15.38,
            "eps_4q": 0.33,
            "eps_4q_growth_year": -38.02,
            "roe": 1.05,
            "roe_4q": 2.31,
            "gross_profit": 84371,
            "gross_margin": 7.56,
            "gross_margin_4q_avg": 7.78,
            "net_income": 14912,
            "revenue": 1116671,
            "common_shares": 1007935,
            "book_valuer_per_share": 14.13,
            "book_valuer_per_share_4q_avg": 14.02,
            "equity": 1423759,
            "current_ratio": 169.57,
            "debt_ratio": 52.58,
            "inventory_turnover_ratio": 8.66,
            "account_receivable_turnover_ratio": null,
            "reinvestment_rate": -26.88,
            "research_to_sale_ratio": null,
            "price_fair": 32.48,
            "eps_avg_yearly": 0.93,
            "eps_latest_yearly": 0.12,
            "eps_growth_yearly": 668.04
        },
        "20062": {
            "year_quarter": 20062,
            "year": 2006,
            "quarter": 2,
            "eps": 0.17,
            "eps_growth_year": -22.73,
            "eps_4q": 0.27,
            "eps_4q_growth_year": -49.53,
            "roe": 1.25,
            "roe_4q": 1.9499999999999997,
            "gross_profit": 78717,
            "gross_margin": 6.66,
            "gross_margin_4q_avg": 6.82,
            "net_income": 17703,
            "revenue": 1181908,
            "common_shares": 1007935,
            "book_valuer_per_share": 14.06,
            "book_valuer_per_share_4q_avg": 13.97,
            "equity": 1417626,
            "current_ratio": 160.23,
            "debt_ratio": 54.59,
            "inventory_turnover_ratio": 9.66,
            "account_receivable_turnover_ratio": null,
            "reinvestment_rate": -32.3,
            "research_to_sale_ratio": null,
            "price_fair": 23.38,
            "eps_avg_yearly": 0.67,
            "eps_latest_yearly": 0.68,
            "eps_growth_yearly": 600.27
        },
        "20063": {
            "year_quarter": 20063,
            "year": 2006,
            "quarter": 3,
            "eps": 0.13,
            "eps_growth_year": 333.33,
            "eps_4q": 0.37,
            "eps_4q_growth_year": -43.46,
            "roe": 0.95,
            "roe_4q": 2.71,
            "gross_profit": 93798,
            "gross_margin": 6.84,
            "gross_margin_4q_avg": 6.98,
            "net_income": 13493,
            "revenue": 1371939,
            "common_shares": 1033134,
            "book_valuer_per_share": 13.82,
            "book_valuer_per_share_4q_avg": 13.99,
            "equity": 1427851,
            "current_ratio": 128.43,
            "debt_ratio": 56.68,
            "inventory_turnover_ratio": 10.65,
            "account_receivable_turnover_ratio": null,
            "reinvestment_rate": -31.69,
            "research_to_sale_ratio": null,
            "price_fair": 23.38,
            "eps_avg_yearly": 0.67,
            "eps_latest_yearly": 0.52,
            "eps_growth_yearly": 624.52
        },
        "20064": {
            "year_quarter": 20064,
            "year": 2006,
            "quarter": 4,
            "eps": -0.11,
            "eps_growth_year": null,
            "eps_4q": 0.32,
            "eps_4q_growth_year": 8.2,
            "roe": -0.82,
            "roe_4q": 2.4299999999999997,
            "gross_profit": 88651,
            "gross_margin": 6.7,
            "gross_margin_4q_avg": 6.94,
            "net_income": -11858,
            "revenue": 1322427,
            "common_shares": 1033133,
            "book_valuer_per_share": 13.83,
            "book_valuer_per_share_4q_avg": 13.96,
            "equity": 1471396,
            "current_ratio": 136.84,
            "debt_ratio": 56.52,
            "inventory_turnover_ratio": 8.23,
            "account_receivable_turnover_ratio": null,
            "reinvestment_rate": 28.41,
            "research_to_sale_ratio": null,
            "price_fair": 23.38,
            "eps_avg_yearly": 0.67,
            "eps_latest_yearly": 0.52,
            "eps_growth_yearly": 624.52
        },
        "20071": {
            "year_quarter": 20071,
            "year": 2007,
            "quarter": 1,
            "eps": 0.16,
            "eps_growth_year": 6.67,
            "eps_4q": 0.34,
            "eps_4q_growth_year": 5.02,
            "roe": 1.17,
            "roe_4q": 2.55,
            "gross_profit": 102628,
            "gross_margin": 7.45,
            "gross_margin_4q_avg": 6.91,
            "net_income": 16997,
            "revenue": 1377679,
            "common_shares": 1033133,
            "book_valuer_per_share": 13.92,
            "book_valuer_per_share_4q_avg": 13.91,
            "equity": 1438542,
            "current_ratio": 134.29,
            "debt_ratio": 55.94,
            "inventory_turnover_ratio": 8.57,
            "account_receivable_turnover_ratio": null,
            "reinvestment_rate": 28.22,
            "research_to_sale_ratio": null,
            "price_fair": 23.38,
            "eps_avg_yearly": 0.67,
            "eps_latest_yearly": 0.52,
            "eps_growth_yearly": 624.52
        },
        "20072": {
            "year_quarter": 20072,
            "year": 2007,
            "quarter": 2,
            "eps": 0.16,
            "eps_growth_year": -5.88,
            "eps_4q": 0.33,
            "eps_4q_growth_year": 26.18,
            "roe": 1.18,
            "roe_4q": 2.4799999999999995,
            "gross_profit": 96185,
            "gross_margin": 6.79,
            "gross_margin_4q_avg": 6.95,
            "net_income": 17047,
            "revenue": 1415947,
            "common_shares": 1033133,
            "book_valuer_per_share": 14.01,
            "book_valuer_per_share_4q_avg": 13.9,
            "equity": 1447434,
            "current_ratio": 133.06,
            "debt_ratio": 56.81,
            "inventory_turnover_ratio": 11.01,
            "account_receivable_turnover_ratio": null,
            "reinvestment_rate": 28.6,
            "research_to_sale_ratio": null,
            "price_fair": 22.26,
            "eps_avg_yearly": 0.64,
            "eps_latest_yearly": 0.64,
            "eps_growth_yearly": 641.66
        },
        "20073": {
            "year_quarter": 20073,
            "year": 2007,
            "quarter": 3,
            "eps": 0.32,
            "eps_growth_year": 146.15,
            "eps_4q": 0.53,
            "eps_4q_growth_year": 43.26,
            "roe": 2.28,
            "roe_4q": 3.81,
            "gross_profit": 93453,
            "gross_margin": 6.4,
            "gross_margin_4q_avg": 6.84,
            "net_income": 33490,
            "revenue": 1459913,
            "common_shares": 1058962,
            "book_valuer_per_share": 14.02,
            "book_valuer_per_share_4q_avg": 13.95,
            "equity": 1484423,
            "current_ratio": 160.63,
            "debt_ratio": 56.3,
            "inventory_turnover_ratio": 11,
            "account_receivable_turnover_ratio": null,
            "reinvestment_rate": 23.07,
            "research_to_sale_ratio": null,
            "price_fair": 22.96,
            "eps_avg_yearly": 0.66,
            "eps_latest_yearly": 1.28,
            "eps_growth_yearly": 676.66
        },
        "20074": {
            "year_quarter": 20074,
            "year": 2007,
            "quarter": 4,
            "eps": -0.06,
            "eps_growth_year": null,
            "eps_4q": 0.54,
            "eps_4q_growth_year": 65.64,
            "roe": -0.44,
            "roe_4q": 4.1899999999999995,
            "gross_profit": 96799,
            "gross_margin": 7.46,
            "gross_margin_4q_avg": 7.03,
            "net_income": -6604,
            "revenue": 1297073,
            "common_shares": 1058962,
            "book_valuer_per_share": 13.83,
            "book_valuer_per_share_4q_avg": 13.95,
            "equity": 1508742,
            "current_ratio": 184.04,
            "debt_ratio": 52.18,
            "inventory_turnover_ratio": 9.06,
            "account_receivable_turnover_ratio": null,
            "reinvestment_rate": 24.57,
            "research_to_sale_ratio": null,
            "price_fair": 25.36,
            "eps_avg_yearly": 0.72,
            "eps_latest_yearly": 1.28,
            "eps_growth_yearly": 794.64
        },
        "20081": {
            "year_quarter": 20081,
            "year": 2008,
            "quarter": 1,
            "eps": 0.32,
            "eps_growth_year": 100,
            "eps_4q": 0.71,
            "eps_4q_growth_year": 106.39,
            "roe": 2.31,
            "roe_4q": 5.33,
            "gross_profit": 149732,
            "gross_margin": 16.43,
            "gross_margin_4q_avg": 9.27,
            "net_income": 35157,
            "revenue": 911192,
            "common_shares": 1058962,
            "book_valuer_per_share": 14.11,
            "book_valuer_per_share_4q_avg": 13.99,
            "equity": 1540002,
            "current_ratio": 205.18,
            "debt_ratio": 48.02,
            "inventory_turnover_ratio": 5.38,
            "account_receivable_turnover_ratio": null,
            "reinvestment_rate": 22.44,
            "research_to_sale_ratio": null,
            "price_fair": 25.38,
            "eps_avg_yearly": 0.73,
            "eps_latest_yearly": 1.28,
            "eps_growth_yearly": 43.97
        },
        "20082": {
            "year_quarter": 20082,
            "year": 2008,
            "quarter": 2,
            "eps": 0.08,
            "eps_growth_year": -50,
            "eps_4q": 0.56,
            "eps_4q_growth_year": 68.26,
            "roe": 0.66,
            "roe_4q": 4.8100000000000005,
            "gross_profit": 128053,
            "gross_margin": 17.87,
            "gross_margin_4q_avg": 12.04,
            "net_income": 9830,
            "revenue": 716385,
            "common_shares": 1058962,
            "book_valuer_per_share": 13.35,
            "book_valuer_per_share_4q_avg": 13.83,
            "equity": 1457773,
            "current_ratio": 234.03,
            "debt_ratio": 45.14,
            "inventory_turnover_ratio": 4.07,
            "account_receivable_turnover_ratio": null,
            "reinvestment_rate": 29.54,
            "research_to_sale_ratio": null,
            "price_fair": 1.86,
            "eps_avg_yearly": 0.62,
            "eps_latest_yearly": 0.32,
            "eps_growth_yearly": -24.08
        },
        "20083": {
            "year_quarter": 20083,
            "year": 2008,
            "quarter": 3,
            "eps": 0.16,
            "eps_growth_year": -50,
            "eps_4q": 0.48,
            "eps_4q_growth_year": -10.06,
            "roe": 1.21,
            "roe_4q": 3.7399999999999998,
            "gross_profit": 132031,
            "gross_margin": 18.97,
            "gross_margin_4q_avg": 15.18,
            "net_income": 17724,
            "revenue": 696152,
            "common_shares": 1058962,
            "book_valuer_per_share": 13.39,
            "book_valuer_per_share_4q_avg": 13.67,
            "equity": 1462546,
            "current_ratio": 239.81,
            "debt_ratio": 44.22,
            "inventory_turnover_ratio": 3.86,
            "account_receivable_turnover_ratio": null,
            "reinvestment_rate": -21.56,
            "research_to_sale_ratio": null,
            "price_fair": 20.56,
            "eps_avg_yearly": 0.62,
            "eps_latest_yearly": 0.64,
            "eps_growth_yearly": 23.04
        },
        "20084": {
            "year_quarter": 20084,
            "year": 2008,
            "quarter": 4,
            "eps": 0.17,
            "eps_growth_year": null,
            "eps_4q": 0.67,
            "eps_4q_growth_year": 25.09,
            "roe": 1.33,
            "roe_4q": 5.51,
            "gross_profit": 144196,
            "gross_margin": 19.44,
            "gross_margin_4q_avg": 18.18,
            "net_income": 19512,
            "revenue": 741651,
            "common_shares": 1058962,
            "book_valuer_per_share": 13.49,
            "book_valuer_per_share_4q_avg": 13.59,
            "equity": 1474897,
            "current_ratio": 242.16,
            "debt_ratio": 43.72,
            "inventory_turnover_ratio": 3.82,
            "account_receivable_turnover_ratio": 2.03,
            "reinvestment_rate": -8.43,
            "research_to_sale_ratio": null,
            "price_fair": 20.87,
            "eps_avg_yearly": 0.63,
            "eps_latest_yearly": 0.68,
            "eps_growth_yearly": 23.24
        },
        "20091": {
            "year_quarter": 20091,
            "year": 2009,
            "quarter": 1,
            "eps": 0.19,
            "eps_growth_year": -40.62,
            "eps_4q": 0.55,
            "eps_4q_growth_year": -21.4,
            "roe": 1.45,
            "roe_4q": 4.65,
            "gross_profit": 154210,
            "gross_margin": 21.41,
            "gross_margin_4q_avg": 19.42,
            "net_income": 21670,
            "revenue": 720361,
            "common_shares": 1058962,
            "book_valuer_per_share": 13.77,
            "book_valuer_per_share_4q_avg": 13.5,
            "equity": 1506556,
            "current_ratio": 254.64,
            "debt_ratio": 42.92,
            "inventory_turnover_ratio": 3.52,
            "account_receivable_turnover_ratio": 0.96,
            "reinvestment_rate": -2.82,
            "research_to_sale_ratio": null,
            "price_fair": 22.82,
            "eps_avg_yearly": 0.65,
            "eps_latest_yearly": 0.76,
            "eps_growth_yearly": 46.27
        },
        "20092": {
            "year_quarter": 20092,
            "year": 2009,
            "quarter": 2,
            "eps": 0.09,
            "eps_growth_year": 12.5,
            "eps_4q": 0.55,
            "eps_4q_growth_year": -1.59,
            "roe": 0.69,
            "roe_4q": 4.68,
            "gross_profit": 168224,
            "gross_margin": 22.6,
            "gross_margin_4q_avg": 20.61,
            "net_income": 10336,
            "revenue": 744316,
            "common_shares": 1058962,
            "book_valuer_per_share": 13.65,
            "book_valuer_per_share_4q_avg": 13.58,
            "equity": 1491405,
            "current_ratio": 205.19,
            "debt_ratio": 36.84,
            "inventory_turnover_ratio": 3.75,
            "account_receivable_turnover_ratio": 0.97,
            "reinvestment_rate": -2.31,
            "research_to_sale_ratio": null,
            "price_fair": 1.8,
            "eps_avg_yearly": 0.6,
            "eps_latest_yearly": 0.36,
            "eps_growth_yearly": -2.47
        },
        "20093": {
            "year_quarter": 20093,
            "year": 2009,
            "quarter": 3,
            "eps": 0.06,
            "eps_growth_year": -62.5,
            "eps_4q": 0.4,
            "eps_4q_growth_year": -16.93,
            "roe": 0.51,
            "roe_4q": 3.98,
            "gross_profit": 152854,
            "gross_margin": 21.83,
            "gross_margin_4q_avg": 21.32,
            "net_income": 8016,
            "revenue": 700244,
            "common_shares": 1269812,
            "book_valuer_per_share": 12.55,
            "book_valuer_per_share_4q_avg": 13.37,
            "equity": 1640809,
            "current_ratio": 218,
            "debt_ratio": 41.27,
            "inventory_turnover_ratio": 3.51,
            "account_receivable_turnover_ratio": 0.91,
            "reinvestment_rate": 42.34,
            "research_to_sale_ratio": null,
            "price_fair": 17.59,
            "eps_avg_yearly": 0.61,
            "eps_latest_yearly": 0.24,
            "eps_growth_yearly": 18.74
        },
        "20094": {
            "year_quarter": 20094,
            "year": 2009,
            "quarter": 4,
            "eps": 0.19,
            "eps_growth_year": 11.76,
            "eps_4q": 0.45,
            "eps_4q_growth_year": -32.64,
            "roe": 1.36,
            "roe_4q": 4.01,
            "gross_profit": 162715,
            "gross_margin": 23.45,
            "gross_margin_4q_avg": 22.32,
            "net_income": 22530,
            "revenue": 693788,
            "common_shares": 1272012,
            "book_valuer_per_share": 12.72,
            "book_valuer_per_share_4q_avg": 13.17,
            "equity": 1666391,
            "current_ratio": 233.12,
            "debt_ratio": 40.98,
            "inventory_turnover_ratio": 3.05,
            "account_receivable_turnover_ratio": 1.44,
            "reinvestment_rate": 305.72,
            "research_to_sale_ratio": null,
            "price_fair": 21.89,
            "eps_avg_yearly": 0.63,
            "eps_latest_yearly": 0.76,
            "eps_growth_yearly": 95.83
        },
        "20101": {
            "year_quarter": 20101,
            "year": 2010,
            "quarter": 1,
            "eps": 0.17,
            "eps_growth_year": -10.53,
            "eps_4q": 0.47,
            "eps_4q_growth_year": -14.78,
            "roe": 1.5,
            "roe_4q": 4.0600000000000005,
            "gross_profit": 165018,
            "gross_margin": 23.18,
            "gross_margin_4q_avg": 22.77,
            "net_income": 25106,
            "revenue": 711979,
            "common_shares": 1272012,
            "book_valuer_per_share": 12.9,
            "book_valuer_per_share_4q_avg": 12.96,
            "equity": 1692287,
            "current_ratio": 239.4,
            "debt_ratio": 40.41,
            "inventory_turnover_ratio": 3.15,
            "account_receivable_turnover_ratio": 0.72,
            "reinvestment_rate": 290.94,
            "research_to_sale_ratio": null,
            "price_fair": 22.05,
            "eps_avg_yearly": 0.63,
            "eps_latest_yearly": 0.68,
            "eps_growth_yearly": 84.33
        },
        "20102": {
            "year_quarter": 20102,
            "year": 2010,
            "quarter": 2,
            "eps": 0.11,
            "eps_growth_year": 21.83,
            "eps_4q": 0.5,
            "eps_4q_growth_year": -9.65,
            "roe": 0.95,
            "roe_4q": 4.32,
            "gross_profit": 159636,
            "gross_margin": 21.63,
            "gross_margin_4q_avg": 22.52,
            "net_income": 15940,
            "revenue": 738094,
            "common_shares": 1272012,
            "book_valuer_per_share": 12.67,
            "book_valuer_per_share_4q_avg": 12.71,
            "equity": 1661200,
            "current_ratio": 223.96,
            "debt_ratio": 42.27,
            "inventory_turnover_ratio": 3.58,
            "account_receivable_turnover_ratio": 0.78,
            "reinvestment_rate": 288.01,
            "research_to_sale_ratio": null,
            "price_fair": 21.35,
            "eps_avg_yearly": 0.61,
            "eps_latest_yearly": 0.44,
            "eps_growth_yearly": 68.12
        },
        "20103": {
            "year_quarter": 20103,
            "year": 2010,
            "quarter": 3,
            "eps": 0.13,
            "eps_growth_year": 117.91,
            "eps_4q": 0.58,
            "eps_4q_growth_year": 45.73,
            "roe": 1.07,
            "roe_4q": 4.88,
            "gross_profit": 154915,
            "gross_margin": 20.52,
            "gross_margin_4q_avg": 22.2,
            "net_income": 18077,
            "revenue": 755129,
            "common_shares": 1305377,
            "book_valuer_per_share": 12.66,
            "book_valuer_per_share_4q_avg": 12.74,
            "equity": 1702694,
            "current_ratio": 230.59,
            "debt_ratio": 41.43,
            "inventory_turnover_ratio": 3.66,
            "account_receivable_turnover_ratio": 0.9,
            "reinvestment_rate": 279.6,
            "research_to_sale_ratio": null,
            "price_fair": 21.35,
            "eps_avg_yearly": 0.61,
            "eps_latest_yearly": 0.52,
            "eps_growth_yearly": 82.03
        },
        "20104": {
            "year_quarter": 20104,
            "year": 2010,
            "quarter": 4,
            "eps": 0.03,
            "eps_growth_year": -81.94,
            "eps_4q": 0.44,
            "eps_4q_growth_year": -1.93,
            "roe": 0.4,
            "roe_4q": 3.92,
            "gross_profit": 165421,
            "gross_margin": 20.58,
            "gross_margin_4q_avg": 21.48,
            "net_income": 6790,
            "revenue": 803895,
            "common_shares": 1306202,
            "book_valuer_per_share": 12.7,
            "book_valuer_per_share_4q_avg": 12.73,
            "equity": 1659464,
            "current_ratio": 228.08,
            "debt_ratio": 41.67,
            "inventory_turnover_ratio": 3.69,
            "account_receivable_turnover_ratio": 1.05,
            "reinvestment_rate": 254.05,
            "research_to_sale_ratio": null,
            "price_fair": 20.03,
            "eps_avg_yearly": 0.57,
            "eps_latest_yearly": 0.12,
            "eps_growth_yearly": 52.05
        },
        "20111": {
            "year_quarter": 20111,
            "year": 2011,
            "quarter": 1,
            "eps": 0.35,
            "eps_growth_year": 105.88,
            "eps_4q": 0.62,
            "eps_4q_growth_year": 31.17,
            "roe": 2.68,
            "roe_4q": 5.1000000000000005,
            "gross_profit": 165737,
            "gross_margin": 26.97,
            "gross_margin_4q_avg": 22.43,
            "net_income": 45690,
            "revenue": 614463,
            "common_shares": 1307577,
            "book_valuer_per_share": 13.38,
            "book_valuer_per_share_4q_avg": 12.85,
            "equity": 1749761,
            "current_ratio": 306.05,
            "debt_ratio": 33.94,
            "inventory_turnover_ratio": 2.64,
            "account_receivable_turnover_ratio": 0.91,
            "reinvestment_rate": 248.76,
            "research_to_sale_ratio": null,
            "price_fair": 22.1,
            "eps_avg_yearly": 0.63,
            "eps_latest_yearly": 1.4,
            "eps_growth_yearly": 353.09
        },
        "20112": {
            "year_quarter": 20112,
            "year": 2011,
            "quarter": 2,
            "eps": 0.07,
            "eps_growth_year": -37.43,
            "eps_4q": 0.58,
            "eps_4q_growth_year": 15.89,
            "roe": 0.53,
            "roe_4q": 4.68,
            "gross_profit": 125159,
            "gross_margin": 22.75,
            "gross_margin_4q_avg": 22.71,
            "net_income": 9015,
            "revenue": 550118,
            "common_shares": 1313952,
            "book_valuer_per_share": 12.78,
            "book_valuer_per_share_4q_avg": 12.88,
            "equity": 1679451,
            "current_ratio": 268.64,
            "debt_ratio": 35.55,
            "inventory_turnover_ratio": 2.59,
            "account_receivable_turnover_ratio": 0.9,
            "reinvestment_rate": 249.23,
            "research_to_sale_ratio": null,
            "price_fair": 21.2,
            "eps_avg_yearly": 0.61,
            "eps_latest_yearly": 0.28,
            "eps_growth_yearly": 330.23
        },
        "20113": {
            "year_quarter": 20113,
            "year": 2011,
            "quarter": 3,
            "eps": 0.05,
            "eps_growth_year": -62.06,
            "eps_4q": 0.5,
            "eps_4q_growth_year": -14.24,
            "roe": 0.39,
            "roe_4q": 4,
            "gross_profit": 130589,
            "gross_margin": 23.81,
            "gross_margin_4q_avg": 23.53,
            "net_income": 6567,
            "revenue": 548388,
            "common_shares": 1313952,
            "book_valuer_per_share": 12.68,
            "book_valuer_per_share_4q_avg": 12.89,
            "equity": 1676651,
            "current_ratio": 299.11,
            "debt_ratio": 33.48,
            "inventory_turnover_ratio": 2.53,
            "account_receivable_turnover_ratio": 0.94,
            "reinvestment_rate": 267.35,
            "research_to_sale_ratio": null,
            "price_fair": 18.5,
            "eps_avg_yearly": 0.53,
            "eps_latest_yearly": 0.2,
            "eps_growth_yearly": 293.5
        },
        "20114": {
            "year_quarter": 20114,
            "year": 2011,
            "quarter": 4,
            "eps": -0.15,
            "eps_growth_year": -522.93,
            "eps_4q": 0.32,
            "eps_4q_growth_year": -28.32,
            "roe": -1.15,
            "roe_4q": 2.45,
            "gross_profit": 134501,
            "gross_margin": 25.18,
            "gross_margin_4q_avg": 24.68,
            "net_income": -19182,
            "revenue": 534178,
            "common_shares": 1321327,
            "book_valuer_per_share": 12.48,
            "book_valuer_per_share_4q_avg": 12.83,
            "equity": 1649766,
            "current_ratio": 321.09,
            "debt_ratio": 32.87,
            "inventory_turnover_ratio": 2.52,
            "account_receivable_turnover_ratio": 0.93,
            "reinvestment_rate": 252.84,
            "research_to_sale_ratio": null,
            "price_fair": 18.5,
            "eps_avg_yearly": 0.53,
            "eps_latest_yearly": 0.2,
            "eps_growth_yearly": 293.5
        },
        "20121": {
            "year_quarter": 20121,
            "year": 2012,
            "quarter": 1,
            "eps": 0.17,
            "eps_growth_year": -51.43,
            "eps_4q": 0.14,
            "eps_4q_growth_year": -76.96,
            "roe": 1.35,
            "roe_4q": 1.12,
            "gross_profit": 145922,
            "gross_margin": 26.94,
            "gross_margin_4q_avg": 24.67,
            "net_income": 22607,
            "revenue": 541586,
            "common_shares": 1321627,
            "book_valuer_per_share": 12.72,
            "book_valuer_per_share_4q_avg": 12.67,
            "equity": 1690758,
            "current_ratio": 342.44,
            "debt_ratio": 31.65,
            "inventory_turnover_ratio": 2.56,
            "account_receivable_turnover_ratio": 0.93,
            "reinvestment_rate": 259.11,
            "research_to_sale_ratio": null,
            "price_fair": 18.5,
            "eps_avg_yearly": 0.53,
            "eps_latest_yearly": 0.2,
            "eps_growth_yearly": 293.5
        },
        "20122": {
            "year_quarter": 20122,
            "year": 2012,
            "quarter": 2,
            "eps": 0.1,
            "eps_growth_year": 43.87,
            "eps_4q": 0.17,
            "eps_4q_growth_year": -70.05,
            "roe": 0.79,
            "roe_4q": 1.3800000000000003,
            "gross_profit": 134287,
            "gross_margin": 25.26,
            "gross_margin_4q_avg": 25.3,
            "net_income": 13120,
            "revenue": 531648,
            "common_shares": 1329152,
            "book_valuer_per_share": 12.39,
            "book_valuer_per_share_4q_avg": 12.57,
            "equity": 1647357,
            "current_ratio": 296.71,
            "debt_ratio": 34.21,
            "inventory_turnover_ratio": 2.43,
            "account_receivable_turnover_ratio": 0.91,
            "reinvestment_rate": 248.98,
            "research_to_sale_ratio": null,
            "price_fair": 18.7,
            "eps_avg_yearly": 0.53,
            "eps_latest_yearly": 0.4,
            "eps_growth_yearly": 303.16
        },
        "20123": {
            "year_quarter": 20123,
            "year": 2012,
            "quarter": 3,
            "eps": 0.12,
            "eps_growth_year": 138.04,
            "eps_4q": 0.24,
            "eps_4q_growth_year": -51.17,
            "roe": 0.94,
            "roe_4q": 1.9300000000000002,
            "gross_profit": 135514,
            "gross_margin": 25.37,
            "gross_margin_4q_avg": 25.69,
            "net_income": 15696,
            "revenue": 534239,
            "common_shares": 1329152,
            "book_valuer_per_share": 12.62,
            "book_valuer_per_share_4q_avg": 12.55,
            "equity": 1677180,
            "current_ratio": 328.79,
            "debt_ratio": 31.88,
            "inventory_turnover_ratio": 2.36,
            "account_receivable_turnover_ratio": 0.94,
            "reinvestment_rate": 234.17,
            "research_to_sale_ratio": null,
            "price_fair": 18.3,
            "eps_avg_yearly": 0.52,
            "eps_latest_yearly": 0.48,
            "eps_growth_yearly": 280.31
        },
        "20124": {
            "year_quarter": 20124,
            "year": 2012,
            "quarter": 4,
            "eps": 0.06,
            "eps_growth_year": null,
            "eps_4q": 0.45,
            "eps_4q_growth_year": 41.09,
            "roe": 0.5,
            "roe_4q": 3.58,
            "gross_profit": 136429,
            "gross_margin": 25.29,
            "gross_margin_4q_avg": 25.72,
            "net_income": 8298,
            "revenue": 539434,
            "common_shares": 1329152,
            "book_valuer_per_share": 12.59,
            "book_valuer_per_share_4q_avg": 12.58,
            "equity": 1673564,
            "current_ratio": 291.43,
            "debt_ratio": 33.08,
            "inventory_turnover_ratio": 2.16,
            "account_receivable_turnover_ratio": 0.96,
            "reinvestment_rate": 280.23,
            "research_to_sale_ratio": null,
            "price_fair": 17.2,
            "eps_avg_yearly": 0.49,
            "eps_latest_yearly": 0.24,
            "eps_growth_yearly": 264.24
        },
        "20131": {
            "year_quarter": 20131,
            "year": 2013,
            "quarter": 1,
            "eps": 0.17,
            "eps_growth_year": 0,
            "eps_4q": 0.45,
            "eps_4q_growth_year": 212.14,
            "roe": 1.33,
            "roe_4q": 3.56,
            "gross_profit": 146434,
            "gross_margin": 25.55,
            "gross_margin_4q_avg": 25.37,
            "net_income": 22165,
            "revenue": 573222,
            "common_shares": 1329152,
            "book_valuer_per_share": 12.54,
            "book_valuer_per_share_4q_avg": 12.54,
            "equity": 1666947,
            "current_ratio": 280.27,
            "debt_ratio": 32.32,
            "inventory_turnover_ratio": 2.17,
            "account_receivable_turnover_ratio": 0.97,
            "reinvestment_rate": 330.7,
            "research_to_sale_ratio": null,
            "price_fair": 17,
            "eps_avg_yearly": 0.49,
            "eps_latest_yearly": 0.68,
            "eps_growth_yearly": 313.25
        },
        "20132": {
            "year_quarter": 20132,
            "year": 2013,
            "quarter": 2,
            "eps": 0.05,
            "eps_growth_year": -49.35,
            "eps_4q": 0.4,
            "eps_4q_growth_year": 128.12,
            "roe": 0.4,
            "roe_4q": 3.17,
            "gross_profit": 130332,
            "gross_margin": 34.51,
            "gross_margin_4q_avg": 27.68,
            "net_income": 6563,
            "revenue": 377694,
            "common_shares": 1329152,
            "book_valuer_per_share": 12.28,
            "book_valuer_per_share_4q_avg": 12.51,
            "equity": 1632344,
            "current_ratio": 238.18,
            "debt_ratio": 35.95,
            "inventory_turnover_ratio": 1.31,
            "account_receivable_turnover_ratio": 0.6,
            "reinvestment_rate": 331.17,
            "research_to_sale_ratio": null,
            "price_fair": 16.6,
            "eps_avg_yearly": 0.47,
            "eps_latest_yearly": 0.2,
            "eps_growth_yearly": 308.12
        },
        "20133": {
            "year_quarter": 20133,
            "year": 2013,
            "quarter": 3,
            "eps": 0.11,
            "eps_growth_year": -6.85,
            "eps_4q": 0.39,
            "eps_4q_growth_year": 61.18,
            "roe": 0.91,
            "roe_4q": 3.14,
            "gross_profit": 122625,
            "gross_margin": 45.02,
            "gross_margin_4q_avg": 32.59,
            "net_income": 14941,
            "revenue": 272368,
            "common_shares": 1329152,
            "book_valuer_per_share": 12.36,
            "book_valuer_per_share_4q_avg": 12.44,
            "equity": 1643011,
            "current_ratio": 158.15,
            "debt_ratio": 36.64,
            "inventory_turnover_ratio": 0.73,
            "account_receivable_turnover_ratio": 0.43,
            "reinvestment_rate": 286.68,
            "research_to_sale_ratio": null,
            "price_fair": 17.1,
            "eps_avg_yearly": 0.49,
            "eps_latest_yearly": 0.44,
            "eps_growth_yearly": 351.93
        },
        "20134": {
            "year_quarter": 20134,
            "year": 2013,
            "quarter": 4,
            "eps": 0.15,
            "eps_growth_year": 139.86,
            "eps_4q": 0.48,
            "eps_4q_growth_year": 6.45,
            "roe": 1.2,
            "roe_4q": 3.84,
            "gross_profit": 130317,
            "gross_margin": 45.09,
            "gross_margin_4q_avg": 37.54,
            "net_income": 19904,
            "revenue": 289045,
            "common_shares": 1329152,
            "book_valuer_per_share": 12.68,
            "book_valuer_per_share_4q_avg": 12.47,
            "equity": 1685662,
            "current_ratio": 164.43,
            "debt_ratio": 34.23,
            "inventory_turnover_ratio": 0.72,
            "account_receivable_turnover_ratio": 0.47,
            "reinvestment_rate": 4.32,
            "research_to_sale_ratio": null,
            "price_fair": 16.7,
            "eps_avg_yearly": 0.48,
            "eps_latest_yearly": 0.6,
            "eps_growth_yearly": 300.42
        },
        "20141": {
            "year_quarter": 20141,
            "year": 2014,
            "quarter": 1,
            "eps": 0.14,
            "eps_growth_year": -17.65,
            "eps_4q": 0.45,
            "eps_4q_growth_year": 0.82,
            "roe": 1.08,
            "roe_4q": 3.5900000000000003,
            "gross_profit": 137398,
            "gross_margin": 46.42,
            "gross_margin_4q_avg": 42.76,
            "net_income": 18360,
            "revenue": 296013,
            "common_shares": 1329152,
            "book_valuer_per_share": 12.81,
            "book_valuer_per_share_4q_avg": 12.53,
            "equity": 1702317,
            "current_ratio": 164.81,
            "debt_ratio": 35.03,
            "inventory_turnover_ratio": 0.69,
            "account_receivable_turnover_ratio": 0.48,
            "reinvestment_rate": 6.69,
            "research_to_sale_ratio": null,
            "price_fair": 16.4,
            "eps_avg_yearly": 0.47,
            "eps_latest_yearly": 0.56,
            "eps_growth_yearly": 301.52
        },
        "20142": {
            "year_quarter": 20142,
            "year": 2014,
            "quarter": 2,
            "eps": 0.09,
            "eps_growth_year": 80,
            "eps_4q": 0.49,
            "eps_4q_growth_year": 23.5,
            "roe": 0.71,
            "roe_4q": 3.9000000000000004,
            "gross_profit": 130879,
            "gross_margin": 43.83,
            "gross_margin_4q_avg": 45.09,
            "net_income": 11906,
            "revenue": 298579,
            "common_shares": 1329152,
            "book_valuer_per_share": 12.5,
            "book_valuer_per_share_4q_avg": 12.59,
            "equity": 1661452,
            "current_ratio": 164.4,
            "debt_ratio": 34.91,
            "inventory_turnover_ratio": 0.72,
            "account_receivable_turnover_ratio": 0.49,
            "reinvestment_rate": 6.1,
            "research_to_sale_ratio": null,
            "price_fair": 16.2,
            "eps_avg_yearly": 0.46,
            "eps_latest_yearly": 0.36,
            "eps_growth_yearly": 301.4
        },
        "20143": {
            "year_quarter": 20143,
            "year": 2014,
            "quarter": 3,
            "eps": 0.26,
            "eps_growth_year": 136.36,
            "eps_4q": 0.64,
            "eps_4q_growth_year": 63.27,
            "roe": 2.07,
            "roe_4q": 5.06,
            "gross_profit": 145293,
            "gross_margin": 45.75,
            "gross_margin_4q_avg": 45.27,
            "net_income": 34678,
            "revenue": 317596,
            "common_shares": 1329152,
            "book_valuer_per_share": 12.75,
            "book_valuer_per_share_4q_avg": 12.69,
            "equity": 1694365,
            "current_ratio": 247.51,
            "debt_ratio": 31.39,
            "inventory_turnover_ratio": 0.76,
            "account_receivable_turnover_ratio": 0.51,
            "reinvestment_rate": -6.81,
            "research_to_sale_ratio": null,
            "price_fair": 17.5,
            "eps_avg_yearly": 0.5,
            "eps_latest_yearly": 1.04,
            "eps_growth_yearly": 350.17
        },
        "20144": {
            "year_quarter": 20144,
            "year": 2014,
            "quarter": 4,
            "eps": 0.12,
            "eps_growth_year": -21.72,
            "eps_4q": 0.61,
            "eps_4q_growth_year": 26.66,
            "roe": 0.91,
            "roe_4q": 4.77,
            "gross_profit": 150148,
            "gross_margin": 46.82,
            "gross_margin_4q_avg": 45.71,
            "net_income": 15580,
            "revenue": 320680,
            "common_shares": 1329152,
            "book_valuer_per_share": 12.96,
            "book_valuer_per_share_4q_avg": 12.76,
            "equity": 1722752,
            "current_ratio": 247.63,
            "debt_ratio": 31.62,
            "inventory_turnover_ratio": 0.76,
            "account_receivable_turnover_ratio": 0.52,
            "reinvestment_rate": -1.37,
            "research_to_sale_ratio": null,
            "price_fair": 18.4,
            "eps_avg_yearly": 0.53,
            "eps_latest_yearly": 0.48,
            "eps_growth_yearly": 356.77
        },
        "20151": {
            "year_quarter": 20151,
            "year": 2015,
            "quarter": 1,
            "eps": 0.23,
            "eps_growth_year": 64.29,
            "eps_4q": 0.7,
            "eps_4q_growth_year": 54.97,
            "roe": 1.75,
            "roe_4q": 5.44,
            "gross_profit": 167982,
            "gross_margin": 48.33,
            "gross_margin_4q_avg": 46.18,
            "net_income": 30461,
            "revenue": 347560,
            "common_shares": 1329152,
            "book_valuer_per_share": 13.3,
            "book_valuer_per_share_4q_avg": 12.88,
            "equity": 1767848,
            "current_ratio": 249.42,
            "debt_ratio": 31.9,
            "inventory_turnover_ratio": 0.77,
            "account_receivable_turnover_ratio": 0.56,
            "reinvestment_rate": -27.01,
            "research_to_sale_ratio": null,
            "price_fair": 17.2,
            "eps_avg_yearly": 0.49,
            "eps_latest_yearly": 0.92,
            "eps_growth_yearly": 78.2
        },
        "20152": {
            "year_quarter": 20152,
            "year": 2015,
            "quarter": 2,
            "eps": 0.09,
            "eps_growth_year": 0,
            "eps_4q": 0.69,
            "eps_4q_growth_year": 41.73,
            "roe": 0.67,
            "roe_4q": 5.4,
            "gross_profit": 148248,
            "gross_margin": 43.41,
            "gross_margin_4q_avg": 46.08,
            "net_income": 11565,
            "revenue": 341473,
            "common_shares": 1329152,
            "book_valuer_per_share": 12.75,
            "book_valuer_per_share_4q_avg": 12.94,
            "equity": 1694143,
            "current_ratio": 219.92,
            "debt_ratio": 35.08,
            "inventory_turnover_ratio": 0.8,
            "account_receivable_turnover_ratio": 0.53,
            "reinvestment_rate": -15.08,
            "research_to_sale_ratio": null,
            "price_fair": 17.4,
            "eps_avg_yearly": 0.5,
            "eps_latest_yearly": 0.36,
            "eps_growth_yearly": 83.66
        },
        "20153": {
            "year_quarter": 20153,
            "year": 2015,
            "quarter": 3,
            "eps": 0.11,
            "eps_growth_year": -57.69,
            "eps_4q": 0.54,
            "eps_4q_growth_year": -15.11,
            "roe": 0.84,
            "roe_4q": 4.17,
            "gross_profit": 153786,
            "gross_margin": 46.18,
            "gross_margin_4q_avg": 46.19,
            "net_income": 14419,
            "revenue": 333034,
            "common_shares": 1329152,
            "book_valuer_per_share": 12.94,
            "book_valuer_per_share_4q_avg": 12.99,
            "equity": 1719436,
            "current_ratio": 202.84,
            "debt_ratio": 34,
            "inventory_turnover_ratio": 0.69,
            "account_receivable_turnover_ratio": 0.52,
            "reinvestment_rate": 71.31,
            "research_to_sale_ratio": null,
            "price_fair": 18,
            "eps_avg_yearly": 0.51,
            "eps_latest_yearly": 0.44,
            "eps_growth_yearly": 98.18
        },
        "20154": {
            "year_quarter": 20154,
            "year": 2015,
            "quarter": 4,
            "eps": 0.17,
            "eps_growth_year": 45.32,
            "eps_4q": 0.6,
            "eps_4q_growth_year": -1.79,
            "roe": 1.31,
            "roe_4q": 4.57,
            "gross_profit": 160527,
            "gross_margin": 46.25,
            "gross_margin_4q_avg": 46.04,
            "net_income": 22641,
            "revenue": 347121,
            "common_shares": 1329152,
            "book_valuer_per_share": 13.02,
            "book_valuer_per_share_4q_avg": 13,
            "equity": 1730891,
            "current_ratio": 202.5,
            "debt_ratio": 34.19,
            "inventory_turnover_ratio": 0.66,
            "account_receivable_turnover_ratio": 0.55,
            "reinvestment_rate": 85.77,
            "research_to_sale_ratio": null,
            "price_fair": 18.39,
            "eps_avg_yearly": 0.53,
            "eps_latest_yearly": 0.68,
            "eps_growth_yearly": 106.18
        },
        "20161": {
            "year_quarter": 20161,
            "year": 2016,
            "quarter": 1,
            "eps": 0.1,
            "eps_growth_year": -56.52,
            "eps_4q": 0.47,
            "eps_4q_growth_year": -32.59,
            "roe": 0.79,
            "roe_4q": 3.61,
            "gross_profit": 156751,
            "gross_margin": 44.87,
            "gross_margin_4q_avg": 45.18,
            "net_income": 13818,
            "revenue": 349349,
            "common_shares": 1329152,
            "book_valuer_per_share": 13.14,
            "book_valuer_per_share_4q_avg": 12.96,
            "equity": 1746536,
            "current_ratio": 218.91,
            "debt_ratio": 31.61,
            "inventory_turnover_ratio": 0.68,
            "account_receivable_turnover_ratio": 0.55,
            "reinvestment_rate": 98.44,
            "research_to_sale_ratio": null,
            "price_fair": 18.11,
            "eps_avg_yearly": 0.52,
            "eps_latest_yearly": 0.4,
            "eps_growth_yearly": 89.25
        },
        "20162": {
            "year_quarter": 20162,
            "year": 2016,
            "quarter": 2,
            "eps": 0.11,
            "eps_growth_year": 22.22,
            "eps_4q": 0.49,
            "eps_4q_growth_year": -29.46,
            "roe": 0.83,
            "roe_4q": 3.77,
            "gross_profit": 147865,
            "gross_margin": 43.08,
            "gross_margin_4q_avg": 45.1,
            "net_income": 14216,
            "revenue": 343224,
            "common_shares": 1329152,
            "book_valuer_per_share": 12.57,
            "book_valuer_per_share_4q_avg": 12.92,
            "equity": 1670980,
            "current_ratio": 193.59,
            "debt_ratio": 34.55,
            "inventory_turnover_ratio": 0.7,
            "account_receivable_turnover_ratio": 0.53,
            "reinvestment_rate": 104.14,
            "research_to_sale_ratio": null,
            "price_fair": 18.2,
            "eps_avg_yearly": 0.52,
            "eps_latest_yearly": 0.44,
            "eps_growth_yearly": 102.04
        },
        "20163": {
            "year_quarter": 20163,
            "year": 2016,
            "quarter": 3,
            "eps": 0.26,
            "eps_growth_year": 136.36,
            "eps_4q": 0.64,
            "eps_4q_growth_year": 18.28,
            "roe": 2.05,
            "roe_4q": 4.98,
            "gross_profit": 156267,
            "gross_margin": 42.33,
            "gross_margin_4q_avg": 44.13,
            "net_income": 34514,
            "revenue": 369168,
            "common_shares": 1329152,
            "book_valuer_per_share": 12.78,
            "book_valuer_per_share_4q_avg": 12.88,
            "equity": 1698070,
            "current_ratio": 210.22,
            "debt_ratio": 32.67,
            "inventory_turnover_ratio": 0.77,
            "account_receivable_turnover_ratio": 0.56,
            "reinvestment_rate": 98.33,
            "research_to_sale_ratio": null,
            "price_fair": 19.43,
            "eps_avg_yearly": 0.56,
            "eps_latest_yearly": 1.04,
            "eps_growth_yearly": 131.13
        },
        "20164": {
            "year_quarter": 20164,
            "year": 2016,
            "quarter": 4,
            "eps": 0.21,
            "eps_growth_year": 24.49,
            "eps_4q": 0.68,
            "eps_4q_growth_year": 14.73,
            "roe": 1.65,
            "roe_4q": 5.319999999999999,
            "gross_profit": 159293,
            "gross_margin": 41.77,
            "gross_margin_4q_avg": 43.01,
            "net_income": 28185,
            "revenue": 381327,
            "common_shares": 1329152,
            "book_valuer_per_share": 12.99,
            "book_valuer_per_share_4q_avg": 12.87,
            "equity": 1725966,
            "current_ratio": 209.15,
            "debt_ratio": 33.56,
            "inventory_turnover_ratio": 0.77,
            "account_receivable_turnover_ratio": 0.56,
            "reinvestment_rate": 58.21,
            "research_to_sale_ratio": null,
            "price_fair": 20.74,
            "eps_avg_yearly": 0.59,
            "eps_latest_yearly": 0.84,
            "eps_growth_yearly": 138.82
        },
        "20171": {
            "year_quarter": 20171,
            "year": 2017,
            "quarter": 1,
            "eps": 0.16,
            "eps_growth_year": 60,
            "eps_4q": 0.74,
            "eps_4q_growth_year": 57.44,
            "roe": 1.23,
            "roe_4q": 5.76,
            "gross_profit": 167366,
            "gross_margin": 44.33,
            "gross_margin_4q_avg": 42.88,
            "net_income": 21395,
            "revenue": 377586,
            "common_shares": 1329152,
            "book_valuer_per_share": 13.14,
            "book_valuer_per_share_4q_avg": 12.87,
            "equity": 1746412,
            "current_ratio": 221.43,
            "debt_ratio": 32.2,
            "inventory_turnover_ratio": 0.71,
            "account_receivable_turnover_ratio": 0.55,
            "reinvestment_rate": 17.7,
            "research_to_sale_ratio": null,
            "price_fair": 20.65,
            "eps_avg_yearly": 0.59,
            "eps_latest_yearly": 0.64,
            "eps_growth_yearly": 87.04
        },
        "20172": {
            "year_quarter": 20172,
            "year": 2017,
            "quarter": 2,
            "eps": 0.15,
            "eps_growth_year": 36.36,
            "eps_4q": 0.78,
            "eps_4q_growth_year": 59.01,
            "roe": 1.13,
            "roe_4q": 6.06,
            "gross_profit": 169266,
            "gross_margin": 42.7,
            "gross_margin_4q_avg": 42.78,
            "net_income": 19414,
            "revenue": 396393,
            "common_shares": 1329152,
            "book_valuer_per_share": 12.75,
            "book_valuer_per_share_4q_avg": 12.92,
            "equity": 1694805,
            "current_ratio": 197.92,
            "debt_ratio": 35.88,
            "inventory_turnover_ratio": 0.77,
            "account_receivable_turnover_ratio": 0.57,
            "reinvestment_rate": 13,
            "research_to_sale_ratio": null,
            "price_fair": 21.53,
            "eps_avg_yearly": 0.62,
            "eps_latest_yearly": 0.6,
            "eps_growth_yearly": 103.12
        },
        "20173": {
            "year_quarter": 20173,
            "year": 2017,
            "quarter": 3,
            "eps": 0.27,
            "eps_growth_year": 3.85,
            "eps_4q": 0.79,
            "eps_4q_growth_year": 23.4,
            "roe": 2.1,
            "roe_4q": 6.109999999999999,
            "gross_profit": 174799,
            "gross_margin": 42.04,
            "gross_margin_4q_avg": 42.71,
            "net_income": 36126,
            "revenue": 415807,
            "common_shares": 1329152,
            "book_valuer_per_share": 13.15,
            "book_valuer_per_share_4q_avg": 13.01,
            "equity": 1747781,
            "current_ratio": 209.36,
            "debt_ratio": 34.29,
            "inventory_turnover_ratio": 0.82,
            "account_receivable_turnover_ratio": 0.58,
            "reinvestment_rate": 15.85,
            "research_to_sale_ratio": null,
            "price_fair": 22.93,
            "eps_avg_yearly": 0.66,
            "eps_latest_yearly": 1.08,
            "eps_growth_yearly": 93.12
        },
        "20174": {
            "year_quarter": 20174,
            "year": 2017,
            "quarter": 4,
            "eps": 0.07,
            "eps_growth_year": -68.06,
            "eps_4q": 0.65,
            "eps_4q_growth_year": -5.29,
            "roe": 0.51,
            "roe_4q": 4.970000000000001,
            "gross_profit": 165659,
            "gross_margin": 43,
            "gross_margin_4q_avg": 43.02,
            "net_income": 9002,
            "revenue": 385292,
            "common_shares": 1329152,
            "book_valuer_per_share": 13.22,
            "book_valuer_per_share_4q_avg": 13.07,
            "equity": 1756878,
            "current_ratio": 210.27,
            "debt_ratio": 33.71,
            "inventory_turnover_ratio": 0.8,
            "account_receivable_turnover_ratio": 0.53,
            "reinvestment_rate": 14.73,
            "research_to_sale_ratio": null,
            "price_fair": 22.23,
            "eps_avg_yearly": 0.64,
            "eps_latest_yearly": 0.28,
            "eps_growth_yearly": 65.51
        },
        "20181": {
            "year_quarter": 20181,
            "year": 2018,
            "quarter": 1,
            "eps": 0.21,
            "eps_growth_year": 31.25,
            "eps_4q": 0.7,
            "eps_4q_growth_year": -5.66,
            "roe": 1.59,
            "roe_4q": 5.33,
            "gross_profit": 176185,
            "gross_margin": 58.09,
            "gross_margin_4q_avg": 46.46,
            "net_income": 28204,
            "revenue": 303312,
            "common_shares": 1329152,
            "book_valuer_per_share": 13.53,
            "book_valuer_per_share_4q_avg": 13.16,
            "equity": 1797876,
            "current_ratio": 220.88,
            "debt_ratio": 36.53,
            "inventory_turnover_ratio": 0.5,
            "account_receivable_turnover_ratio": 0.41,
            "reinvestment_rate": -16.98,
            "research_to_sale_ratio": null,
            "price_fair": 22.84,
            "eps_avg_yearly": 0.65,
            "eps_latest_yearly": 0.84,
            "eps_growth_yearly": 117.18
        },
        "20182": {
            "year_quarter": 20182,
            "year": 2018,
            "quarter": 2,
            "eps": 0.19,
            "eps_growth_year": 26.67,
            "eps_4q": 0.74,
            "eps_4q_growth_year": -5,
            "roe": 1.42,
            "roe_4q": 5.619999999999999,
            "gross_profit": 159097,
            "gross_margin": 58.35,
            "gross_margin_4q_avg": 50.37,
            "net_income": 24997,
            "revenue": 272668,
            "common_shares": 1329152,
            "book_valuer_per_share": 13.01,
            "book_valuer_per_share_4q_avg": 13.23,
            "equity": 1728842,
            "current_ratio": 195.27,
            "debt_ratio": 39.28,
            "inventory_turnover_ratio": 0.46,
            "account_receivable_turnover_ratio": 0.37,
            "reinvestment_rate": -11.48,
            "research_to_sale_ratio": null,
            "price_fair": 23.71,
            "eps_avg_yearly": 0.68,
            "eps_latest_yearly": 0.76,
            "eps_growth_yearly": 123.73
        },
        "20183": {
            "year_quarter": 20183,
            "year": 2018,
            "quarter": 3,
            "eps": 0.24,
            "eps_growth_year": -11.11,
            "eps_4q": 0.71,
            "eps_4q_growth_year": -10.62,
            "roe": 1.83,
            "roe_4q": 5.35,
            "gross_profit": 161400,
            "gross_margin": 59.73,
            "gross_margin_4q_avg": 54.79,
            "net_income": 31749,
            "revenue": 270220,
            "common_shares": 1329152,
            "book_valuer_per_share": 13.1,
            "book_valuer_per_share_4q_avg": 13.22,
            "equity": 1740931,
            "current_ratio": 219.16,
            "debt_ratio": 36.44,
            "inventory_turnover_ratio": 0.45,
            "account_receivable_turnover_ratio": 0.37,
            "reinvestment_rate": -5.03,
            "research_to_sale_ratio": null,
            "price_fair": 23.54,
            "eps_avg_yearly": 0.67,
            "eps_latest_yearly": 0.96,
            "eps_growth_yearly": 83.08
        },
        "20184": {
            "year_quarter": 20184,
            "year": 2018,
            "quarter": 4,
            "eps": -0.07,
            "eps_growth_year": -202.03,
            "eps_4q": 0.57,
            "eps_4q_growth_year": -11.84,
            "roe": -0.53,
            "roe_4q": 4.31,
            "gross_profit": 147684,
            "gross_margin": 53.28,
            "gross_margin_4q_avg": 57.36,
            "net_income": -9185,
            "revenue": 277198,
            "common_shares": 1329152,
            "book_valuer_per_share": 12.94,
            "book_valuer_per_share_4q_avg": 13.15,
            "equity": 1719427,
            "current_ratio": 229.04,
            "debt_ratio": 35.67,
            "inventory_turnover_ratio": 0.57,
            "account_receivable_turnover_ratio": 0.39,
            "reinvestment_rate": -8.79,
            "research_to_sale_ratio": null,
            "price_fair": 23.99,
            "eps_avg_yearly": 0.69,
            "eps_latest_yearly": 0.96,
            "eps_growth_yearly": 102.98
        },
        "20191": {
            "year_quarter": 20191,
            "year": 2019,
            "quarter": 1,
            "eps": 0.31,
            "eps_growth_year": 47.62,
            "eps_4q": 0.67,
            "eps_4q_growth_year": -3.66,
            "roe": 2.4,
            "roe_4q": 5.12,
            "gross_profit": 191473,
            "gross_margin": 60.69,
            "gross_margin_4q_avg": 58.01,
            "net_income": 41792,
            "revenue": 315475,
            "common_shares": 1329152,
            "book_valuer_per_share": 13.3,
            "book_valuer_per_share_4q_avg": 13.09,
            "equity": 1768186,
            "current_ratio": 249.04,
            "debt_ratio": 33.99,
            "inventory_turnover_ratio": 0.58,
            "account_receivable_turnover_ratio": 0.44,
            "reinvestment_rate": -8.81,
            "research_to_sale_ratio": null,
            "price_fair": 23.4,
            "eps_avg_yearly": 0.67,
            "eps_latest_yearly": 0.96,
            "eps_growth_yearly": 84.15
        },
        "20192": {
            "year_quarter": 20192,
            "year": 2019,
            "quarter": 2,
            "eps": 0.22,
            "eps_growth_year": 15.79,
            "eps_4q": 0.7,
            "eps_4q_growth_year": -4.98,
            "roe": 1.66,
            "roe_4q": 5.359999999999999,
            "gross_profit": 166362,
            "gross_margin": 59.51,
            "gross_margin_4q_avg": 58.3,
            "net_income": 29078,
            "revenue": 279562,
            "common_shares": 1329152,
            "book_valuer_per_share": 12.99,
            "book_valuer_per_share_4q_avg": 13.08,
            "equity": 1726973,
            "current_ratio": 217.91,
            "debt_ratio": 37.61,
            "inventory_turnover_ratio": 0.56,
            "account_receivable_turnover_ratio": 0.38,
            "reinvestment_rate": -13.97,
            "research_to_sale_ratio": null,
            "price_fair": 24.7,
            "eps_avg_yearly": 0.71,
            "eps_latest_yearly": 0.88,
            "eps_growth_yearly": 93.24
        },
        "20193": {
            "year_quarter": 20193,
            "year": 2019,
            "quarter": 3,
            "eps": 0.2,
            "eps_growth_year": -16.67,
            "eps_4q": 0.67,
            "eps_4q_growth_year": -5.62,
            "roe": 1.55,
            "roe_4q": 5.079999999999999,
            "gross_profit": 157937,
            "gross_margin": 61.03,
            "gross_margin_4q_avg": 58.63,
            "net_income": 26985,
            "revenue": 258798,
            "common_shares": 1329152,
            "book_valuer_per_share": 13.12,
            "book_valuer_per_share_4q_avg": 13.09,
            "equity": 1744328,
            "current_ratio": 241.98,
            "debt_ratio": 35.09,
            "inventory_turnover_ratio": 0.52,
            "account_receivable_turnover_ratio": 0.36,
            "reinvestment_rate": -65.13,
            "research_to_sale_ratio": null,
            "price_fair": 25.6,
            "eps_avg_yearly": 0.73,
            "eps_latest_yearly": 0.8,
            "eps_growth_yearly": 84.3
        },
        "20194": {
            "year_quarter": 20194,
            "year": 2019,
            "quarter": 4,
            "eps": 0.02,
            "eps_growth_year": null,
            "eps_4q": 0.76,
            "eps_4q_growth_year": 32.79,
            "roe": 0.16,
            "roe_4q": 5.77,
            "gross_profit": 154108,
            "gross_margin": 62.38,
            "gross_margin_4q_avg": 60.9,
            "net_income": 2750,
            "revenue": 247028,
            "common_shares": 1329152,
            "book_valuer_per_share": 13.22,
            "book_valuer_per_share_4q_avg": 13.16,
            "equity": 1757457,
            "current_ratio": 238.05,
            "debt_ratio": 35.75,
            "inventory_turnover_ratio": 0.49,
            "account_receivable_turnover_ratio": 0.35,
            "reinvestment_rate": -77.72,
            "research_to_sale_ratio": null,
            "price_fair": 24.1,
            "eps_avg_yearly": 0.69,
            "eps_latest_yearly": 0.08,
            "eps_growth_yearly": 43
        },
        "20201": {
            "year_quarter": 20201,
            "year": 2020,
            "quarter": 1,
            "eps": 0.27,
            "eps_growth_year": -12.9,
            "eps_4q": 0.72,
            "eps_4q_growth_year": 6.68,
            "roe": 2.07,
            "roe_4q": 5.44,
            "gross_profit": 168990,
            "gross_margin": 63.76,
            "gross_margin_4q_avg": 61.67,
            "net_income": 36513,
            "revenue": 265059,
            "common_shares": 1329152,
            "book_valuer_per_share": 13.34,
            "book_valuer_per_share_4q_avg": 13.17,
            "equity": 1773178,
            "current_ratio": 480.46,
            "debt_ratio": 24.23,
            "inventory_turnover_ratio": 0.52,
            "account_receivable_turnover_ratio": 0.51,
            "reinvestment_rate": -80.91,
            "research_to_sale_ratio": null,
            "price_fair": 25.8,
            "eps_avg_yearly": 0.74,
            "eps_latest_yearly": 1.08,
            "eps_growth_yearly": 411.91
        },
        "20202": {
            "year_quarter": 20202,
            "year": 2020,
            "quarter": 2,
            "eps": 0.51,
            "eps_growth_year": 131.82,
            "eps_4q": 1.01,
            "eps_4q_growth_year": 43.14,
            "roe": 3.8,
            "roe_4q": 7.579999999999999,
            "gross_profit": 152304,
            "gross_margin": 63.73,
            "gross_margin_4q_avg": 62.73,
            "net_income": 67496,
            "revenue": 238981,
            "common_shares": 1329152,
            "book_valuer_per_share": 13.4,
            "book_valuer_per_share_4q_avg": 13.27,
            "equity": 1781197,
            "current_ratio": 357.4,
            "debt_ratio": 26.48,
            "inventory_turnover_ratio": 0.47,
            "account_receivable_turnover_ratio": 0.77,
            "reinvestment_rate": -52,
            "research_to_sale_ratio": null,
            "price_fair": 29.8,
            "eps_avg_yearly": 0.85,
            "eps_latest_yearly": 2.04,
            "eps_growth_yearly": 434.44
        },
        "20203": {
            "year_quarter": 20203,
            "year": 2020,
            "quarter": 3,
            "eps": 0.36,
            "eps_growth_year": 80,
            "eps_4q": 1.17,
            "eps_4q_growth_year": 74.79,
            "roe": 2.67,
            "roe_4q": 8.7,
            "gross_profit": 188868,
            "gross_margin": 64.78,
            "gross_margin_4q_avg": 63.66,
            "net_income": 48230,
            "revenue": 291572,
            "common_shares": 1329152,
            "book_valuer_per_share": 13.82,
            "book_valuer_per_share_4q_avg": 13.45,
            "equity": 1837160,
            "current_ratio": 411.23,
            "debt_ratio": 24.63,
            "inventory_turnover_ratio": 0.56,
            "account_receivable_turnover_ratio": 1.11,
            "reinvestment_rate": -45.72,
            "research_to_sale_ratio": null,
            "price_fair": 30.8,
            "eps_avg_yearly": 0.88,
            "eps_latest_yearly": 1.44,
            "eps_growth_yearly": 387.08
        },
        "20204": {
            "year_quarter": 20204,
            "year": 2020,
            "quarter": 4,
            "eps": 0.14,
            "eps_growth_year": 582.29,
            "eps_4q": 1.29,
            "eps_4q_growth_year": 69.97,
            "roe": 1.01,
            "roe_4q": 9.549999999999999,
            "gross_profit": 166109,
            "gross_margin": 61.59,
            "gross_margin_4q_avg": 63.47,
            "net_income": 18763,
            "revenue": 269713,
            "common_shares": 1329152,
            "book_valuer_per_share": 14.11,
            "book_valuer_per_share_4q_avg": 13.67,
            "equity": 1876050,
            "current_ratio": 423.9,
            "debt_ratio": 24.24,
            "inventory_turnover_ratio": 0.6,
            "account_receivable_turnover_ratio": 1.02,
            "reinvestment_rate": -42.6,
            "research_to_sale_ratio": null,
            "price_fair": 30.1,
            "eps_avg_yearly": 0.86,
            "eps_latest_yearly": 0.56,
            "eps_growth_yearly": 375.11
        },
        "20211": {
            "year_quarter": 20211,
            "year": 2021,
            "quarter": 1,
            "eps": 0.35,
            "eps_growth_year": 29.63,
            "eps_4q": 1.36,
            "eps_4q_growth_year": 89.31,
            "roe": 2.4,
            "roe_4q": 9.879999999999999,
            "gross_profit": 200323,
            "gross_margin": 64.91,
            "gross_margin_4q_avg": 63.75,
            "net_income": 45977,
            "revenue": 308633,
            "common_shares": 1329152,
            "book_valuer_per_share": 14.77,
            "book_valuer_per_share_4q_avg": 14.03,
            "equity": 1962584,
            "current_ratio": 402.33,
            "debt_ratio": 23.73,
            "inventory_turnover_ratio": 0.64,
            "account_receivable_turnover_ratio": 1.16,
            "reinvestment_rate": -13.96,
            "research_to_sale_ratio": null,
            "price_fair": 32,
            "eps_avg_yearly": 0.91,
            "eps_latest_yearly": 1.4,
            "eps_growth_yearly": 424.77
        },
        "20212": {
            "year_quarter": 20212,
            "year": 2021,
            "quarter": 2,
            "eps": 0.4,
            "eps_growth_year": -21.57,
            "eps_4q": 1.25,
            "eps_4q_growth_year": 24.72,
            "roe": 2.69,
            "roe_4q": 8.77,
            "gross_profit": 207423,
            "gross_margin": 66.75,
            "gross_margin_4q_avg": 64.51,
            "net_income": 53829,
            "revenue": 310734,
            "common_shares": 1329152,
            "book_valuer_per_share": 15.39,
            "book_valuer_per_share_4q_avg": 14.52,
            "equity": 2046170,
            "current_ratio": 414,
            "debt_ratio": 23.67,
            "inventory_turnover_ratio": 0.53,
            "account_receivable_turnover_ratio": 1.18,
            "reinvestment_rate": -9.25,
            "research_to_sale_ratio": null,
            "price_fair": 34.5,
            "eps_avg_yearly": 0.99,
            "eps_latest_yearly": 1.6,
            "eps_growth_yearly": 430.64
        },
        "20213": {
            "year_quarter": 20213,
            "year": 2021,
            "quarter": 3,
            "eps": 0.34,
            "eps_growth_year": -5.56,
            "eps_4q": 1.23,
            "eps_4q_growth_year": 5.51,
            "roe": 2.25,
            "roe_4q": 8.35,
            "gross_profit": 230942,
            "gross_margin": 67.86,
            "gross_margin_4q_avg": 65.28,
            "net_income": 44958,
            "revenue": 340316,
            "common_shares": 1329152,
            "book_valuer_per_share": 14.71,
            "book_valuer_per_share_4q_avg": 14.75,
            "equity": 1954829,
            "current_ratio": 382.84,
            "debt_ratio": 24.96,
            "inventory_turnover_ratio": 0.48,
            "account_receivable_turnover_ratio": 1.31,
            "reinvestment_rate": -14.99,
            "research_to_sale_ratio": null,
            "price_fair": 35.2,
            "eps_avg_yearly": 1.01,
            "eps_latest_yearly": 1.36,
            "eps_growth_yearly": 403.5
        },
        "20214": {
            "year_quarter": 20214,
            "year": 2021,
            "quarter": 4,
            "eps": 0.15,
            "eps_growth_year": 4.23,
            "eps_4q": 1.24,
            "eps_4q_growth_year": -3.91,
            "roe": 0.99,
            "roe_4q": 8.33,
            "gross_profit": 220752,
            "gross_margin": 66.99,
            "gross_margin_4q_avg": 66.63,
            "net_income": 19557,
            "revenue": 329528,
            "common_shares": 1329152,
            "book_valuer_per_share": 15.09,
            "book_valuer_per_share_4q_avg": 14.99,
            "equity": 2005901,
            "current_ratio": 361.51,
            "debt_ratio": 25.5,
            "inventory_turnover_ratio": 0.46,
            "account_receivable_turnover_ratio": 1.29,
            "reinvestment_rate": -17.55,
            "research_to_sale_ratio": null,
            "price_fair": 36,
            "eps_avg_yearly": 1.03,
            "eps_latest_yearly": 0.6,
            "eps_growth_yearly": 408.7
        },
        "20221": {
            "year_quarter": 20221,
            "year": 2022,
            "quarter": 1,
            "eps": 0.37,
            "eps_growth_year": 5.71,
            "eps_4q": 1.26,
            "eps_4q_growth_year": -6.97,
            "roe": 2.44,
            "roe_4q": 8.37,
            "gross_profit": 224718,
            "gross_margin": 66.41,
            "gross_margin_4q_avg": 67,
            "net_income": 49537,
            "revenue": 338394,
            "common_shares": 1329152,
            "book_valuer_per_share": 15.46,
            "book_valuer_per_share_4q_avg": 15.16,
            "equity": 2054865,
            "current_ratio": 212.41,
            "debt_ratio": 23.71,
            "inventory_turnover_ratio": 0.48,
            "account_receivable_turnover_ratio": 1.39,
            "reinvestment_rate": 15.7,
            "research_to_sale_ratio": null,
            "price_fair": 37.6,
            "eps_avg_yearly": 1.07,
            "eps_latest_yearly": 1.48,
            "eps_growth_yearly": 393.46
        },
        "20222": {
            "year_quarter": 20222,
            "year": 2022,
            "quarter": 2,
            "eps": 0.34,
            "eps_growth_year": -15,
            "eps_4q": 1.2,
            "eps_4q_growth_year": -4.38,
            "roe": 2.29,
            "roe_4q": 7.970000000000001,
            "gross_profit": 191950,
            "gross_margin": 66.09,
            "gross_margin_4q_avg": 66.84,
            "net_income": 45441,
            "revenue": 290459,
            "common_shares": 1329152,
            "book_valuer_per_share": 14.44,
            "book_valuer_per_share_4q_avg": 14.93,
            "equity": 1919679,
            "current_ratio": 218.26,
            "debt_ratio": 19.47,
            "inventory_turnover_ratio": 0.42,
            "account_receivable_turnover_ratio": 1.18,
            "reinvestment_rate": 24.71,
            "research_to_sale_ratio": null,
            "price_fair": 39.1,
            "eps_avg_yearly": 1.12,
            "eps_latest_yearly": 1.36,
            "eps_growth_yearly": 393.86
        },
        "20223": {
            "year_quarter": 20223,
            "year": 2022,
            "quarter": 3,
            "eps": 0.34,
            "eps_growth_year": 0,
            "eps_4q": 1.2,
            "eps_4q_growth_year": -2.52,
            "roe": 2.31,
            "roe_4q": 8.03,
            "gross_profit": 200344,
            "gross_margin": 65.13,
            "gross_margin_4q_avg": 66.16,
            "net_income": 44863,
            "revenue": 307607,
            "common_shares": 1329152,
            "book_valuer_per_share": 14.76,
            "book_valuer_per_share_4q_avg": 14.94,
            "equity": 1962250,
            "current_ratio": 346.46,
            "debt_ratio": 17.97,
            "inventory_turnover_ratio": 0.46,
            "account_receivable_turnover_ratio": 1.23,
            "reinvestment_rate": 27.08,
            "research_to_sale_ratio": null,
            "price_fair": 40.1,
            "eps_avg_yearly": 1.15,
            "eps_latest_yearly": 1.36,
            "eps_growth_yearly": 386.34
        },
        "20224": {
            "year_quarter": 20224,
            "year": 2022,
            "quarter": 4,
            "eps": 0.17,
            "eps_growth_year": 12.44,
            "eps_4q": 1.22,
            "eps_4q_growth_year": -1.52,
            "roe": 1.11,
            "roe_4q": 8.15,
            "gross_profit": 199545,
            "gross_margin": 64.65,
            "gross_margin_4q_avg": 65.57,
            "net_income": 21989,
            "revenue": 308645,
            "common_shares": 1329152,
            "book_valuer_per_share": 15.02,
            "book_valuer_per_share_4q_avg": 14.92,
            "equity": 1996993,
            "current_ratio": 335.75,
            "debt_ratio": 21.06,
            "inventory_turnover_ratio": 0.47,
            "account_receivable_turnover_ratio": 1.28,
            "reinvestment_rate": 44.12,
            "research_to_sale_ratio": null,
            "price_fair": 39.01,
            "eps_avg_yearly": 1.11,
            "eps_latest_yearly": 0.68,
            "eps_growth_yearly": 347.25
        },
        "20231": {
            "year_quarter": 20231,
            "year": 2023,
            "quarter": 1,
            "eps": 0.4,
            "eps_growth_year": 8.11,
            "eps_4q": 1.24,
            "eps_4q_growth_year": -1.74,
            "roe": 2.6,
            "roe_4q": 8.309999999999999,
            "gross_profit": 226310,
            "gross_margin": 65.6,
            "gross_margin_4q_avg": 65.37,
            "net_income": 52673,
            "revenue": 344974,
            "common_shares": 1329152,
            "book_valuer_per_share": 15.46,
            "book_valuer_per_share_4q_avg": 14.92,
            "equity": 2055517,
            "current_ratio": 304.4,
            "debt_ratio": 23.17,
            "inventory_turnover_ratio": 0.52,
            "account_receivable_turnover_ratio": 1.33,
            "reinvestment_rate": 56.93,
            "research_to_sale_ratio": null,
            "price_fair": 40.08,
            "eps_avg_yearly": 1.15,
            "eps_latest_yearly": 1.6,
            "eps_growth_yearly": 359.37
        }
    },
    "months": {
        "2001-09": {
            "month": "2001-09",
            "price": "11.79",
            "revenue": 236264
        },
        "2001-10": {
            "month": "2001-10",
            "price": "12.22",
            "revenue": 222648
        },
        "2001-11": {
            "month": "2001-11",
            "price": "12.12",
            "revenue": 238091
        },
        "2001-12": {
            "month": "2001-12",
            "price": "12.65",
            "revenue": 248905
        },
        "2002-01": {
            "month": "2002-01",
            "price": "12.79",
            "revenue": 266714
        },
        "2002-02": {
            "month": "2002-02",
            "price": "13.01",
            "revenue": 234769
        },
        "2002-03": {
            "month": "2002-03",
            "price": "14.54",
            "revenue": 238810
        },
        "2002-04": {
            "month": "2002-04",
            "price": "16.75",
            "revenue": 267352
        },
        "2002-05": {
            "month": "2002-05",
            "price": "16.98",
            "revenue": 269637
        },
        "2002-06": {
            "month": "2002-06",
            "price": "16.30",
            "revenue": 291109
        },
        "2002-07": {
            "month": "2002-07",
            "price": "16.85",
            "revenue": 242709
        },
        "2002-08": {
            "month": "2002-08",
            "price": "17.22",
            "revenue": 283797
        },
        "2002-09": {
            "month": "2002-09",
            "price": "16.08",
            "revenue": 271707
        },
        "2002-10": {
            "month": "2002-10",
            "price": "15.00",
            "revenue": 258605
        },
        "2002-11": {
            "month": "2002-11",
            "price": "15.83",
            "revenue": 278259
        },
        "2002-12": {
            "month": "2002-12",
            "price": "15.95",
            "revenue": 283820
        },
        "2003-01": {
            "month": "2003-01",
            "price": "16.67",
            "revenue": 370101
        },
        "2003-02": {
            "month": "2003-02",
            "price": "16.40",
            "revenue": 175853
        },
        "2003-03": {
            "month": "2003-03",
            "price": "15.62",
            "revenue": 270081
        },
        "2003-04": {
            "month": "2003-04",
            "price": "15.23",
            "revenue": 262901
        },
        "2003-05": {
            "month": "2003-05",
            "price": "15.40",
            "revenue": 333774
        },
        "2003-06": {
            "month": "2003-06",
            "price": "14.73",
            "revenue": 237731
        },
        "2003-07": {
            "month": "2003-07",
            "price": "14.20",
            "revenue": 208532
        },
        "2003-08": {
            "month": "2003-08",
            "price": "13.75",
            "revenue": 243217
        },
        "2003-09": {
            "month": "2003-09",
            "price": "13.40",
            "revenue": 285400
        },
        "2003-10": {
            "month": "2003-10",
            "price": "13.81",
            "revenue": 292615
        },
        "2003-11": {
            "month": "2003-11",
            "price": "14.32",
            "revenue": 293962
        },
        "2003-12": {
            "month": "2003-12",
            "price": "14.42",
            "revenue": 353404
        },
        "2004-01": {
            "month": "2004-01",
            "price": "14.39",
            "revenue": 305559
        },
        "2004-02": {
            "month": "2004-02",
            "price": "15.28",
            "revenue": 287574
        },
        "2004-03": {
            "month": "2004-03",
            "price": "15.19",
            "revenue": 299261
        },
        "2004-04": {
            "month": "2004-04",
            "price": "15.56",
            "revenue": 329486
        },
        "2004-05": {
            "month": "2004-05",
            "price": "13.50",
            "revenue": 322602
        },
        "2004-06": {
            "month": "2004-06",
            "price": "12.52",
            "revenue": 330977
        },
        "2004-07": {
            "month": "2004-07",
            "price": "11.42",
            "revenue": 337537
        },
        "2004-08": {
            "month": "2004-08",
            "price": "10.88",
            "revenue": 303874
        },
        "2004-09": {
            "month": "2004-09",
            "price": "11.41",
            "revenue": 350310
        },
        "2004-10": {
            "month": "2004-10",
            "price": "10.88",
            "revenue": 331839
        },
        "2004-11": {
            "month": "2004-11",
            "price": "9.99",
            "revenue": 352263
        },
        "2004-12": {
            "month": "2004-12",
            "price": "10.11",
            "revenue": 361368
        },
        "2005-01": {
            "month": "2005-01",
            "price": "11.02",
            "revenue": 411390
        },
        "2005-02": {
            "month": "2005-02",
            "price": "13.02",
            "revenue": 292128
        },
        "2005-03": {
            "month": "2005-03",
            "price": "13.27",
            "revenue": 392524
        },
        "2005-04": {
            "month": "2005-04",
            "price": "12.85",
            "revenue": 397943
        },
        "2005-05": {
            "month": "2005-05",
            "price": "12.34",
            "revenue": 364104
        },
        "2005-06": {
            "month": "2005-06",
            "price": "12.22",
            "revenue": 384779
        },
        "2005-07": {
            "month": "2005-07",
            "price": "11.99",
            "revenue": 294512
        },
        "2005-08": {
            "month": "2005-08",
            "price": "11.31",
            "revenue": 595012
        },
        "2005-09": {
            "month": "2005-09",
            "price": "10.99",
            "revenue": 328627
        },
        "2005-10": {
            "month": "2005-10",
            "price": "11.36",
            "revenue": 366613
        },
        "2005-11": {
            "month": "2005-11",
            "price": "11.35",
            "revenue": 261711
        },
        "2005-12": {
            "month": "2005-12",
            "price": "10.87",
            "revenue": 500628
        },
        "2006-01": {
            "month": "2006-01",
            "price": "10.46",
            "revenue": 406856
        },
        "2006-02": {
            "month": "2006-02",
            "price": "10.35",
            "revenue": 316985
        },
        "2006-03": {
            "month": "2006-03",
            "price": "9.94",
            "revenue": 392830
        },
        "2006-04": {
            "month": "2006-04",
            "price": "9.95",
            "revenue": 364442
        },
        "2006-05": {
            "month": "2006-05",
            "price": "10.34",
            "revenue": 400841
        },
        "2006-06": {
            "month": "2006-06",
            "price": "9.77",
            "revenue": 416624
        },
        "2006-07": {
            "month": "2006-07",
            "price": "9.68",
            "revenue": 438079
        },
        "2006-08": {
            "month": "2006-08",
            "price": "9.18",
            "revenue": 452227
        },
        "2006-09": {
            "month": "2006-09",
            "price": "8.85",
            "revenue": 481631
        },
        "2006-10": {
            "month": "2006-10",
            "price": "9.21",
            "revenue": 410661
        },
        "2006-11": {
            "month": "2006-11",
            "price": "9.32",
            "revenue": 461712
        },
        "2006-12": {
            "month": "2006-12",
            "price": "10.47",
            "revenue": 449913
        },
        "2007-01": {
            "month": "2007-01",
            "price": "10.45",
            "revenue": 503925
        },
        "2007-02": {
            "month": "2007-02",
            "price": "10.16",
            "revenue": 401263
        },
        "2007-03": {
            "month": "2007-03",
            "price": "9.93",
            "revenue": 472491
        },
        "2007-04": {
            "month": "2007-04",
            "price": "11.84",
            "revenue": 453188
        },
        "2007-05": {
            "month": "2007-05",
            "price": "15.84",
            "revenue": 480581
        },
        "2007-06": {
            "month": "2007-06",
            "price": "17.14",
            "revenue": 482177
        },
        "2007-07": {
            "month": "2007-07",
            "price": "23.88",
            "revenue": 462724
        },
        "2007-08": {
            "month": "2007-08",
            "price": "22.66",
            "revenue": 492404
        },
        "2007-09": {
            "month": "2007-09",
            "price": "22.04",
            "revenue": 504784
        },
        "2007-10": {
            "month": "2007-10",
            "price": "21.74",
            "revenue": 490777
        },
        "2007-11": {
            "month": "2007-11",
            "price": "18.95",
            "revenue": 536541
        },
        "2007-12": {
            "month": "2007-12",
            "price": "16.69",
            "revenue": 250938
        },
        "2008-01": {
            "month": "2008-01",
            "price": "14.71",
            "revenue": 410580
        },
        "2008-02": {
            "month": "2008-02",
            "price": "14.94",
            "revenue": 216061
        },
        "2008-03": {
            "month": "2008-03",
            "price": "15.98",
            "revenue": 256151
        },
        "2008-04": {
            "month": "2008-04",
            "price": "17.81",
            "revenue": 230373
        },
        "2008-05": {
            "month": "2008-05",
            "price": "19.24",
            "revenue": 231742
        },
        "2008-06": {
            "month": "2008-06",
            "price": "15.40",
            "revenue": 204935
        },
        "2008-07": {
            "month": "2008-07",
            "price": "12.88",
            "revenue": 233959
        },
        "2008-08": {
            "month": "2008-08",
            "price": "13.03",
            "revenue": 226327
        },
        "2008-09": {
            "month": "2008-09",
            "price": "10.33",
            "revenue": 195811
        },
        "2008-10": {
            "month": "2008-10",
            "price": "11.53",
            "revenue": 233904
        },
        "2008-11": {
            "month": "2008-11",
            "price": "11.56",
            "revenue": 224844
        },
        "2008-12": {
            "month": "2008-12",
            "price": "12.39",
            "revenue": 236214
        },
        "2009-01": {
            "month": "2009-01",
            "price": "13.29",
            "revenue": 249079
        },
        "2009-02": {
            "month": "2009-02",
            "price": "12.81",
            "revenue": 194916
        },
        "2009-03": {
            "month": "2009-03",
            "price": "13.99",
            "revenue": 236127
        },
        "2009-04": {
            "month": "2009-04",
            "price": "17.71",
            "revenue": 211251
        },
        "2009-05": {
            "month": "2009-05",
            "price": "17.63",
            "revenue": 213177
        },
        "2009-06": {
            "month": "2009-06",
            "price": "15.84",
            "revenue": 234507
        },
        "2009-07": {
            "month": "2009-07",
            "price": "19.44",
            "revenue": 225040
        },
        "2009-08": {
            "month": "2009-08",
            "price": "20.34",
            "revenue": 181222
        },
        "2009-09": {
            "month": "2009-09",
            "price": "20.10",
            "revenue": 241667
        },
        "2009-10": {
            "month": "2009-10",
            "price": "19.53",
            "revenue": 220283
        },
        "2009-11": {
            "month": "2009-11",
            "price": "17.33",
            "revenue": 214274
        },
        "2009-12": {
            "month": "2009-12",
            "price": "17.43",
            "revenue": 217613
        },
        "2010-01": {
            "month": "2010-01",
            "price": "16.91",
            "revenue": 222915
        },
        "2010-02": {
            "month": "2010-02",
            "price": "14.08",
            "revenue": 204340
        },
        "2010-03": {
            "month": "2010-03",
            "price": "15.55",
            "revenue": 213171
        },
        "2010-04": {
            "month": "2010-04",
            "price": "19.03",
            "revenue": 227968
        },
        "2010-05": {
            "month": "2010-05",
            "price": "16.00",
            "revenue": 134102
        },
        "2010-06": {
            "month": "2010-06",
            "price": "15.78",
            "revenue": 152138
        },
        "2010-07": {
            "month": "2010-07",
            "price": "16.82",
            "revenue": 149501
        },
        "2010-08": {
            "month": "2010-08",
            "price": "17.56",
            "revenue": 142258
        },
        "2010-09": {
            "month": "2010-09",
            "price": "17.55",
            "revenue": 141188
        },
        "2010-10": {
            "month": "2010-10",
            "price": "17.80",
            "revenue": 183510
        },
        "2010-11": {
            "month": "2010-11",
            "price": "16.73",
            "revenue": 143059
        },
        "2010-12": {
            "month": "2010-12",
            "price": "16.91",
            "revenue": 144986
        },
        "2011-01": {
            "month": "2011-01",
            "price": "16.69",
            "revenue": 262831
        },
        "2011-02": {
            "month": "2011-02",
            "price": "15.96",
            "revenue": 136328
        },
        "2011-03": {
            "month": "2011-03",
            "price": "16.12",
            "revenue": 208913
        },
        "2011-04": {
            "month": "2011-04",
            "price": "16.53",
            "revenue": 194937
        },
        "2011-05": {
            "month": "2011-05",
            "price": "16.84",
            "revenue": 179824
        },
        "2011-06": {
            "month": "2011-06",
            "price": "16.34",
            "revenue": 174289
        },
        "2011-07": {
            "month": "2011-07",
            "price": "15.95",
            "revenue": 170067
        },
        "2011-08": {
            "month": "2011-08",
            "price": "14.01",
            "revenue": 177692
        },
        "2011-09": {
            "month": "2011-09",
            "price": "13.50",
            "revenue": 192084
        },
        "2011-10": {
            "month": "2011-10",
            "price": "13.00",
            "revenue": 183468
        },
        "2011-11": {
            "month": "2011-11",
            "price": "12.29",
            "revenue": 168590
        },
        "2011-12": {
            "month": "2011-12",
            "price": "10.88",
            "revenue": 180117
        },
        "2012-01": {
            "month": "2012-01",
            "price": "11.30",
            "revenue": 211038
        },
        "2012-02": {
            "month": "2012-02",
            "price": "13.28",
            "revenue": 159749
        },
        "2012-03": {
            "month": "2012-03",
            "price": "13.32",
            "revenue": 170867
        },
        "2012-04": {
            "month": "2012-04",
            "price": "12.16",
            "revenue": 180374
        },
        "2012-05": {
            "month": "2012-05",
            "price": "12.77",
            "revenue": 176983
        },
        "2012-06": {
            "month": "2012-06",
            "price": "12.63",
            "revenue": 160537
        },
        "2012-07": {
            "month": "2012-07",
            "price": "12.95",
            "revenue": 178792
        },
        "2012-08": {
            "month": "2012-08",
            "price": "13.18",
            "revenue": 170360
        },
        "2012-09": {
            "month": "2012-09",
            "price": "13.93",
            "revenue": 166979
        },
        "2012-10": {
            "month": "2012-10",
            "price": "15.24",
            "revenue": 186727
        },
        "2012-11": {
            "month": "2012-11",
            "price": "15.23",
            "revenue": 175765
        },
        "2012-12": {
            "month": "2012-12",
            "price": "15.93",
            "revenue": 164454
        },
        "2013-01": {
            "month": "2013-01",
            "price": "15.65",
            "revenue": 259723
        },
        "2013-02": {
            "month": "2013-02",
            "price": "15.64",
            "revenue": 135509
        },
        "2013-03": {
            "month": "2013-03",
            "price": "15.68",
            "revenue": 177989
        },
        "2013-04": {
            "month": "2013-04",
            "price": "15.68",
            "revenue": 192065
        },
        "2013-05": {
            "month": "2013-05",
            "price": "15.66",
            "revenue": 96155
        },
        "2013-06": {
            "month": "2013-06",
            "price": "16.35",
            "revenue": 91179
        },
        "2013-07": {
            "month": "2013-07",
            "price": "15.72",
            "revenue": 87830
        },
        "2013-08": {
            "month": "2013-08",
            "price": "15.25",
            "revenue": 87386
        },
        "2013-09": {
            "month": "2013-09",
            "price": "14.88",
            "revenue": 95572
        },
        "2013-10": {
            "month": "2013-10",
            "price": "15.90",
            "revenue": 98302
        },
        "2013-11": {
            "month": "2013-11",
            "price": "15.47",
            "revenue": 87160
        },
        "2013-12": {
            "month": "2013-12",
            "price": "15.04",
            "revenue": 104391
        },
        "2014-01": {
            "month": "2014-01",
            "price": "15.06",
            "revenue": 125541
        },
        "2014-02": {
            "month": "2014-02",
            "price": "15.46",
            "revenue": 77984
        },
        "2014-03": {
            "month": "2014-03",
            "price": "15.08",
            "revenue": 92489
        },
        "2014-04": {
            "month": "2014-04",
            "price": "15.24",
            "revenue": 94081
        },
        "2014-05": {
            "month": "2014-05",
            "price": "15.34",
            "revenue": 104663
        },
        "2014-06": {
            "month": "2014-06",
            "price": "15.53",
            "revenue": 99835
        },
        "2014-07": {
            "month": "2014-07",
            "price": "15.41",
            "revenue": 100862
        },
        "2014-08": {
            "month": "2014-08",
            "price": "14.83",
            "revenue": 103972
        },
        "2014-09": {
            "month": "2014-09",
            "price": "14.57",
            "revenue": 112787
        },
        "2014-10": {
            "month": "2014-10",
            "price": "13.88",
            "revenue": 111098
        },
        "2014-11": {
            "month": "2014-11",
            "price": "13.97",
            "revenue": 91280
        },
        "2014-12": {
            "month": "2014-12",
            "price": "14.65",
            "revenue": 118303
        },
        "2015-01": {
            "month": "2015-01",
            "price": "14.80",
            "revenue": 138137
        },
        "2015-02": {
            "month": "2015-02",
            "price": "14.72",
            "revenue": 94191
        },
        "2015-03": {
            "month": "2015-03",
            "price": "15.25",
            "revenue": 115232
        },
        "2015-04": {
            "month": "2015-04",
            "price": "15.17",
            "revenue": 116621
        },
        "2015-05": {
            "month": "2015-05",
            "price": "14.75",
            "revenue": 107320
        },
        "2015-06": {
            "month": "2015-06",
            "price": "14.16",
            "revenue": 117533
        },
        "2015-07": {
            "month": "2015-07",
            "price": "13.97",
            "revenue": 111536
        },
        "2015-08": {
            "month": "2015-08",
            "price": "12.20",
            "revenue": 107773
        },
        "2015-09": {
            "month": "2015-09",
            "price": "13.38",
            "revenue": 112752
        },
        "2015-10": {
            "month": "2015-10",
            "price": "13.88",
            "revenue": 113036
        },
        "2015-11": {
            "month": "2015-11",
            "price": "14.17",
            "revenue": 105598
        },
        "2015-12": {
            "month": "2015-12",
            "price": "13.79",
            "revenue": 128484
        },
        "2016-01": {
            "month": "2016-01",
            "price": "13.31",
            "revenue": 137302
        },
        "2016-02": {
            "month": "2016-02",
            "price": "13.63",
            "revenue": 82722
        },
        "2016-03": {
            "month": "2016-03",
            "price": "14.88",
            "revenue": 129325
        },
        "2016-04": {
            "month": "2016-04",
            "price": "14.31",
            "revenue": 116607
        },
        "2016-05": {
            "month": "2016-05",
            "price": "13.66",
            "revenue": 112976
        },
        "2016-06": {
            "month": "2016-06",
            "price": "13.52",
            "revenue": 113642
        },
        "2016-07": {
            "month": "2016-07",
            "price": "13.36",
            "revenue": 130138
        },
        "2016-08": {
            "month": "2016-08",
            "price": "13.08",
            "revenue": 115097
        },
        "2016-09": {
            "month": "2016-09",
            "price": "13.11",
            "revenue": 123933
        },
        "2016-10": {
            "month": "2016-10",
            "price": "13.01",
            "revenue": 115752
        },
        "2016-11": {
            "month": "2016-11",
            "price": "13.14",
            "revenue": 125252
        },
        "2016-12": {
            "month": "2016-12",
            "price": "13.60",
            "revenue": 140323
        },
        "2017-01": {
            "month": "2017-01",
            "price": "13.88",
            "revenue": 140905
        },
        "2017-02": {
            "month": "2017-02",
            "price": "14.22",
            "revenue": 101795
        },
        "2017-03": {
            "month": "2017-03",
            "price": "14.05",
            "revenue": 134886
        },
        "2017-04": {
            "month": "2017-04",
            "price": "13.96",
            "revenue": 133168
        },
        "2017-05": {
            "month": "2017-05",
            "price": "13.97",
            "revenue": 124549
        },
        "2017-06": {
            "month": "2017-06",
            "price": "14.09",
            "revenue": 138677
        },
        "2017-07": {
            "month": "2017-07",
            "price": "13.74",
            "revenue": 138356
        },
        "2017-08": {
            "month": "2017-08",
            "price": "13.49",
            "revenue": 139715
        },
        "2017-09": {
            "month": "2017-09",
            "price": "13.62",
            "revenue": 137725
        },
        "2017-10": {
            "month": "2017-10",
            "price": "13.59",
            "revenue": 116859
        },
        "2017-11": {
            "month": "2017-11",
            "price": "13.71",
            "revenue": 140699
        },
        "2017-12": {
            "month": "2017-12",
            "price": "13.80",
            "revenue": 127745
        },
        "2018-01": {
            "month": "2018-01",
            "price": "14.03",
            "revenue": 125526
        },
        "2018-02": {
            "month": "2018-02",
            "price": "13.72",
            "revenue": 82884
        },
        "2018-03": {
            "month": "2018-03",
            "price": "13.96",
            "revenue": 94902
        },
        "2018-04": {
            "month": "2018-04",
            "price": "14.43",
            "revenue": 83023
        },
        "2018-05": {
            "month": "2018-05",
            "price": "14.22",
            "revenue": 97606
        },
        "2018-06": {
            "month": "2018-06",
            "price": "14.14",
            "revenue": 92040
        },
        "2018-07": {
            "month": "2018-07",
            "price": "13.67",
            "revenue": 90613
        },
        "2018-08": {
            "month": "2018-08",
            "price": "13.68",
            "revenue": 95719
        },
        "2018-09": {
            "month": "2018-09",
            "price": "13.52",
            "revenue": 83888
        },
        "2018-10": {
            "month": "2018-10",
            "price": "12.84",
            "revenue": 99770
        },
        "2018-11": {
            "month": "2018-11",
            "price": "12.34",
            "revenue": 89116
        },
        "2018-12": {
            "month": "2018-12",
            "price": "12.61",
            "revenue": 88311
        },
        "2019-01": {
            "month": "2019-01",
            "price": "12.56",
            "revenue": 141727
        },
        "2019-02": {
            "month": "2019-02",
            "price": "13.19",
            "revenue": 75774
        },
        "2019-03": {
            "month": "2019-03",
            "price": "13.21",
            "revenue": 97974
        },
        "2019-04": {
            "month": "2019-04",
            "price": "13.14",
            "revenue": 97190
        },
        "2019-05": {
            "month": "2019-05",
            "price": "13.23",
            "revenue": 90384
        },
        "2019-06": {
            "month": "2019-06",
            "price": "13.37",
            "revenue": 91988
        },
        "2019-07": {
            "month": "2019-07",
            "price": "13.17",
            "revenue": 90429
        },
        "2019-08": {
            "month": "2019-08",
            "price": "12.95",
            "revenue": 88022
        },
        "2019-09": {
            "month": "2019-09",
            "price": "13.19",
            "revenue": 80346
        },
        "2019-10": {
            "month": "2019-10",
            "price": "13.26",
            "revenue": 85606
        },
        "2019-11": {
            "month": "2019-11",
            "price": "13.28",
            "revenue": 77832
        },
        "2019-12": {
            "month": "2019-12",
            "price": "13.21",
            "revenue": 83591
        },
        "2020-01": {
            "month": "2020-01",
            "price": "13.45",
            "revenue": 107813
        },
        "2020-02": {
            "month": "2020-02",
            "price": "14.29",
            "revenue": 72801
        },
        "2020-03": {
            "month": "2020-03",
            "price": "12.90",
            "revenue": 84445
        },
        "2020-04": {
            "month": "2020-04",
            "price": "12.54",
            "revenue": 74732
        },
        "2020-05": {
            "month": "2020-05",
            "price": "13.97",
            "revenue": 71210
        },
        "2020-06": {
            "month": "2020-06",
            "price": "14.38",
            "revenue": 93039
        },
        "2020-07": {
            "month": "2020-07",
            "price": "17.06",
            "revenue": 93714
        },
        "2020-08": {
            "month": "2020-08",
            "price": "17.04",
            "revenue": 98741
        },
        "2020-09": {
            "month": "2020-09",
            "price": "16.90",
            "revenue": 99118
        },
        "2020-10": {
            "month": "2020-10",
            "price": "16.67",
            "revenue": 87151
        },
        "2020-11": {
            "month": "2020-11",
            "price": "17.44",
            "revenue": 91285
        },
        "2020-12": {
            "month": "2020-12",
            "price": "17.01",
            "revenue": 91277
        },
        "2021-01": {
            "month": "2021-01",
            "price": "16.97",
            "revenue": 126627
        },
        "2021-02": {
            "month": "2021-02",
            "price": "17.48",
            "revenue": 88759
        },
        "2021-03": {
            "month": "2021-03",
            "price": "18.74",
            "revenue": 93247
        },
        "2021-04": {
            "month": "2021-04",
            "price": "19.64",
            "revenue": 116540
        },
        "2021-05": {
            "month": "2021-05",
            "price": "20.63",
            "revenue": 99623
        },
        "2021-06": {
            "month": "2021-06",
            "price": "20.50",
            "revenue": 94571
        },
        "2021-07": {
            "month": "2021-07",
            "price": "19.78",
            "revenue": 118445
        },
        "2021-08": {
            "month": "2021-08",
            "price": "18.35",
            "revenue": 105984
        },
        "2021-09": {
            "month": "2021-09",
            "price": "18.66",
            "revenue": 115887
        },
        "2021-10": {
            "month": "2021-10",
            "price": "18.94",
            "revenue": 102193
        },
        "2021-11": {
            "month": "2021-11",
            "price": "19.32",
            "revenue": 116047
        },
        "2021-12": {
            "month": "2021-12",
            "price": "19.34",
            "revenue": 111288
        },
        "2022-01": {
            "month": "2022-01",
            "price": "19.35",
            "revenue": 154000
        },
        "2022-02": {
            "month": "2022-02",
            "price": "19.61",
            "revenue": 86385
        },
        "2022-03": {
            "month": "2022-03",
            "price": "19.87",
            "revenue": 98009
        },
        "2022-04": {
            "month": "2022-04",
            "price": "20.40",
            "revenue": 92431
        },
        "2022-05": {
            "month": "2022-05",
            "price": "19.49",
            "revenue": 80626
        },
        "2022-06": {
            "month": "2022-06",
            "price": "19.08",
            "revenue": 117402
        },
        "2022-07": {
            "month": "2022-07",
            "price": "17.30",
            "revenue": 105362
        },
        "2022-08": {
            "month": "2022-08",
            "price": "18.10",
            "revenue": 103953
        },
        "2022-09": {
            "month": "2022-09",
            "price": "18.41",
            "revenue": 98291
        },
        "2022-10": {
            "month": "2022-10",
            "price": "17.80",
            "revenue": 104459
        },
        "2022-11": {
            "month": "2022-11",
            "price": "18.06",
            "revenue": 95165
        },
        "2022-12": {
            "month": "2022-12",
            "price": "19.02",
            "revenue": 109021
        },
        "2023-01": {
            "month": "2023-01",
            "price": "19.57",
            "revenue": 119473
        },
        "2023-02": {
            "month": "2023-02",
            "price": "19.69",
            "revenue": 90679
        },
        "2023-03": {
            "month": "2023-03",
            "price": "19.71",
            "revenue": 134821
        },
        "2023-04": {
            "month": "2023-04",
            "price": "20.35",
            "revenue": 106407
        },
        "2023-05": {
            "month": "2023-05",
            "price": "22.95",
            "revenue": 104374
        }
    }
}
