{
    "summary": {
        "stock_name": "毛寶",
        "stock_id": "1732",
        "category": "化工",
        "main_business": "清潔用品、化粧品製造批發及零售;輔助食品批發<br>國際貿易、雜項化學及其他雜項工業製品製造<br>西藥、環境衛生用藥及家庭日常用品批發零售",
        "website_url": "http://www.maobao.com.tw",
        "ceo": "陳逸弘",
        "pe_ratio": -200,
        "report_year_from": 2001,
        "report_year_to": 2023,
        "age": 23,
        "eps_negative_percentage": 30,
        "eps_growth_avg": {
            "last_all": -34.67,
            "last_2y": -74.27,
            "last_4y": -13.53,
            "last_8y": -11.27,
            "last_12y": -29.13,
            "last_16y": -21.59,
            "last_20y": -32.05,
            "at_2006_last_3y": -100,
            "at_2007_last_3y": -56.67,
            "at_2008_last_3y": -43.21,
            "at_2009_last_3y": 4.53,
            "at_2010_last_3y": -4.63,
            "at_2011_last_3y": -11.29,
            "at_2012_last_3y": -6.66,
            "at_2013_last_3y": -56.66,
            "at_2014_last_3y": -64.85,
            "at_2015_last_3y": -77.27,
            "at_2016_last_3y": -100,
            "at_2017_last_3y": null,
            "at_2018_last_3y": -0,
            "at_2019_last_3y": 50,
            "at_2020_last_3y": 51.72,
            "at_2021_last_3y": 26.57,
            "at_2022_last_3y": 8.09,
            "at_2023_last_3y": -41.91,
            "at_2024_last_3y": -41.91,
            "at_2006_last_all": -91.36,
            "at_2007_last_all": -71.85,
            "at_2008_last_all": -72.1,
            "at_2009_last_all": -43.41,
            "at_2010_last_all": -41.8,
            "at_2011_last_all": -41.57,
            "at_2012_last_all": -43.01,
            "at_2013_last_all": -48.71,
            "at_2014_last_all": -48.71,
            "at_2015_last_all": -48.71,
            "at_2016_last_all": -48.71,
            "at_2017_last_all": -48.71,
            "at_2018_last_all": -44.28,
            "at_2019_last_all": -32.26,
            "at_2020_last_all": -25.54,
            "at_2021_last_all": -27.2,
            "at_2022_last_all": -30.32,
            "at_2023_last_all": -34.67,
            "at_2024_last_all": -34.67
        },
        "latest_eps": -0.14,
        "latest_price": 28.05,
        "latest_roe": -1.26,
        "latest_gross_margin": 39.22,
        "latest_equity": 476885,
        "latest_revenue": 136612,
        "latest_gross_profit": 53580,
        "latest_net_income": -5018,
        "latest_debt_ratio": 26.85,
        "latest_current_ratio": 283.03,
        "latest_account_receivable_turnover_ratio": 1.53,
        "latest_inventory_turnover_ratio": 0.92,
        "latest_reinvestment_rate": 18.7,
        "latest_research_to_sale_ratio": 0.8
    },
    "eps_dividends": {
        "1998": {
            "cash": 0.75,
            "stock": 0.75,
            "eps": 0
        },
        "1999": {
            "cash": 1,
            "stock": 1,
            "eps": 0
        },
        "2000": {
            "cash": 0,
            "stock": 1.5,
            "eps": 0
        },
        "2001": {
            "cash": 0.5,
            "stock": 0.5,
            "eps": 0.27
        },
        "2002": {
            "cash": 0,
            "stock": 0,
            "eps": 0.07
        },
        "2003": {
            "cash": 0,
            "stock": 0,
            "eps": 0
        },
        "2004": {
            "cash": 0,
            "stock": 0,
            "eps": -0.69
        },
        "2005": {
            "cash": 0,
            "stock": 0,
            "eps": -0.06
        },
        "2006": {
            "cash": 0,
            "stock": 0,
            "eps": 0.6
        },
        "2007": {
            "cash": 0,
            "stock": 0,
            "eps": 0.52
        },
        "2008": {
            "cash": 0.5,
            "stock": 0,
            "eps": 0.14
        },
        "2009": {
            "cash": 0,
            "stock": 0,
            "eps": 0.81
        },
        "2010": {
            "cash": 0.6,
            "stock": 0,
            "eps": 0.55
        },
        "2011": {
            "cash": 0.9,
            "stock": 0,
            "eps": 0.33
        },
        "2012": {
            "cash": 0,
            "stock": 0,
            "eps": 0.15
        },
        "2013": {
            "cash": 0,
            "stock": 0,
            "eps": -0.21
        },
        "2014": {
            "cash": 0,
            "stock": 0,
            "eps": -0.23
        },
        "2015": {
            "cash": 0,
            "stock": 0,
            "eps": -0.2
        },
        "2016": {
            "cash": 0,
            "stock": 0,
            "eps": -0.57
        },
        "2017": {
            "cash": 0,
            "stock": 0,
            "eps": 0.16
        },
        "2018": {
            "cash": 0,
            "stock": 0,
            "eps": 0.16
        },
        "2019": {
            "cash": 0,
            "stock": 0,
            "eps": 0.58
        },
        "2020": {
            "cash": 0,
            "stock": 0,
            "eps": 0.9
        },
        "2021": {
            "cash": 0.5,
            "stock": 0,
            "eps": 0.46
        },
        "2022": {
            "cash": 0.35,
            "stock": 0,
            "eps": 0.12
        },
        "2023": {
            "cash": 0,
            "stock": 0,
            "eps": -0.14
        }
    },
    "dividends": {
        "1998-05-12": {
            "cash": 0.75,
            "stock": 0.75
        },
        "1999-03-17": {
            "cash": 1,
            "stock": 1
        },
        "2000-06-15": {
            "cash": 0,
            "stock": 1.5
        },
        "2001-05-15": {
            "cash": 0.5,
            "stock": 0.5
        },
        "2008-03-27": {
            "cash": 0.5,
            "stock": 0
        },
        "2010-03-30": {
            "cash": 0.6,
            "stock": 0
        },
        "2011-01-01": {
            "cash": 0.4,
            "stock": 0
        },
        "2011-03-28": {
            "cash": 0.5,
            "stock": 0
        },
        "2021-10-15": {
            "cash": 0.5,
            "stock": 0
        },
        "2022-09-30": {
            "cash": 0.35,
            "stock": 0
        }
    },
    "prices": {
        "200101": "無",
        "200102": "無",
        "200103": "無",
        "200104": "無",
        "200105": "無",
        "200106": "無",
        "200107": "無",
        "200108": "無",
        "200109": "9.16",
        "200110": "9.09",
        "200111": "8.84",
        "200112": "10.25",
        "200201": "9.94",
        "200202": "9.84",
        "200203": "10.73",
        "200204": "12.00",
        "200205": "10.57",
        "200206": "11.59",
        "200207": "10.65",
        "200208": "9.80",
        "200209": "8.42",
        "200210": "7.03",
        "200211": "7.74",
        "200212": "8.19",
        "200301": "8.64",
        "200302": "8.24",
        "200303": "7.85",
        "200304": "8.55",
        "200305": "12.93",
        "200306": "10.86",
        "200307": "10.23",
        "200308": "10.37",
        "200309": "11.59",
        "200310": "12.32",
        "200311": "12.34",
        "200312": "12.42",
        "200401": "12.48",
        "200402": "13.53",
        "200403": "11.69",
        "200404": "10.95",
        "200405": "9.69",
        "200406": "8.86",
        "200407": "8.40",
        "200408": "7.89",
        "200409": "7.92",
        "200410": "8.00",
        "200411": "7.80",
        "200412": "7.93",
        "200501": "9.23",
        "200502": "9.22",
        "200503": "8.79",
        "200504": "8.20",
        "200505": "7.95",
        "200506": "8.42",
        "200507": "8.31",
        "200508": "8.39",
        "200509": "8.22",
        "200510": "10.37",
        "200511": "16.27",
        "200512": "15.79",
        "200601": "15.33",
        "200602": "15.94",
        "200603": "16.12",
        "200604": "15.34",
        "200605": "14.31",
        "200606": "13.24",
        "200607": "12.18",
        "200608": "11.77",
        "200609": "12.30",
        "200610": "14.04",
        "200611": "14.39",
        "200612": "14.53",
        "200701": "14.60",
        "200702": "14.44",
        "200703": "12.93",
        "200704": "13.60",
        "200705": "13.74",
        "200706": "13.94",
        "200707": "15.71",
        "200708": "13.87",
        "200709": "13.79",
        "200710": "13.71",
        "200711": "12.09",
        "200712": "11.78",
        "200801": "11.31",
        "200802": "11.42",
        "200803": "12.56",
        "200804": "13.34",
        "200805": "14.85",
        "200806": "13.50",
        "200807": "11.00",
        "200808": "10.40",
        "200809": "9.50",
        "200810": "8.76",
        "200811": "8.38",
        "200812": "8.65",
        "200901": "8.47",
        "200902": "8.69",
        "200903": "8.71",
        "200904": "10.03",
        "200905": "14.19",
        "200906": "12.82",
        "200907": "13.17",
        "200908": "18.66",
        "200909": "20.77",
        "200910": "19.83",
        "200911": "19.59",
        "200912": "17.73",
        "201001": "16.96",
        "201002": "13.53",
        "201003": "14.52",
        "201004": "16.00",
        "201005": "15.31",
        "201006": "14.91",
        "201007": "15.12",
        "201008": "16.41",
        "201009": "16.98",
        "201010": "16.83",
        "201011": "15.95",
        "201012": "16.25",
        "201101": "17.88",
        "201102": "18.05",
        "201103": "17.60",
        "201104": "18.03",
        "201105": "17.55",
        "201106": "17.50",
        "201107": "17.11",
        "201108": "16.55",
        "201109": "16.28",
        "201110": "16.18",
        "201111": "15.49",
        "201112": "13.61",
        "201201": "14.02",
        "201202": "14.42",
        "201203": "15.54",
        "201204": "14.08",
        "201205": "13.83",
        "201206": "13.95",
        "201207": "13.80",
        "201208": "14.21",
        "201209": "14.19",
        "201210": "14.14",
        "201211": "13.90",
        "201212": "14.04",
        "201301": "14.37",
        "201302": "14.37",
        "201303": "14.06",
        "201304": "15.63",
        "201305": "13.97",
        "201306": "12.82",
        "201307": "11.85",
        "201308": "11.80",
        "201309": "11.60",
        "201310": "12.21",
        "201311": "12.54",
        "201312": "12.76",
        "201401": "12.85",
        "201402": "12.50",
        "201403": "11.98",
        "201404": "11.83",
        "201405": "11.79",
        "201406": "11.92",
        "201407": "12.10",
        "201408": "12.51",
        "201409": "12.38",
        "201410": "14.90",
        "201411": "14.62",
        "201412": "13.62",
        "201501": "15.23",
        "201502": "14.48",
        "201503": "14.31",
        "201504": "13.73",
        "201505": "13.57",
        "201506": "16.27",
        "201507": "12.78",
        "201508": "12.20",
        "201509": "12.71",
        "201510": "12.84",
        "201511": "12.99",
        "201512": "12.93",
        "201601": "12.76",
        "201602": "13.73",
        "201603": "13.64",
        "201604": "13.37",
        "201605": "13.05",
        "201606": "13.13",
        "201607": "13.06",
        "201608": "13.28",
        "201609": "13.53",
        "201610": "13.32",
        "201611": "13.25",
        "201612": "13.48",
        "201701": "13.48",
        "201702": "13.94",
        "201703": "13.34",
        "201704": "12.59",
        "201705": "12.52",
        "201706": "12.63",
        "201707": "12.52",
        "201708": "12.52",
        "201709": "12.56",
        "201710": "12.51",
        "201711": "12.46",
        "201712": "12.44",
        "201801": "12.70",
        "201802": "12.24",
        "201803": "12.25",
        "201804": "12.12",
        "201805": "11.89",
        "201806": "11.82",
        "201807": "11.51",
        "201808": "11.36",
        "201809": "11.26",
        "201810": "10.14",
        "201811": "9.64",
        "201812": "10.62",
        "201901": "11.11",
        "201902": "10.86",
        "201903": "10.42",
        "201904": "10.58",
        "201905": "10.57",
        "201906": "10.48",
        "201907": "10.43",
        "201908": "10.09",
        "201909": "10.12",
        "201910": "10.08",
        "201911": "10.42",
        "201912": "10.61",
        "202001": "13.84",
        "202002": "22.20",
        "202003": "28.05",
        "202004": "29.58",
        "202005": "33.22",
        "202006": "29.88",
        "202007": "26.59",
        "202008": "25.93",
        "202009": "23.09",
        "202010": "20.93",
        "202011": "22.37",
        "202012": "21.86",
        "202101": "27.07",
        "202102": "28.11",
        "202103": "25.51",
        "202104": "26.15",
        "202105": "37.35",
        "202106": "36.99",
        "202107": "31.10",
        "202108": "27.02",
        "202109": "27.91",
        "202110": "25.05",
        "202111": "26.24",
        "202112": "32.10",
        "202201": "45.24",
        "202202": "36.71",
        "202203": "34.81",
        "202204": "45.96",
        "202205": "36.28",
        "202206": "31.23",
        "202207": "28.80",
        "202208": "32.25",
        "202209": "33.48",
        "202210": "27.38",
        "202211": "29.08",
        "202212": "31.29",
        "202301": "30.43",
        "202302": "29.63",
        "202303": "28.49",
        "202304": "28.03",
        "202305": "27.56",
        "202306": "28.12",
        "202307": "27.25",
        "202308": "25.28",
        "202309": "24.79",
        "202310": "24.16",
        "202311": "24.84",
        "202312": "30.54",
        "202401": "32.88",
        "202402": "30.98",
        "202403": "28.60",
        "202404": "無"
    },
    "quarters": {
        "20011": {
            "year_quarter": 20011,
            "year": 2001,
            "quarter": 1,
            "eps": 0.26,
            "eps_growth_year": -10.34,
            "eps_4q": 0.85,
            "eps_4q_growth_year": -28.81,
            "roe": 2.16,
            "roe_4q": 2.16,
            "gross_profit": 61725,
            "gross_margin": 49.13,
            "gross_margin_4q_avg": 49.13,
            "net_income": 10240,
            "net_income_4q": null,
            "revenue": 125628,
            "revenue_4q": null,
            "common_shares": 396302,
            "book_valuer_per_share": 12.11,
            "book_valuer_per_share_4q_avg": 12.11,
            "equity": 479755,
            "current_ratio": 499.14,
            "debt_ratio": 16.18,
            "inventory_turnover_ratio": 0.57,
            "account_receivable_turnover_ratio": null,
            "reinvestment_rate": null,
            "research_to_sale_ratio": null,
            "price_fair": 0,
            "eps_avg_yearly": 0,
            "eps_latest_yearly": 0,
            "eps_growth_yearly": 0
        },
        "20012": {
            "year_quarter": 20012,
            "year": 2001,
            "quarter": 2,
            "eps": 0.08,
            "eps_growth_year": -61.9,
            "eps_4q": 0.72,
            "eps_4q_growth_year": -35.65,
            "roe": 0.69,
            "roe_4q": 2.85,
            "gross_profit": 54819,
            "gross_margin": 48.11,
            "gross_margin_4q_avg": 48.62,
            "net_income": 3252,
            "net_income_4q": null,
            "revenue": 113946,
            "revenue_4q": null,
            "common_shares": 396302,
            "book_valuer_per_share": 11.66,
            "book_valuer_per_share_4q_avg": 11.89,
            "equity": 461998,
            "current_ratio": 422.63,
            "debt_ratio": 18.48,
            "inventory_turnover_ratio": 0.53,
            "account_receivable_turnover_ratio": null,
            "reinvestment_rate": null,
            "research_to_sale_ratio": null,
            "price_fair": 0,
            "eps_avg_yearly": 0,
            "eps_latest_yearly": 0,
            "eps_growth_yearly": 0
        },
        "20013": {
            "year_quarter": 20013,
            "year": 2001,
            "quarter": 3,
            "eps": -0.06,
            "eps_growth_year": -133.33,
            "eps_4q": 0.48,
            "eps_4q_growth_year": -53.33,
            "roe": -0.53,
            "roe_4q": 2.3200000000000003,
            "gross_profit": 45138,
            "gross_margin": 45.92,
            "gross_margin_4q_avg": 47.72,
            "net_income": -2424,
            "net_income_4q": null,
            "revenue": 98296,
            "revenue_4q": null,
            "common_shares": 416117,
            "book_valuer_per_share": 11.04,
            "book_valuer_per_share_4q_avg": 11.6,
            "equity": 459574,
            "current_ratio": 523.33,
            "debt_ratio": 15.89,
            "inventory_turnover_ratio": 0.48,
            "account_receivable_turnover_ratio": null,
            "reinvestment_rate": null,
            "research_to_sale_ratio": null,
            "price_fair": 0,
            "eps_avg_yearly": 0,
            "eps_latest_yearly": 0,
            "eps_growth_yearly": 0
        },
        "20014": {
            "year_quarter": 20014,
            "year": 2001,
            "quarter": 4,
            "eps": -0.01,
            "eps_growth_year": -104.55,
            "eps_4q": 0.26,
            "eps_4q_growth_year": -68.92,
            "roe": -0.1,
            "roe_4q": 2.22,
            "gross_profit": 56255,
            "gross_margin": 48.72,
            "gross_margin_4q_avg": 47.97,
            "net_income": -456,
            "net_income_4q": null,
            "revenue": 115463,
            "revenue_4q": null,
            "common_shares": 416117,
            "book_valuer_per_share": 11.03,
            "book_valuer_per_share_4q_avg": 11.46,
            "equity": 459118,
            "current_ratio": 540.23,
            "debt_ratio": 15.64,
            "inventory_turnover_ratio": 0.55,
            "account_receivable_turnover_ratio": null,
            "reinvestment_rate": null,
            "research_to_sale_ratio": null,
            "price_fair": 0,
            "eps_avg_yearly": 0,
            "eps_latest_yearly": 0,
            "eps_growth_yearly": 0
        },
        "20021": {
            "year_quarter": 20021,
            "year": 2002,
            "quarter": 1,
            "eps": 0.08,
            "eps_growth_year": -69.23,
            "eps_4q": 0.09,
            "eps_4q_growth_year": -89.46,
            "roe": 0.7,
            "roe_4q": 0.7599999999999999,
            "gross_profit": 50921,
            "gross_margin": 47.04,
            "gross_margin_4q_avg": 47.45,
            "net_income": 3243,
            "net_income_4q": null,
            "revenue": 108252,
            "revenue_4q": null,
            "common_shares": 416117,
            "book_valuer_per_share": 11.11,
            "book_valuer_per_share_4q_avg": 11.21,
            "equity": 462361,
            "current_ratio": 619.28,
            "debt_ratio": 14.5,
            "inventory_turnover_ratio": 0.55,
            "account_receivable_turnover_ratio": null,
            "reinvestment_rate": null,
            "research_to_sale_ratio": null,
            "price_fair": 0,
            "eps_avg_yearly": 0,
            "eps_latest_yearly": 0,
            "eps_growth_yearly": 0
        },
        "20022": {
            "year_quarter": 20022,
            "year": 2002,
            "quarter": 2,
            "eps": -0.03,
            "eps_growth_year": -137.5,
            "eps_4q": -0.02,
            "eps_4q_growth_year": -102.84,
            "roe": -0.26,
            "roe_4q": -0.19000000000000006,
            "gross_profit": 43489,
            "gross_margin": 42.54,
            "gross_margin_4q_avg": 46.06,
            "net_income": -1218,
            "net_income_4q": null,
            "revenue": 102222,
            "revenue_4q": null,
            "common_shares": 416117,
            "book_valuer_per_share": 11.07,
            "book_valuer_per_share_4q_avg": 11.06,
            "equity": 460761,
            "current_ratio": 588.65,
            "debt_ratio": 15.18,
            "inventory_turnover_ratio": 0.59,
            "account_receivable_turnover_ratio": null,
            "reinvestment_rate": null,
            "research_to_sale_ratio": null,
            "price_fair": 0,
            "eps_avg_yearly": 0,
            "eps_latest_yearly": 0,
            "eps_growth_yearly": 0
        },
        "20023": {
            "year_quarter": 20023,
            "year": 2002,
            "quarter": 3,
            "eps": -0.15,
            "eps_growth_year": null,
            "eps_4q": -0.11,
            "eps_4q_growth_year": -123.86,
            "roe": -1.38,
            "roe_4q": -1.04,
            "gross_profit": 40796,
            "gross_margin": 42.87,
            "gross_margin_4q_avg": 45.29,
            "net_income": -6292,
            "net_income_4q": null,
            "revenue": 95163,
            "revenue_4q": null,
            "common_shares": 416117,
            "book_valuer_per_share": 10.92,
            "book_valuer_per_share_4q_avg": 11.03,
            "equity": 454469,
            "current_ratio": 543.15,
            "debt_ratio": 15.72,
            "inventory_turnover_ratio": 0.57,
            "account_receivable_turnover_ratio": null,
            "reinvestment_rate": null,
            "research_to_sale_ratio": null,
            "price_fair": 0,
            "eps_avg_yearly": 0,
            "eps_latest_yearly": 0,
            "eps_growth_yearly": 0
        },
        "20024": {
            "year_quarter": 20024,
            "year": 2002,
            "quarter": 4,
            "eps": 0.17,
            "eps_growth_year": null,
            "eps_4q": 0.07,
            "eps_4q_growth_year": -74.84,
            "roe": 1.51,
            "roe_4q": 0.5700000000000001,
            "gross_profit": 55529,
            "gross_margin": 46.27,
            "gross_margin_4q_avg": 44.68,
            "net_income": 6936,
            "net_income_4q": null,
            "revenue": 120023,
            "revenue_4q": null,
            "common_shares": 416117,
            "book_valuer_per_share": 11.09,
            "book_valuer_per_share_4q_avg": 11.05,
            "equity": 461405,
            "current_ratio": 619.18,
            "debt_ratio": 14.73,
            "inventory_turnover_ratio": 0.68,
            "account_receivable_turnover_ratio": null,
            "reinvestment_rate": 75.49,
            "research_to_sale_ratio": null,
            "price_fair": 0,
            "eps_avg_yearly": 0,
            "eps_latest_yearly": 0,
            "eps_growth_yearly": 0
        },
        "20031": {
            "year_quarter": 20031,
            "year": 2003,
            "quarter": 1,
            "eps": 0.22,
            "eps_growth_year": 175,
            "eps_4q": 0.21,
            "eps_4q_growth_year": 131.42,
            "roe": 1.99,
            "roe_4q": 1.86,
            "gross_profit": 55280,
            "gross_margin": 48.74,
            "gross_margin_4q_avg": 45.11,
            "net_income": 9269,
            "net_income_4q": null,
            "revenue": 113419,
            "revenue_4q": null,
            "common_shares": 416117,
            "book_valuer_per_share": 11.31,
            "book_valuer_per_share_4q_avg": 11.1,
            "equity": 470674,
            "current_ratio": 690.87,
            "debt_ratio": 13.87,
            "inventory_turnover_ratio": 0.62,
            "account_receivable_turnover_ratio": null,
            "reinvestment_rate": 84.63,
            "research_to_sale_ratio": null,
            "price_fair": 30.8,
            "eps_avg_yearly": 0.88,
            "eps_latest_yearly": 0.88,
            "eps_growth_yearly": 117.65
        },
        "20032": {
            "year_quarter": 20032,
            "year": 2003,
            "quarter": 2,
            "eps": 0.07,
            "eps_growth_year": null,
            "eps_4q": 0.3,
            "eps_4q_growth_year": null,
            "roe": 0.64,
            "roe_4q": 2.76,
            "gross_profit": 58194,
            "gross_margin": 45.56,
            "gross_margin_4q_avg": 45.86,
            "net_income": 3044,
            "net_income_4q": null,
            "revenue": 127731,
            "revenue_4q": null,
            "common_shares": 416117,
            "book_valuer_per_share": 11.38,
            "book_valuer_per_share_4q_avg": 11.18,
            "equity": 473478,
            "current_ratio": 652.73,
            "debt_ratio": 14.61,
            "inventory_turnover_ratio": 0.77,
            "account_receivable_turnover_ratio": null,
            "reinvestment_rate": 86.71,
            "research_to_sale_ratio": null,
            "price_fair": 1.74,
            "eps_avg_yearly": 0.58,
            "eps_latest_yearly": 0.28,
            "eps_growth_yearly": -77.54
        },
        "20033": {
            "year_quarter": 20033,
            "year": 2003,
            "quarter": 3,
            "eps": -0.13,
            "eps_growth_year": null,
            "eps_4q": 0.33,
            "eps_4q_growth_year": null,
            "roe": -1.17,
            "roe_4q": 2.9699999999999998,
            "gross_profit": 48103,
            "gross_margin": 42.83,
            "gross_margin_4q_avg": 45.85,
            "net_income": -5518,
            "net_income_4q": null,
            "revenue": 112316,
            "revenue_4q": null,
            "common_shares": 416117,
            "book_valuer_per_share": 11.25,
            "book_valuer_per_share_4q_avg": 11.26,
            "equity": 467960,
            "current_ratio": 602.15,
            "debt_ratio": 15.64,
            "inventory_turnover_ratio": 0.73,
            "account_receivable_turnover_ratio": null,
            "reinvestment_rate": 73.93,
            "research_to_sale_ratio": null,
            "price_fair": 1.74,
            "eps_avg_yearly": 0.58,
            "eps_latest_yearly": 0.28,
            "eps_growth_yearly": -77.54
        },
        "20034": {
            "year_quarter": 20034,
            "year": 2003,
            "quarter": 4,
            "eps": -0.16,
            "eps_growth_year": -194.12,
            "eps_4q": 0,
            "eps_4q_growth_year": -92.62,
            "roe": -1.42,
            "roe_4q": 0.04000000000000026,
            "gross_profit": 58187,
            "gross_margin": 41.05,
            "gross_margin_4q_avg": 44.55,
            "net_income": -6590,
            "net_income_4q": null,
            "revenue": 141737,
            "revenue_4q": null,
            "common_shares": 424439,
            "book_valuer_per_share": 10.87,
            "book_valuer_per_share_4q_avg": 11.2,
            "equity": 461370,
            "current_ratio": 575.28,
            "debt_ratio": 16.47,
            "inventory_turnover_ratio": 0.96,
            "account_receivable_turnover_ratio": null,
            "reinvestment_rate": 57.8,
            "research_to_sale_ratio": null,
            "price_fair": 1.74,
            "eps_avg_yearly": 0.58,
            "eps_latest_yearly": 0.28,
            "eps_growth_yearly": -77.54
        },
        "20041": {
            "year_quarter": 20041,
            "year": 2004,
            "quarter": 1,
            "eps": 0.18,
            "eps_growth_year": -18.18,
            "eps_4q": -0.03,
            "eps_4q_growth_year": -116.08,
            "roe": 1.65,
            "roe_4q": -0.29999999999999993,
            "gross_profit": 55454,
            "gross_margin": 44.9,
            "gross_margin_4q_avg": 43.59,
            "net_income": 7653,
            "net_income_4q": null,
            "revenue": 123505,
            "revenue_4q": null,
            "common_shares": 424439,
            "book_valuer_per_share": 11.05,
            "book_valuer_per_share_4q_avg": 11.14,
            "equity": 469023,
            "current_ratio": 693.7,
            "debt_ratio": 13.8,
            "inventory_turnover_ratio": 0.76,
            "account_receivable_turnover_ratio": null,
            "reinvestment_rate": 32.38,
            "research_to_sale_ratio": null,
            "price_fair": 1.74,
            "eps_avg_yearly": 0.58,
            "eps_latest_yearly": 0.28,
            "eps_growth_yearly": -77.54
        },
        "20042": {
            "year_quarter": 20042,
            "year": 2004,
            "quarter": 2,
            "eps": -0.07,
            "eps_growth_year": -200,
            "eps_4q": -0.17,
            "eps_4q_growth_year": -157.65,
            "roe": -0.61,
            "roe_4q": -1.5499999999999998,
            "gross_profit": 52279,
            "gross_margin": 41.92,
            "gross_margin_4q_avg": 42.68,
            "net_income": -2836,
            "net_income_4q": null,
            "revenue": 124697,
            "revenue_4q": null,
            "common_shares": 424439,
            "book_valuer_per_share": 10.98,
            "book_valuer_per_share_4q_avg": 11.04,
            "equity": 466187,
            "current_ratio": 701.85,
            "debt_ratio": 14.35,
            "inventory_turnover_ratio": 0.82,
            "account_receivable_turnover_ratio": null,
            "reinvestment_rate": -24.89,
            "research_to_sale_ratio": null,
            "price_fair": 1.74,
            "eps_avg_yearly": 0.58,
            "eps_latest_yearly": 0.28,
            "eps_growth_yearly": -77.54
        },
        "20043": {
            "year_quarter": 20043,
            "year": 2004,
            "quarter": 3,
            "eps": -0.34,
            "eps_growth_year": null,
            "eps_4q": -0.38,
            "eps_4q_growth_year": -216.25,
            "roe": -3.16,
            "roe_4q": -3.54,
            "gross_profit": 44577,
            "gross_margin": 42.97,
            "gross_margin_4q_avg": 42.71,
            "net_income": -14509,
            "net_income_4q": null,
            "revenue": 103744,
            "revenue_4q": null,
            "common_shares": 424439,
            "book_valuer_per_share": 10.64,
            "book_valuer_per_share_4q_avg": 10.89,
            "equity": 451678,
            "current_ratio": 701.7,
            "debt_ratio": 14.66,
            "inventory_turnover_ratio": 0.67,
            "account_receivable_turnover_ratio": null,
            "reinvestment_rate": -180.26,
            "research_to_sale_ratio": null,
            "price_fair": 1.74,
            "eps_avg_yearly": 0.58,
            "eps_latest_yearly": 0.28,
            "eps_growth_yearly": -77.54
        },
        "20044": {
            "year_quarter": 20044,
            "year": 2004,
            "quarter": 4,
            "eps": -0.46,
            "eps_growth_year": null,
            "eps_4q": -0.69,
            "eps_4q_growth_year": -14385.71,
            "roe": -4.46,
            "roe_4q": -6.58,
            "gross_profit": 45518,
            "gross_margin": 36.04,
            "gross_margin_4q_avg": 41.46,
            "net_income": -19718,
            "net_income_4q": null,
            "revenue": 126290,
            "revenue_4q": null,
            "common_shares": 424439,
            "book_valuer_per_share": 10.18,
            "book_valuer_per_share_4q_avg": 10.71,
            "equity": 431960,
            "current_ratio": 463.34,
            "debt_ratio": 18.7,
            "inventory_turnover_ratio": 0.96,
            "account_receivable_turnover_ratio": null,
            "reinvestment_rate": null,
            "research_to_sale_ratio": null,
            "price_fair": 1.74,
            "eps_avg_yearly": 0.58,
            "eps_latest_yearly": 0.28,
            "eps_growth_yearly": -77.54
        },
        "20051": {
            "year_quarter": 20051,
            "year": 2005,
            "quarter": 1,
            "eps": -0.03,
            "eps_growth_year": -116.67,
            "eps_4q": -0.9,
            "eps_4q_growth_year": null,
            "roe": -0.29,
            "roe_4q": -8.52,
            "gross_profit": 53372,
            "gross_margin": 44.59,
            "gross_margin_4q_avg": 41.38,
            "net_income": -1276,
            "net_income_4q": null,
            "revenue": 119696,
            "revenue_4q": null,
            "common_shares": 424439,
            "book_valuer_per_share": 10.34,
            "book_valuer_per_share_4q_avg": 10.54,
            "equity": 438796,
            "current_ratio": 578.6,
            "debt_ratio": 14.94,
            "inventory_turnover_ratio": 0.85,
            "account_receivable_turnover_ratio": null,
            "reinvestment_rate": null,
            "research_to_sale_ratio": null,
            "price_fair": 1.74,
            "eps_avg_yearly": 0.58,
            "eps_latest_yearly": 0.28,
            "eps_growth_yearly": -77.54
        },
        "20052": {
            "year_quarter": 20052,
            "year": 2005,
            "quarter": 2,
            "eps": -0.06,
            "eps_growth_year": null,
            "eps_4q": -0.89,
            "eps_4q_growth_year": null,
            "roe": -0.54,
            "roe_4q": -8.45,
            "gross_profit": 49257,
            "gross_margin": 42.05,
            "gross_margin_4q_avg": 41.41,
            "net_income": -2363,
            "net_income_4q": null,
            "revenue": 117146,
            "revenue_4q": null,
            "common_shares": 424439,
            "book_valuer_per_share": 10.28,
            "book_valuer_per_share_4q_avg": 10.36,
            "equity": 436433,
            "current_ratio": 508.34,
            "debt_ratio": 16.28,
            "inventory_turnover_ratio": 0.93,
            "account_receivable_turnover_ratio": null,
            "reinvestment_rate": null,
            "research_to_sale_ratio": null,
            "price_fair": 1.74,
            "eps_avg_yearly": 0.58,
            "eps_latest_yearly": 0.28,
            "eps_growth_yearly": -77.54
        },
        "20053": {
            "year_quarter": 20053,
            "year": 2005,
            "quarter": 3,
            "eps": 0,
            "eps_growth_year": null,
            "eps_4q": -0.55,
            "eps_4q_growth_year": null,
            "roe": -0.04,
            "roe_4q": -5.33,
            "gross_profit": 56446,
            "gross_margin": 47.04,
            "gross_margin_4q_avg": 42.43,
            "net_income": -188,
            "net_income_4q": null,
            "revenue": 119983,
            "revenue_4q": null,
            "common_shares": 424439,
            "book_valuer_per_share": 10.28,
            "book_valuer_per_share_4q_avg": 10.27,
            "equity": 436245,
            "current_ratio": 461.95,
            "debt_ratio": 17.48,
            "inventory_turnover_ratio": 0.91,
            "account_receivable_turnover_ratio": null,
            "reinvestment_rate": null,
            "research_to_sale_ratio": null,
            "price_fair": 1.74,
            "eps_avg_yearly": 0.58,
            "eps_latest_yearly": 0.28,
            "eps_growth_yearly": -77.54
        },
        "20054": {
            "year_quarter": 20054,
            "year": 2005,
            "quarter": 4,
            "eps": 0.03,
            "eps_growth_year": null,
            "eps_4q": -0.06,
            "eps_4q_growth_year": null,
            "roe": 0.3,
            "roe_4q": -0.5700000000000001,
            "gross_profit": 62093,
            "gross_margin": 45.38,
            "gross_margin_4q_avg": 44.77,
            "net_income": 1297,
            "net_income_4q": null,
            "revenue": 136820,
            "revenue_4q": null,
            "common_shares": 424439,
            "book_valuer_per_share": 10.31,
            "book_valuer_per_share_4q_avg": 10.3,
            "equity": 437542,
            "current_ratio": 414.42,
            "debt_ratio": 19.27,
            "inventory_turnover_ratio": 1.01,
            "account_receivable_turnover_ratio": null,
            "reinvestment_rate": null,
            "research_to_sale_ratio": null,
            "price_fair": 1.74,
            "eps_avg_yearly": 0.58,
            "eps_latest_yearly": 0.28,
            "eps_growth_yearly": -77.54
        },
        "20061": {
            "year_quarter": 20061,
            "year": 2006,
            "quarter": 1,
            "eps": 0.24,
            "eps_growth_year": null,
            "eps_4q": 0.21,
            "eps_4q_growth_year": null,
            "roe": 2.29,
            "roe_4q": 2.01,
            "gross_profit": 69450,
            "gross_margin": 46.76,
            "gross_margin_4q_avg": 45.31,
            "net_income": 10150,
            "net_income_4q": null,
            "revenue": 148519,
            "revenue_4q": null,
            "common_shares": 424439,
            "book_valuer_per_share": 10.55,
            "book_valuer_per_share_4q_avg": 10.36,
            "equity": 447692,
            "current_ratio": 401.23,
            "debt_ratio": 20.05,
            "inventory_turnover_ratio": 1.02,
            "account_receivable_turnover_ratio": null,
            "reinvestment_rate": null,
            "research_to_sale_ratio": null,
            "price_fair": 24.73,
            "eps_avg_yearly": 0.71,
            "eps_latest_yearly": 0.96,
            "eps_growth_yearly": 881.64
        },
        "20062": {
            "year_quarter": 20062,
            "year": 2006,
            "quarter": 2,
            "eps": 0.08,
            "eps_growth_year": null,
            "eps_4q": 0.35,
            "eps_4q_growth_year": null,
            "roe": 0.73,
            "roe_4q": 3.28,
            "gross_profit": 66853,
            "gross_margin": 46.02,
            "gross_margin_4q_avg": 46.3,
            "net_income": 3294,
            "net_income_4q": null,
            "revenue": 145278,
            "revenue_4q": null,
            "common_shares": 424439,
            "book_valuer_per_share": 10.65,
            "book_valuer_per_share_4q_avg": 10.45,
            "equity": 451924,
            "current_ratio": 333.74,
            "debt_ratio": 19.71,
            "inventory_turnover_ratio": 1,
            "account_receivable_turnover_ratio": null,
            "reinvestment_rate": null,
            "research_to_sale_ratio": null,
            "price_fair": 21.35,
            "eps_avg_yearly": 0.61,
            "eps_latest_yearly": 0.32,
            "eps_growth_yearly": 594.56
        },
        "20063": {
            "year_quarter": 20063,
            "year": 2006,
            "quarter": 3,
            "eps": 0.23,
            "eps_growth_year": null,
            "eps_4q": 0.58,
            "eps_4q_growth_year": null,
            "roe": 2.12,
            "roe_4q": 5.44,
            "gross_profit": 63959,
            "gross_margin": 44.22,
            "gross_margin_4q_avg": 45.6,
            "net_income": 9691,
            "net_income_4q": null,
            "revenue": 144640,
            "revenue_4q": null,
            "common_shares": 424439,
            "book_valuer_per_share": 10.91,
            "book_valuer_per_share_4q_avg": 10.61,
            "equity": 463083,
            "current_ratio": 347.79,
            "debt_ratio": 19.38,
            "inventory_turnover_ratio": 1.06,
            "account_receivable_turnover_ratio": null,
            "reinvestment_rate": null,
            "research_to_sale_ratio": null,
            "price_fair": 23.52,
            "eps_avg_yearly": 0.67,
            "eps_latest_yearly": 0.92,
            "eps_growth_yearly": 625.65
        },
        "20064": {
            "year_quarter": 20064,
            "year": 2006,
            "quarter": 4,
            "eps": 0.05,
            "eps_growth_year": 66.67,
            "eps_4q": 0.59,
            "eps_4q_growth_year": null,
            "roe": 0.46,
            "roe_4q": 5.6,
            "gross_profit": 65127,
            "gross_margin": 44.33,
            "gross_margin_4q_avg": 45.33,
            "net_income": 2135,
            "net_income_4q": null,
            "revenue": 146917,
            "revenue_4q": null,
            "common_shares": 424439,
            "book_valuer_per_share": 10.94,
            "book_valuer_per_share_4q_avg": 10.76,
            "equity": 464204,
            "current_ratio": 376.65,
            "debt_ratio": 21.89,
            "inventory_turnover_ratio": 1.06,
            "account_receivable_turnover_ratio": null,
            "reinvestment_rate": null,
            "research_to_sale_ratio": null,
            "price_fair": 20.77,
            "eps_avg_yearly": 0.59,
            "eps_latest_yearly": 0.2,
            "eps_growth_yearly": 469.2
        },
        "20071": {
            "year_quarter": 20071,
            "year": 2007,
            "quarter": 1,
            "eps": 0.23,
            "eps_growth_year": -4.17,
            "eps_4q": 0.59,
            "eps_4q_growth_year": 180.57,
            "roe": 2.06,
            "roe_4q": 5.370000000000001,
            "gross_profit": 81942,
            "gross_margin": 45.35,
            "gross_margin_4q_avg": 44.98,
            "net_income": 9655,
            "net_income_4q": null,
            "revenue": 180674,
            "revenue_4q": null,
            "common_shares": 424439,
            "book_valuer_per_share": 11.19,
            "book_valuer_per_share_4q_avg": 10.92,
            "equity": 474875,
            "current_ratio": 342.51,
            "debt_ratio": 20.61,
            "inventory_turnover_ratio": 1.26,
            "account_receivable_turnover_ratio": null,
            "reinvestment_rate": null,
            "research_to_sale_ratio": null,
            "price_fair": 21,
            "eps_avg_yearly": 0.6,
            "eps_latest_yearly": 0.92,
            "eps_growth_yearly": 689.59
        },
        "20072": {
            "year_quarter": 20072,
            "year": 2007,
            "quarter": 2,
            "eps": 0.15,
            "eps_growth_year": 87.5,
            "eps_4q": 0.65,
            "eps_4q_growth_year": 83.06,
            "roe": 1.36,
            "roe_4q": 6,
            "gross_profit": 66923,
            "gross_margin": 42.45,
            "gross_margin_4q_avg": 44.09,
            "net_income": 6483,
            "net_income_4q": null,
            "revenue": 157647,
            "revenue_4q": null,
            "common_shares": 424439,
            "book_valuer_per_share": 11.32,
            "book_valuer_per_share_4q_avg": 11.09,
            "equity": 480272,
            "current_ratio": 365.1,
            "debt_ratio": 19.58,
            "inventory_turnover_ratio": 1.17,
            "account_receivable_turnover_ratio": null,
            "reinvestment_rate": null,
            "research_to_sale_ratio": null,
            "price_fair": 22.87,
            "eps_avg_yearly": 0.65,
            "eps_latest_yearly": 0.6,
            "eps_growth_yearly": 711.86
        },
        "20073": {
            "year_quarter": 20073,
            "year": 2007,
            "quarter": 3,
            "eps": 0.21,
            "eps_growth_year": -8.7,
            "eps_4q": 0.65,
            "eps_4q_growth_year": 11.42,
            "roe": 1.82,
            "roe_4q": 5.7,
            "gross_profit": 65278,
            "gross_margin": 42.86,
            "gross_margin_4q_avg": 43.75,
            "net_income": 8800,
            "net_income_4q": null,
            "revenue": 152295,
            "revenue_4q": null,
            "common_shares": 424439,
            "book_valuer_per_share": 11.51,
            "book_valuer_per_share_4q_avg": 11.24,
            "equity": 488580,
            "current_ratio": 373.68,
            "debt_ratio": 19.3,
            "inventory_turnover_ratio": 1.08,
            "account_receivable_turnover_ratio": null,
            "reinvestment_rate": -314.85,
            "research_to_sale_ratio": null,
            "price_fair": 23.8,
            "eps_avg_yearly": 0.68,
            "eps_latest_yearly": 0.84,
            "eps_growth_yearly": 633.02
        },
        "20074": {
            "year_quarter": 20074,
            "year": 2007,
            "quarter": 4,
            "eps": -0.07,
            "eps_growth_year": -240,
            "eps_4q": 0.51,
            "eps_4q_growth_year": -13.82,
            "roe": -0.65,
            "roe_4q": 4.59,
            "gross_profit": 67386,
            "gross_margin": 40.89,
            "gross_margin_4q_avg": 42.89,
            "net_income": -3181,
            "net_income_4q": null,
            "revenue": 164780,
            "revenue_4q": null,
            "common_shares": 424439,
            "book_valuer_per_share": 11.43,
            "book_valuer_per_share_4q_avg": 11.36,
            "equity": 485005,
            "current_ratio": 342.94,
            "debt_ratio": 23.88,
            "inventory_turnover_ratio": 1.15,
            "account_receivable_turnover_ratio": null,
            "reinvestment_rate": -205.23,
            "research_to_sale_ratio": null,
            "price_fair": 23.8,
            "eps_avg_yearly": 0.68,
            "eps_latest_yearly": 0.84,
            "eps_growth_yearly": 633.02
        },
        "20081": {
            "year_quarter": 20081,
            "year": 2008,
            "quarter": 1,
            "eps": 0.27,
            "eps_growth_year": 17.39,
            "eps_4q": 0.56,
            "eps_4q_growth_year": -5.92,
            "roe": 2.34,
            "roe_4q": 4.87,
            "gross_profit": 85017,
            "gross_margin": 42.36,
            "gross_margin_4q_avg": 42.14,
            "net_income": 11454,
            "net_income_4q": null,
            "revenue": 200683,
            "revenue_4q": null,
            "common_shares": 424439,
            "book_valuer_per_share": 11.6,
            "book_valuer_per_share_4q_avg": 11.47,
            "equity": 492278,
            "current_ratio": 379.42,
            "debt_ratio": 21.96,
            "inventory_turnover_ratio": 1.36,
            "account_receivable_turnover_ratio": null,
            "reinvestment_rate": -146.48,
            "research_to_sale_ratio": null,
            "price_fair": 23.8,
            "eps_avg_yearly": 0.68,
            "eps_latest_yearly": 0.84,
            "eps_growth_yearly": 633.02
        },
        "20082": {
            "year_quarter": 20082,
            "year": 2008,
            "quarter": 2,
            "eps": 0.12,
            "eps_growth_year": -20,
            "eps_4q": 0.52,
            "eps_4q_growth_year": -18.87,
            "roe": 1.05,
            "roe_4q": 4.56,
            "gross_profit": 67272,
            "gross_margin": 40.92,
            "gross_margin_4q_avg": 41.76,
            "net_income": 5060,
            "net_income_4q": null,
            "revenue": 164388,
            "revenue_4q": null,
            "common_shares": 424439,
            "book_valuer_per_share": 11.14,
            "book_valuer_per_share_4q_avg": 11.42,
            "equity": 473026,
            "current_ratio": 315.79,
            "debt_ratio": 25.69,
            "inventory_turnover_ratio": 1.05,
            "account_receivable_turnover_ratio": null,
            "reinvestment_rate": -92.16,
            "research_to_sale_ratio": null,
            "price_fair": 22.93,
            "eps_avg_yearly": 0.66,
            "eps_latest_yearly": 0.48,
            "eps_growth_yearly": 526.12
        },
        "20083": {
            "year_quarter": 20083,
            "year": 2008,
            "quarter": 3,
            "eps": -0.07,
            "eps_growth_year": -133.33,
            "eps_4q": 0.25,
            "eps_4q_growth_year": -61.97,
            "roe": -0.61,
            "roe_4q": 2.13,
            "gross_profit": 68355,
            "gross_margin": 44.7,
            "gross_margin_4q_avg": 42.22,
            "net_income": -2905,
            "net_income_4q": null,
            "revenue": 152906,
            "revenue_4q": null,
            "common_shares": 424439,
            "book_valuer_per_share": 11.17,
            "book_valuer_per_share_4q_avg": 11.34,
            "equity": 474198,
            "current_ratio": 402.4,
            "debt_ratio": 20.22,
            "inventory_turnover_ratio": 0.83,
            "account_receivable_turnover_ratio": null,
            "reinvestment_rate": -60.47,
            "research_to_sale_ratio": null,
            "price_fair": 22.93,
            "eps_avg_yearly": 0.66,
            "eps_latest_yearly": 0.48,
            "eps_growth_yearly": 526.12
        },
        "20084": {
            "year_quarter": 20084,
            "year": 2008,
            "quarter": 4,
            "eps": -0.18,
            "eps_growth_year": null,
            "eps_4q": 0.14,
            "eps_4q_growth_year": -72.55,
            "roe": -1.58,
            "roe_4q": 1.2,
            "gross_profit": 76958,
            "gross_margin": 43.96,
            "gross_margin_4q_avg": 42.99,
            "net_income": -7432,
            "net_income_4q": null,
            "revenue": 175074,
            "revenue_4q": null,
            "common_shares": 424439,
            "book_valuer_per_share": 10.99,
            "book_valuer_per_share_4q_avg": 11.23,
            "equity": 466642,
            "current_ratio": 342.66,
            "debt_ratio": 24.02,
            "inventory_turnover_ratio": 1,
            "account_receivable_turnover_ratio": 2.18,
            "reinvestment_rate": -45.1,
            "research_to_sale_ratio": null,
            "price_fair": 22.93,
            "eps_avg_yearly": 0.66,
            "eps_latest_yearly": 0.48,
            "eps_growth_yearly": 526.12
        },
        "20091": {
            "year_quarter": 20091,
            "year": 2009,
            "quarter": 1,
            "eps": 0.32,
            "eps_growth_year": 18.52,
            "eps_4q": 0.2,
            "eps_4q_growth_year": -64.44,
            "roe": 2.9,
            "roe_4q": 1.7599999999999998,
            "gross_profit": 87610,
            "gross_margin": 46.31,
            "gross_margin_4q_avg": 43.97,
            "net_income": 13782,
            "net_income_4q": null,
            "revenue": 189187,
            "revenue_4q": null,
            "common_shares": 424439,
            "book_valuer_per_share": 11.36,
            "book_valuer_per_share_4q_avg": 11.17,
            "equity": 482284,
            "current_ratio": 409.92,
            "debt_ratio": 20.82,
            "inventory_turnover_ratio": 1.16,
            "account_receivable_turnover_ratio": 1.1,
            "reinvestment_rate": -31.03,
            "research_to_sale_ratio": null,
            "price_fair": 22.93,
            "eps_avg_yearly": 0.66,
            "eps_latest_yearly": 0.48,
            "eps_growth_yearly": 526.12
        },
        "20092": {
            "year_quarter": 20092,
            "year": 2009,
            "quarter": 2,
            "eps": 0.22,
            "eps_growth_year": 83.33,
            "eps_4q": 0.3,
            "eps_4q_growth_year": -42.33,
            "roe": 1.89,
            "roe_4q": 2.6,
            "gross_profit": 77662,
            "gross_margin": 46.82,
            "gross_margin_4q_avg": 45.45,
            "net_income": 9161,
            "net_income_4q": null,
            "revenue": 165870,
            "revenue_4q": null,
            "common_shares": 424439,
            "book_valuer_per_share": 11.5,
            "book_valuer_per_share_4q_avg": 11.26,
            "equity": 488304,
            "current_ratio": 389.75,
            "debt_ratio": 21.89,
            "inventory_turnover_ratio": 1.1,
            "account_receivable_turnover_ratio": 1,
            "reinvestment_rate": -24.08,
            "research_to_sale_ratio": null,
            "price_fair": 23.8,
            "eps_avg_yearly": 0.68,
            "eps_latest_yearly": 0.88,
            "eps_growth_yearly": 453.77
        },
        "20093": {
            "year_quarter": 20093,
            "year": 2009,
            "quarter": 3,
            "eps": 0.2,
            "eps_growth_year": null,
            "eps_4q": 0.56,
            "eps_4q_growth_year": 126.65,
            "roe": 1.77,
            "roe_4q": 4.98,
            "gross_profit": 68835,
            "gross_margin": 47.87,
            "gross_margin_4q_avg": 46.24,
            "net_income": 8693,
            "net_income_4q": null,
            "revenue": 143786,
            "revenue_4q": null,
            "common_shares": 424439,
            "book_valuer_per_share": 11.67,
            "book_valuer_per_share_4q_avg": 11.38,
            "equity": 495326,
            "current_ratio": 426.57,
            "debt_ratio": 20.46,
            "inventory_turnover_ratio": 0.88,
            "account_receivable_turnover_ratio": 0.99,
            "reinvestment_rate": -19.98,
            "research_to_sale_ratio": null,
            "price_fair": 24.22,
            "eps_avg_yearly": 0.69,
            "eps_latest_yearly": 0.8,
            "eps_growth_yearly": 404.76
        },
        "20094": {
            "year_quarter": 20094,
            "year": 2009,
            "quarter": 4,
            "eps": 0.07,
            "eps_growth_year": null,
            "eps_4q": 0.81,
            "eps_4q_growth_year": 481.17,
            "roe": 0.58,
            "roe_4q": 7.140000000000001,
            "gross_profit": 75618,
            "gross_margin": 45.6,
            "gross_margin_4q_avg": 46.65,
            "net_income": 2898,
            "net_income_4q": null,
            "revenue": 165822,
            "revenue_4q": null,
            "common_shares": 424439,
            "book_valuer_per_share": 11.69,
            "book_valuer_per_share_4q_avg": 11.56,
            "equity": 496137,
            "current_ratio": 384.2,
            "debt_ratio": 22.13,
            "inventory_turnover_ratio": 0.99,
            "account_receivable_turnover_ratio": 2.28,
            "reinvestment_rate": 55.15,
            "research_to_sale_ratio": null,
            "price_fair": 22.91,
            "eps_avg_yearly": 0.65,
            "eps_latest_yearly": 0.28,
            "eps_growth_yearly": 344.32
        },
        "20101": {
            "year_quarter": 20101,
            "year": 2010,
            "quarter": 1,
            "eps": 0.21,
            "eps_growth_year": -34.38,
            "eps_4q": 0.7,
            "eps_4q_growth_year": 256.27,
            "roe": 1.82,
            "roe_4q": 6.06,
            "gross_profit": 91134,
            "gross_margin": 46.12,
            "gross_margin_4q_avg": 46.6,
            "net_income": 9109,
            "net_income_4q": null,
            "revenue": 197603,
            "revenue_4q": null,
            "common_shares": 424439,
            "book_valuer_per_share": 11.87,
            "book_valuer_per_share_4q_avg": 11.68,
            "equity": 503767,
            "current_ratio": 363.06,
            "debt_ratio": 23.14,
            "inventory_turnover_ratio": 1.14,
            "account_receivable_turnover_ratio": 1.2,
            "reinvestment_rate": 59.18,
            "research_to_sale_ratio": 0.39,
            "price_fair": 22.53,
            "eps_avg_yearly": 0.64,
            "eps_latest_yearly": 0.84,
            "eps_growth_yearly": 162.51
        },
        "20102": {
            "year_quarter": 20102,
            "year": 2010,
            "quarter": 2,
            "eps": 0.05,
            "eps_growth_year": -78.27,
            "eps_4q": 0.54,
            "eps_4q_growth_year": 76.89,
            "roe": 0.41,
            "roe_4q": 4.58,
            "gross_profit": 79687,
            "gross_margin": 42.43,
            "gross_margin_4q_avg": 45.51,
            "net_income": 2029,
            "net_income_4q": null,
            "revenue": 187799,
            "revenue_4q": null,
            "common_shares": 424439,
            "book_valuer_per_share": 11.3,
            "book_valuer_per_share_4q_avg": 11.63,
            "equity": 479596,
            "current_ratio": 302.84,
            "debt_ratio": 26.77,
            "inventory_turnover_ratio": 1.12,
            "account_receivable_turnover_ratio": 1.06,
            "reinvestment_rate": 66.43,
            "research_to_sale_ratio": 0.42,
            "price_fair": 22.15,
            "eps_avg_yearly": 0.63,
            "eps_latest_yearly": 0.2,
            "eps_growth_yearly": 159.04
        },
        "20103": {
            "year_quarter": 20103,
            "year": 2010,
            "quarter": 3,
            "eps": 0.2,
            "eps_growth_year": -0.9,
            "eps_4q": 0.53,
            "eps_4q_growth_year": -5.02,
            "roe": 1.74,
            "roe_4q": 4.55,
            "gross_profit": 75957,
            "gross_margin": 44.6,
            "gross_margin_4q_avg": 44.69,
            "net_income": 8412,
            "net_income_4q": null,
            "revenue": 170310,
            "revenue_4q": null,
            "common_shares": 424439,
            "book_valuer_per_share": 11.45,
            "book_valuer_per_share_4q_avg": 11.58,
            "equity": 485834,
            "current_ratio": 393.15,
            "debt_ratio": 21.23,
            "inventory_turnover_ratio": 1.03,
            "account_receivable_turnover_ratio": 1.02,
            "reinvestment_rate": 68.68,
            "research_to_sale_ratio": 0.46,
            "price_fair": 21.76,
            "eps_avg_yearly": 0.62,
            "eps_latest_yearly": 0.8,
            "eps_growth_yearly": 199.95
        },
        "20104": {
            "year_quarter": 20104,
            "year": 2010,
            "quarter": 4,
            "eps": 0.09,
            "eps_growth_year": 30.66,
            "eps_4q": 0.55,
            "eps_4q_growth_year": -32.15,
            "roe": 0.8,
            "roe_4q": 4.7700000000000005,
            "gross_profit": 75115,
            "gross_margin": 45.76,
            "gross_margin_4q_avg": 44.73,
            "net_income": 3882,
            "net_income_4q": null,
            "revenue": 164143,
            "revenue_4q": null,
            "common_shares": 424439,
            "book_valuer_per_share": 11.42,
            "book_valuer_per_share_4q_avg": 11.51,
            "equity": 484562,
            "current_ratio": 315.65,
            "debt_ratio": 25.73,
            "inventory_turnover_ratio": 0.9,
            "account_receivable_turnover_ratio": 1.03,
            "reinvestment_rate": 83.47,
            "research_to_sale_ratio": 0.65,
            "price_fair": 22.27,
            "eps_avg_yearly": 0.64,
            "eps_latest_yearly": 0.36,
            "eps_growth_yearly": 208.41
        },
        "20111": {
            "year_quarter": 20111,
            "year": 2011,
            "quarter": 1,
            "eps": 0.15,
            "eps_growth_year": -28.57,
            "eps_4q": 0.49,
            "eps_4q_growth_year": -31.04,
            "roe": 1.29,
            "roe_4q": 4.24,
            "gross_profit": 86922,
            "gross_margin": 42.05,
            "gross_margin_4q_avg": 43.71,
            "net_income": 6270,
            "net_income_4q": null,
            "revenue": 206701,
            "revenue_4q": null,
            "common_shares": 424439,
            "book_valuer_per_share": 11.51,
            "book_valuer_per_share_4q_avg": 11.42,
            "equity": 488431,
            "current_ratio": 339.76,
            "debt_ratio": 23.57,
            "inventory_turnover_ratio": 1.11,
            "account_receivable_turnover_ratio": 1.22,
            "reinvestment_rate": 98.27,
            "research_to_sale_ratio": 0.42,
            "price_fair": 21.25,
            "eps_avg_yearly": 0.61,
            "eps_latest_yearly": 0.6,
            "eps_growth_yearly": 101.74
        },
        "20112": {
            "year_quarter": 20112,
            "year": 2011,
            "quarter": 2,
            "eps": 0.02,
            "eps_growth_year": -51.4,
            "eps_4q": 0.46,
            "eps_4q_growth_year": -13.99,
            "roe": 0.21,
            "roe_4q": 4.04,
            "gross_profit": 76666,
            "gross_margin": 43.88,
            "gross_margin_4q_avg": 44.07,
            "net_income": 986,
            "net_income_4q": null,
            "revenue": 174727,
            "revenue_4q": null,
            "common_shares": 424439,
            "book_valuer_per_share": 11.01,
            "book_valuer_per_share_4q_avg": 11.35,
            "equity": 467389,
            "current_ratio": 291.82,
            "debt_ratio": 26.22,
            "inventory_turnover_ratio": 0.95,
            "account_receivable_turnover_ratio": 1.04,
            "reinvestment_rate": 123.99,
            "research_to_sale_ratio": 0.46,
            "price_fair": 19.6,
            "eps_avg_yearly": 0.56,
            "eps_latest_yearly": 0.08,
            "eps_growth_yearly": 82.88
        },
        "20113": {
            "year_quarter": 20113,
            "year": 2011,
            "quarter": 3,
            "eps": 0.19,
            "eps_growth_year": -2.75,
            "eps_4q": 0.46,
            "eps_4q_growth_year": -13.94,
            "roe": 1.73,
            "roe_4q": 4.03,
            "gross_profit": 74917,
            "gross_margin": 45.4,
            "gross_margin_4q_avg": 44.27,
            "net_income": 8181,
            "net_income_4q": null,
            "revenue": 165015,
            "revenue_4q": null,
            "common_shares": 424439,
            "book_valuer_per_share": 11.29,
            "book_valuer_per_share_4q_avg": 11.31,
            "equity": 479340,
            "current_ratio": 327.24,
            "debt_ratio": 23.7,
            "inventory_turnover_ratio": 0.86,
            "account_receivable_turnover_ratio": 1.1,
            "reinvestment_rate": 142.86,
            "research_to_sale_ratio": 0.48,
            "price_fair": 19.35,
            "eps_avg_yearly": 0.55,
            "eps_latest_yearly": 0.76,
            "eps_growth_yearly": 377.42
        },
        "20114": {
            "year_quarter": 20114,
            "year": 2011,
            "quarter": 4,
            "eps": -0.03,
            "eps_growth_year": -138.2,
            "eps_4q": 0.33,
            "eps_4q_growth_year": -40.45,
            "roe": -0.3,
            "roe_4q": 2.9299999999999997,
            "gross_profit": 79050,
            "gross_margin": 45.97,
            "gross_margin_4q_avg": 44.33,
            "net_income": -1483,
            "net_income_4q": null,
            "revenue": 171969,
            "revenue_4q": null,
            "common_shares": 424439,
            "book_valuer_per_share": 11.81,
            "book_valuer_per_share_4q_avg": 11.41,
            "equity": 501109,
            "current_ratio": 290.37,
            "debt_ratio": 26.2,
            "inventory_turnover_ratio": 0.86,
            "account_receivable_turnover_ratio": 1.15,
            "reinvestment_rate": 167.58,
            "research_to_sale_ratio": 0.56,
            "price_fair": 19.35,
            "eps_avg_yearly": 0.55,
            "eps_latest_yearly": 0.76,
            "eps_growth_yearly": 377.42
        },
        "20121": {
            "year_quarter": 20121,
            "year": 2012,
            "quarter": 1,
            "eps": 0.08,
            "eps_growth_year": -46.67,
            "eps_4q": 0.1,
            "eps_4q_growth_year": -79.33,
            "roe": -0.69,
            "roe_4q": 0.95,
            "gross_profit": 74381,
            "gross_margin": 43.57,
            "gross_margin_4q_avg": 44.71,
            "net_income": -3427,
            "net_income_4q": null,
            "revenue": 170714,
            "revenue_4q": null,
            "common_shares": 424439,
            "book_valuer_per_share": 11.7,
            "book_valuer_per_share_4q_avg": 11.45,
            "equity": 496736,
            "current_ratio": 317,
            "debt_ratio": 24.26,
            "inventory_turnover_ratio": 0.86,
            "account_receivable_turnover_ratio": 1.08,
            "reinvestment_rate": 208.98,
            "research_to_sale_ratio": 0.45,
            "price_fair": 19.35,
            "eps_avg_yearly": 0.55,
            "eps_latest_yearly": 0.76,
            "eps_growth_yearly": 377.42
        },
        "20122": {
            "year_quarter": 20122,
            "year": 2012,
            "quarter": 2,
            "eps": -0.06,
            "eps_growth_year": -352.43,
            "eps_4q": 0.02,
            "eps_4q_growth_year": -96,
            "roe": -0.51,
            "roe_4q": 0.22999999999999998,
            "gross_profit": 74039,
            "gross_margin": 41.73,
            "gross_margin_4q_avg": 44.17,
            "net_income": -2489,
            "net_income_4q": null,
            "revenue": 177423,
            "revenue_4q": null,
            "common_shares": 424439,
            "book_valuer_per_share": 11.26,
            "book_valuer_per_share_4q_avg": 11.52,
            "equity": 477794,
            "current_ratio": 277.24,
            "debt_ratio": 27.04,
            "inventory_turnover_ratio": 0.9,
            "account_receivable_turnover_ratio": 1.1,
            "reinvestment_rate": 246.78,
            "research_to_sale_ratio": 0.47,
            "price_fair": 19.6,
            "eps_avg_yearly": 0.56,
            "eps_latest_yearly": 0.76,
            "eps_growth_yearly": 437.39
        },
        "20123": {
            "year_quarter": 20123,
            "year": 2012,
            "quarter": 3,
            "eps": 0.05,
            "eps_growth_year": -74.17,
            "eps_4q": -0.12,
            "eps_4q_growth_year": -127.36,
            "roe": 0.44,
            "roe_4q": -1.06,
            "gross_profit": 71721,
            "gross_margin": 43.15,
            "gross_margin_4q_avg": 43.61,
            "net_income": 2113,
            "net_income_4q": null,
            "revenue": 166216,
            "revenue_4q": null,
            "common_shares": 424439,
            "book_valuer_per_share": 11.28,
            "book_valuer_per_share_4q_avg": 11.51,
            "equity": 478872,
            "current_ratio": 314.49,
            "debt_ratio": 24.36,
            "inventory_turnover_ratio": 0.81,
            "account_receivable_turnover_ratio": 1.09,
            "reinvestment_rate": 96.36,
            "research_to_sale_ratio": 0.61,
            "price_fair": 19.6,
            "eps_avg_yearly": 0.56,
            "eps_latest_yearly": 0.76,
            "eps_growth_yearly": 437.39
        },
        "20124": {
            "year_quarter": 20124,
            "year": 2012,
            "quarter": 4,
            "eps": 0.08,
            "eps_growth_year": null,
            "eps_4q": -0.01,
            "eps_4q_growth_year": -103.82,
            "roe": 0.68,
            "roe_4q": -0.07999999999999985,
            "gross_profit": 68046,
            "gross_margin": 44.16,
            "gross_margin_4q_avg": 43.15,
            "net_income": 3270,
            "net_income_4q": null,
            "revenue": 154101,
            "revenue_4q": null,
            "common_shares": 424439,
            "book_valuer_per_share": 11.31,
            "book_valuer_per_share_4q_avg": 11.39,
            "equity": 479869,
            "current_ratio": 315.3,
            "debt_ratio": 24.46,
            "inventory_turnover_ratio": 0.71,
            "account_receivable_turnover_ratio": 1.1,
            "reinvestment_rate": 188.01,
            "research_to_sale_ratio": 0.42,
            "price_fair": 18.84,
            "eps_avg_yearly": 0.54,
            "eps_latest_yearly": 0.32,
            "eps_growth_yearly": 419.44
        },
        "20131": {
            "year_quarter": 20131,
            "year": 2013,
            "quarter": 1,
            "eps": 0.04,
            "eps_growth_year": -50,
            "eps_4q": 0.1,
            "eps_4q_growth_year": 4.56,
            "roe": 0.33,
            "roe_4q": 0.94,
            "gross_profit": 62869,
            "gross_margin": 39.68,
            "gross_margin_4q_avg": 42.18,
            "net_income": 1557,
            "net_income_4q": null,
            "revenue": 158422,
            "revenue_4q": null,
            "common_shares": 424439,
            "book_valuer_per_share": 11.03,
            "book_valuer_per_share_4q_avg": 11.22,
            "equity": 468107,
            "current_ratio": 346.19,
            "debt_ratio": 24.53,
            "inventory_turnover_ratio": 0.79,
            "account_receivable_turnover_ratio": 1.14,
            "reinvestment_rate": 95.5,
            "research_to_sale_ratio": 0.49,
            "price_fair": 17.73,
            "eps_avg_yearly": 0.51,
            "eps_latest_yearly": 0.16,
            "eps_growth_yearly": 367.82
        },
        "20132": {
            "year_quarter": 20132,
            "year": 2013,
            "quarter": 2,
            "eps": -0.05,
            "eps_growth_year": null,
            "eps_4q": 0.11,
            "eps_4q_growth_year": 515.49,
            "roe": -0.46,
            "roe_4q": 0.99,
            "gross_profit": 55977,
            "gross_margin": 38.34,
            "gross_margin_4q_avg": 41.33,
            "net_income": -2127,
            "net_income_4q": null,
            "revenue": 146012,
            "revenue_4q": null,
            "common_shares": 424439,
            "book_valuer_per_share": 10.98,
            "book_valuer_per_share_4q_avg": 11.15,
            "equity": 465919,
            "current_ratio": 336.25,
            "debt_ratio": 25.1,
            "inventory_turnover_ratio": 0.78,
            "account_receivable_turnover_ratio": 1.05,
            "reinvestment_rate": 115.82,
            "research_to_sale_ratio": 0.67,
            "price_fair": 16.55,
            "eps_avg_yearly": 0.47,
            "eps_latest_yearly": 0.16,
            "eps_growth_yearly": 412.62
        },
        "20133": {
            "year_quarter": 20133,
            "year": 2013,
            "quarter": 3,
            "eps": -0.09,
            "eps_growth_year": -280.78,
            "eps_4q": -0.03,
            "eps_4q_growth_year": null,
            "roe": -0.85,
            "roe_4q": -0.29999999999999993,
            "gross_profit": 55858,
            "gross_margin": 42.92,
            "gross_margin_4q_avg": 41.28,
            "net_income": -3940,
            "net_income_4q": null,
            "revenue": 130141,
            "revenue_4q": null,
            "common_shares": 424439,
            "book_valuer_per_share": 10.86,
            "book_valuer_per_share_4q_avg": 11.05,
            "equity": 461088,
            "current_ratio": 369.73,
            "debt_ratio": 23.44,
            "inventory_turnover_ratio": 0.66,
            "account_receivable_turnover_ratio": 1.02,
            "reinvestment_rate": 156.28,
            "research_to_sale_ratio": 0.58,
            "price_fair": 15.4,
            "eps_avg_yearly": 0.44,
            "eps_latest_yearly": 0.16,
            "eps_growth_yearly": 457.52
        },
        "20134": {
            "year_quarter": 20134,
            "year": 2013,
            "quarter": 4,
            "eps": -0.11,
            "eps_growth_year": -237.22,
            "eps_4q": -0.21,
            "eps_4q_growth_year": null,
            "roe": -0.98,
            "roe_4q": -1.96,
            "gross_profit": 54792,
            "gross_margin": 38.55,
            "gross_margin_4q_avg": 39.87,
            "net_income": -4487,
            "net_income_4q": null,
            "revenue": 142120,
            "revenue_4q": null,
            "common_shares": 424439,
            "book_valuer_per_share": 10.8,
            "book_valuer_per_share_4q_avg": 10.92,
            "equity": 458330,
            "current_ratio": 310.69,
            "debt_ratio": 26.35,
            "inventory_turnover_ratio": 0.76,
            "account_receivable_turnover_ratio": 1.16,
            "reinvestment_rate": -40.98,
            "research_to_sale_ratio": 0.58,
            "price_fair": 16.02,
            "eps_avg_yearly": 0.46,
            "eps_latest_yearly": 0.16,
            "eps_growth_yearly": 537.25
        },
        "20141": {
            "year_quarter": 20141,
            "year": 2014,
            "quarter": 1,
            "eps": 0.09,
            "eps_growth_year": 125,
            "eps_4q": -0.16,
            "eps_4q_growth_year": -252.24,
            "roe": 0.82,
            "roe_4q": -1.47,
            "gross_profit": 56496,
            "gross_margin": 39.79,
            "gross_margin_4q_avg": 39.9,
            "net_income": 3778,
            "net_income_4q": null,
            "revenue": 141971,
            "revenue_4q": null,
            "common_shares": 424439,
            "book_valuer_per_share": 10.92,
            "book_valuer_per_share_4q_avg": 10.89,
            "equity": 463401,
            "current_ratio": 396.55,
            "debt_ratio": 22.12,
            "inventory_turnover_ratio": 0.73,
            "account_receivable_turnover_ratio": 1.13,
            "reinvestment_rate": -69.19,
            "research_to_sale_ratio": 0.65,
            "price_fair": 14.35,
            "eps_avg_yearly": 0.41,
            "eps_latest_yearly": 0.16,
            "eps_growth_yearly": 504.4
        },
        "20142": {
            "year_quarter": 20142,
            "year": 2014,
            "quarter": 2,
            "eps": -0.05,
            "eps_growth_year": null,
            "eps_4q": -0.16,
            "eps_4q_growth_year": -244.36,
            "roe": -0.5,
            "roe_4q": -1.51,
            "gross_profit": 56573,
            "gross_margin": 38,
            "gross_margin_4q_avg": 39.82,
            "net_income": -2299,
            "net_income_4q": null,
            "revenue": 148870,
            "revenue_4q": null,
            "common_shares": 424439,
            "book_valuer_per_share": 10.83,
            "book_valuer_per_share_4q_avg": 10.85,
            "equity": 459572,
            "current_ratio": 335.63,
            "debt_ratio": 25.06,
            "inventory_turnover_ratio": 0.83,
            "account_receivable_turnover_ratio": 1.24,
            "reinvestment_rate": -108.89,
            "research_to_sale_ratio": 0.52,
            "price_fair": 15.4,
            "eps_avg_yearly": 0.44,
            "eps_latest_yearly": 0.16,
            "eps_growth_yearly": 620
        },
        "20143": {
            "year_quarter": 20143,
            "year": 2014,
            "quarter": 3,
            "eps": -0.11,
            "eps_growth_year": null,
            "eps_4q": -0.18,
            "eps_4q_growth_year": null,
            "roe": -1.06,
            "roe_4q": -1.7200000000000002,
            "gross_profit": 50443,
            "gross_margin": 38.26,
            "gross_margin_4q_avg": 38.65,
            "net_income": -4831,
            "net_income_4q": null,
            "revenue": 131850,
            "revenue_4q": null,
            "common_shares": 424439,
            "book_valuer_per_share": 10.74,
            "book_valuer_per_share_4q_avg": 10.82,
            "equity": 455983,
            "current_ratio": 311.51,
            "debt_ratio": 24.75,
            "inventory_turnover_ratio": 0.76,
            "account_receivable_turnover_ratio": 1.09,
            "reinvestment_rate": -410.58,
            "research_to_sale_ratio": 0.57,
            "price_fair": 13.3,
            "eps_avg_yearly": 0.38,
            "eps_latest_yearly": 0.16,
            "eps_growth_yearly": 523.33
        },
        "20144": {
            "year_quarter": 20144,
            "year": 2014,
            "quarter": 4,
            "eps": -0.16,
            "eps_growth_year": null,
            "eps_4q": -0.24,
            "eps_4q_growth_year": null,
            "roe": -1.52,
            "roe_4q": -2.2600000000000002,
            "gross_profit": 64456,
            "gross_margin": 41.18,
            "gross_margin_4q_avg": 39.31,
            "net_income": -6886,
            "net_income_4q": null,
            "revenue": 156517,
            "revenue_4q": null,
            "common_shares": 424439,
            "book_valuer_per_share": 10.65,
            "book_valuer_per_share_4q_avg": 10.79,
            "equity": 451922,
            "current_ratio": 306.3,
            "debt_ratio": 24.84,
            "inventory_turnover_ratio": 0.87,
            "account_receivable_turnover_ratio": 1.28,
            "reinvestment_rate": null,
            "research_to_sale_ratio": 0.59,
            "price_fair": 13.44,
            "eps_avg_yearly": 0.38,
            "eps_latest_yearly": 0.16,
            "eps_growth_yearly": 672
        },
        "20151": {
            "year_quarter": 20151,
            "year": 2015,
            "quarter": 1,
            "eps": -0.02,
            "eps_growth_year": -122.22,
            "eps_4q": -0.35,
            "eps_4q_growth_year": null,
            "roe": -0.17,
            "roe_4q": -3.25,
            "gross_profit": 62629,
            "gross_margin": 40.35,
            "gross_margin_4q_avg": 39.45,
            "net_income": -789,
            "net_income_4q": null,
            "revenue": 155212,
            "revenue_4q": null,
            "common_shares": 424439,
            "book_valuer_per_share": 10.61,
            "book_valuer_per_share_4q_avg": 10.71,
            "equity": 450265,
            "current_ratio": 340.52,
            "debt_ratio": 21.85,
            "inventory_turnover_ratio": 0.9,
            "account_receivable_turnover_ratio": 1.3,
            "reinvestment_rate": null,
            "research_to_sale_ratio": 0.57,
            "price_fair": 11.55,
            "eps_avg_yearly": 0.33,
            "eps_latest_yearly": 0.16,
            "eps_growth_yearly": 773.33
        },
        "20152": {
            "year_quarter": 20152,
            "year": 2015,
            "quarter": 2,
            "eps": -0.11,
            "eps_growth_year": null,
            "eps_4q": -0.4,
            "eps_4q_growth_year": null,
            "roe": -1,
            "roe_4q": -3.75,
            "gross_profit": 64326,
            "gross_margin": 41.92,
            "gross_margin_4q_avg": 40.43,
            "net_income": -4488,
            "net_income_4q": null,
            "revenue": 153466,
            "revenue_4q": null,
            "common_shares": 424439,
            "book_valuer_per_share": 10.47,
            "book_valuer_per_share_4q_avg": 10.62,
            "equity": 444448,
            "current_ratio": 307.76,
            "debt_ratio": 23.95,
            "inventory_turnover_ratio": 0.91,
            "account_receivable_turnover_ratio": 1.29,
            "reinvestment_rate": null,
            "research_to_sale_ratio": 0.49,
            "price_fair": 14.47,
            "eps_avg_yearly": 0.41,
            "eps_latest_yearly": 0.16,
            "eps_growth_yearly": 1146.67
        },
        "20153": {
            "year_quarter": 20153,
            "year": 2015,
            "quarter": 3,
            "eps": 0.01,
            "eps_growth_year": null,
            "eps_4q": -0.27,
            "eps_4q_growth_year": null,
            "roe": 0.13,
            "roe_4q": -2.56,
            "gross_profit": 58111,
            "gross_margin": 42.06,
            "gross_margin_4q_avg": 41.38,
            "net_income": 560,
            "net_income_4q": null,
            "revenue": 138166,
            "revenue_4q": null,
            "common_shares": 424439,
            "book_valuer_per_share": 10.55,
            "book_valuer_per_share_4q_avg": 10.57,
            "equity": 447845,
            "current_ratio": 329.55,
            "debt_ratio": 22.41,
            "inventory_turnover_ratio": 0.86,
            "account_receivable_turnover_ratio": 1.21,
            "reinvestment_rate": null,
            "research_to_sale_ratio": 0.58,
            "price_fair": 7.2,
            "eps_avg_yearly": 0.24,
            "eps_latest_yearly": 0.16,
            "eps_growth_yearly": 20
        },
        "20154": {
            "year_quarter": 20154,
            "year": 2015,
            "quarter": 4,
            "eps": -0.08,
            "eps_growth_year": null,
            "eps_4q": -0.2,
            "eps_4q_growth_year": null,
            "roe": -0.8,
            "roe_4q": -1.8399999999999999,
            "gross_profit": 64020,
            "gross_margin": 42.52,
            "gross_margin_4q_avg": 41.71,
            "net_income": -3576,
            "net_income_4q": null,
            "revenue": 150574,
            "revenue_4q": null,
            "common_shares": 424439,
            "book_valuer_per_share": 10.41,
            "book_valuer_per_share_4q_avg": 10.51,
            "equity": 441963,
            "current_ratio": 286.42,
            "debt_ratio": 25.36,
            "inventory_turnover_ratio": 0.9,
            "account_receivable_turnover_ratio": 1.35,
            "reinvestment_rate": null,
            "research_to_sale_ratio": 0.49,
            "price_fair": 7.2,
            "eps_avg_yearly": 0.24,
            "eps_latest_yearly": 0.16,
            "eps_growth_yearly": 20
        },
        "20161": {
            "year_quarter": 20161,
            "year": 2016,
            "quarter": 1,
            "eps": -0.01,
            "eps_growth_year": null,
            "eps_4q": -0.19,
            "eps_4q_growth_year": null,
            "roe": -0.13,
            "roe_4q": -1.8,
            "gross_profit": 54511,
            "gross_margin": 41.75,
            "gross_margin_4q_avg": 42.06,
            "net_income": -580,
            "net_income_4q": null,
            "revenue": 130550,
            "revenue_4q": null,
            "common_shares": 424439,
            "book_valuer_per_share": 10.34,
            "book_valuer_per_share_4q_avg": 10.44,
            "equity": 438964,
            "current_ratio": 351.48,
            "debt_ratio": 21.27,
            "inventory_turnover_ratio": 0.77,
            "account_receivable_turnover_ratio": 1.23,
            "reinvestment_rate": null,
            "research_to_sale_ratio": 0.68,
            "price_fair": 7.2,
            "eps_avg_yearly": 0.24,
            "eps_latest_yearly": 0.16,
            "eps_growth_yearly": 20
        },
        "20162": {
            "year_quarter": 20162,
            "year": 2016,
            "quarter": 2,
            "eps": -0.15,
            "eps_growth_year": null,
            "eps_4q": -0.23,
            "eps_4q_growth_year": null,
            "roe": -1.41,
            "roe_4q": -2.21,
            "gross_profit": 58110,
            "gross_margin": 41.61,
            "gross_margin_4q_avg": 41.99,
            "net_income": -6168,
            "net_income_4q": null,
            "revenue": 139643,
            "revenue_4q": null,
            "common_shares": 424439,
            "book_valuer_per_share": 10.2,
            "book_valuer_per_share_4q_avg": 10.38,
            "equity": 432994,
            "current_ratio": 303.22,
            "debt_ratio": 24.04,
            "inventory_turnover_ratio": 0.86,
            "account_receivable_turnover_ratio": 1.38,
            "reinvestment_rate": null,
            "research_to_sale_ratio": 0.68,
            "price_fair": 7.2,
            "eps_avg_yearly": 0.24,
            "eps_latest_yearly": 0.16,
            "eps_growth_yearly": 20
        },
        "20163": {
            "year_quarter": 20163,
            "year": 2016,
            "quarter": 3,
            "eps": -0.13,
            "eps_growth_year": -1400,
            "eps_4q": -0.37,
            "eps_4q_growth_year": null,
            "roe": -1.29,
            "roe_4q": -3.63,
            "gross_profit": 53413,
            "gross_margin": 39.5,
            "gross_margin_4q_avg": 41.35,
            "net_income": -5543,
            "net_income_4q": null,
            "revenue": 135236,
            "revenue_4q": null,
            "common_shares": 424439,
            "book_valuer_per_share": 10.02,
            "book_valuer_per_share_4q_avg": 10.24,
            "equity": 425097,
            "current_ratio": 286.25,
            "debt_ratio": 25.31,
            "inventory_turnover_ratio": 0.85,
            "account_receivable_turnover_ratio": 1.32,
            "reinvestment_rate": null,
            "research_to_sale_ratio": 0.67,
            "price_fair": 7.2,
            "eps_avg_yearly": 0.24,
            "eps_latest_yearly": 0.16,
            "eps_growth_yearly": 20
        },
        "20164": {
            "year_quarter": 20164,
            "year": 2016,
            "quarter": 4,
            "eps": -0.28,
            "eps_growth_year": null,
            "eps_4q": -0.57,
            "eps_4q_growth_year": null,
            "roe": -2.84,
            "roe_4q": -5.67,
            "gross_profit": 57379,
            "gross_margin": 40.49,
            "gross_margin_4q_avg": 40.84,
            "net_income": -11918,
            "net_income_4q": null,
            "revenue": 141722,
            "revenue_4q": null,
            "common_shares": 424439,
            "book_valuer_per_share": 9.78,
            "book_valuer_per_share_4q_avg": 10.09,
            "equity": 415310,
            "current_ratio": 233.28,
            "debt_ratio": 30.52,
            "inventory_turnover_ratio": 0.79,
            "account_receivable_turnover_ratio": 1.42,
            "reinvestment_rate": null,
            "research_to_sale_ratio": 0.93,
            "price_fair": 0.48,
            "eps_avg_yearly": 0.16,
            "eps_latest_yearly": 0.16,
            "eps_growth_yearly": -200
        },
        "20171": {
            "year_quarter": 20171,
            "year": 2017,
            "quarter": 1,
            "eps": -0.08,
            "eps_growth_year": null,
            "eps_4q": -0.64,
            "eps_4q_growth_year": null,
            "roe": -0.81,
            "roe_4q": -6.35,
            "gross_profit": 55683,
            "gross_margin": 38.19,
            "gross_margin_4q_avg": 39.95,
            "net_income": -3327,
            "net_income_4q": null,
            "revenue": 145812,
            "revenue_4q": null,
            "common_shares": 424439,
            "book_valuer_per_share": 9.63,
            "book_valuer_per_share_4q_avg": 9.91,
            "equity": 408819,
            "current_ratio": 278.01,
            "debt_ratio": 25.56,
            "inventory_turnover_ratio": 0.79,
            "account_receivable_turnover_ratio": 1.38,
            "reinvestment_rate": null,
            "research_to_sale_ratio": 0.78,
            "price_fair": 0,
            "eps_avg_yearly": 0,
            "eps_latest_yearly": 0,
            "eps_growth_yearly": 0
        },
        "20172": {
            "year_quarter": 20172,
            "year": 2017,
            "quarter": 2,
            "eps": 0.02,
            "eps_growth_year": null,
            "eps_4q": -0.47,
            "eps_4q_growth_year": null,
            "roe": 0.25,
            "roe_4q": -4.6899999999999995,
            "gross_profit": 63753,
            "gross_margin": 41.23,
            "gross_margin_4q_avg": 39.85,
            "net_income": 1010,
            "net_income_4q": null,
            "revenue": 154631,
            "revenue_4q": null,
            "common_shares": 424439,
            "book_valuer_per_share": 9.66,
            "book_valuer_per_share_4q_avg": 9.77,
            "equity": 410159,
            "current_ratio": 283.08,
            "debt_ratio": 25.25,
            "inventory_turnover_ratio": 0.85,
            "account_receivable_turnover_ratio": 1.37,
            "reinvestment_rate": null,
            "research_to_sale_ratio": 0.63,
            "price_fair": 0,
            "eps_avg_yearly": 0,
            "eps_latest_yearly": 0,
            "eps_growth_yearly": 0
        },
        "20173": {
            "year_quarter": 20173,
            "year": 2017,
            "quarter": 3,
            "eps": 0.08,
            "eps_growth_year": null,
            "eps_4q": -0.26,
            "eps_4q_growth_year": null,
            "roe": 0.83,
            "roe_4q": -2.57,
            "gross_profit": 65567,
            "gross_margin": 44.46,
            "gross_margin_4q_avg": 41.09,
            "net_income": 3411,
            "net_income_4q": null,
            "revenue": 147467,
            "revenue_4q": null,
            "common_shares": 424439,
            "book_valuer_per_share": 9.74,
            "book_valuer_per_share_4q_avg": 9.7,
            "equity": 413367,
            "current_ratio": 287.14,
            "debt_ratio": 25.13,
            "inventory_turnover_ratio": 0.81,
            "account_receivable_turnover_ratio": 1.33,
            "reinvestment_rate": null,
            "research_to_sale_ratio": 0.69,
            "price_fair": 11.2,
            "eps_avg_yearly": 0.32,
            "eps_latest_yearly": 0.32,
            "eps_growth_yearly": 1200
        },
        "20174": {
            "year_quarter": 20174,
            "year": 2017,
            "quarter": 4,
            "eps": 0.14,
            "eps_growth_year": null,
            "eps_4q": 0.17,
            "eps_4q_growth_year": null,
            "roe": 1.48,
            "roe_4q": 1.75,
            "gross_profit": 65033,
            "gross_margin": 45.02,
            "gross_margin_4q_avg": 42.23,
            "net_income": 6144,
            "net_income_4q": null,
            "revenue": 144446,
            "revenue_4q": null,
            "common_shares": 424439,
            "book_valuer_per_share": 9.87,
            "book_valuer_per_share_4q_avg": 9.73,
            "equity": 418746,
            "current_ratio": 283.29,
            "debt_ratio": 25.76,
            "inventory_turnover_ratio": 0.76,
            "account_receivable_turnover_ratio": 1.35,
            "reinvestment_rate": null,
            "research_to_sale_ratio": 0.73,
            "price_fair": 15.4,
            "eps_avg_yearly": 0.44,
            "eps_latest_yearly": 0.56,
            "eps_growth_yearly": 750
        },
        "20181": {
            "year_quarter": 20181,
            "year": 2018,
            "quarter": 1,
            "eps": 0.04,
            "eps_growth_year": null,
            "eps_4q": 0.29,
            "eps_4q_growth_year": null,
            "roe": 0.44,
            "roe_4q": 3,
            "gross_profit": 61719,
            "gross_margin": 43.21,
            "gross_margin_4q_avg": 43.48,
            "net_income": 1827,
            "net_income_4q": null,
            "revenue": 142841,
            "revenue_4q": null,
            "common_shares": 424439,
            "book_valuer_per_share": 9.92,
            "book_valuer_per_share_4q_avg": 9.8,
            "equity": 420953,
            "current_ratio": 324.99,
            "debt_ratio": 22.72,
            "inventory_turnover_ratio": 0.74,
            "account_receivable_turnover_ratio": 1.44,
            "reinvestment_rate": null,
            "research_to_sale_ratio": 0.73,
            "price_fair": 12.13,
            "eps_avg_yearly": 0.35,
            "eps_latest_yearly": 0.16,
            "eps_growth_yearly": 404.76
        },
        "20182": {
            "year_quarter": 20182,
            "year": 2018,
            "quarter": 2,
            "eps": -0.01,
            "eps_growth_year": -150,
            "eps_4q": 0.26,
            "eps_4q_growth_year": null,
            "roe": -0.09,
            "roe_4q": 2.66,
            "gross_profit": 69165,
            "gross_margin": 44.62,
            "gross_margin_4q_avg": 44.33,
            "net_income": -387,
            "net_income_4q": null,
            "revenue": 154994,
            "revenue_4q": null,
            "common_shares": 424439,
            "book_valuer_per_share": 9.95,
            "book_valuer_per_share_4q_avg": 9.87,
            "equity": 422360,
            "current_ratio": 273.15,
            "debt_ratio": 26.79,
            "inventory_turnover_ratio": 0.79,
            "account_receivable_turnover_ratio": 1.5,
            "reinvestment_rate": null,
            "research_to_sale_ratio": 0.68,
            "price_fair": 12.13,
            "eps_avg_yearly": 0.35,
            "eps_latest_yearly": 0.16,
            "eps_growth_yearly": 404.76
        },
        "20183": {
            "year_quarter": 20183,
            "year": 2018,
            "quarter": 3,
            "eps": -0.03,
            "eps_growth_year": -137.5,
            "eps_4q": 0.15,
            "eps_4q_growth_year": null,
            "roe": -0.3,
            "roe_4q": 1.53,
            "gross_profit": 58834,
            "gross_margin": 42.54,
            "gross_margin_4q_avg": 43.85,
            "net_income": -1248,
            "net_income_4q": null,
            "revenue": 138310,
            "revenue_4q": null,
            "common_shares": 424439,
            "book_valuer_per_share": 9.92,
            "book_valuer_per_share_4q_avg": 9.92,
            "equity": 420889,
            "current_ratio": 306.13,
            "debt_ratio": 24.06,
            "inventory_turnover_ratio": 0.77,
            "account_receivable_turnover_ratio": 1.31,
            "reinvestment_rate": null,
            "research_to_sale_ratio": 0.78,
            "price_fair": 12.13,
            "eps_avg_yearly": 0.35,
            "eps_latest_yearly": 0.16,
            "eps_growth_yearly": 404.76
        },
        "20184": {
            "year_quarter": 20184,
            "year": 2018,
            "quarter": 4,
            "eps": 0.16,
            "eps_growth_year": 9.57,
            "eps_4q": 0.16,
            "eps_4q_growth_year": -4.34,
            "roe": 1.58,
            "roe_4q": 1.63,
            "gross_profit": 47271,
            "gross_margin": 37.31,
            "gross_margin_4q_avg": 41.92,
            "net_income": 6732,
            "net_income_4q": null,
            "revenue": 126707,
            "revenue_4q": null,
            "common_shares": 424439,
            "book_valuer_per_share": 10.12,
            "book_valuer_per_share_4q_avg": 9.98,
            "equity": 429547,
            "current_ratio": 291.21,
            "debt_ratio": 24.83,
            "inventory_turnover_ratio": 0.77,
            "account_receivable_turnover_ratio": 1.33,
            "reinvestment_rate": null,
            "research_to_sale_ratio": 1.05,
            "price_fair": 12.13,
            "eps_avg_yearly": 0.35,
            "eps_latest_yearly": 0.16,
            "eps_growth_yearly": 404.76
        },
        "20191": {
            "year_quarter": 20191,
            "year": 2019,
            "quarter": 1,
            "eps": 0.12,
            "eps_growth_year": 200,
            "eps_4q": 0.24,
            "eps_4q_growth_year": -17.52,
            "roe": 1.19,
            "roe_4q": 2.3800000000000003,
            "gross_profit": 62185,
            "gross_margin": 42.11,
            "gross_margin_4q_avg": 41.65,
            "net_income": 5124,
            "net_income_4q": null,
            "revenue": 147681,
            "revenue_4q": null,
            "common_shares": 424439,
            "book_valuer_per_share": 10.25,
            "book_valuer_per_share_4q_avg": 10.06,
            "equity": 434991,
            "current_ratio": 301.68,
            "debt_ratio": 25.87,
            "inventory_turnover_ratio": 0.82,
            "account_receivable_turnover_ratio": 1.56,
            "reinvestment_rate": null,
            "research_to_sale_ratio": 0.74,
            "price_fair": 13.3,
            "eps_avg_yearly": 0.38,
            "eps_latest_yearly": 0.48,
            "eps_growth_yearly": 278.57
        },
        "20192": {
            "year_quarter": 20192,
            "year": 2019,
            "quarter": 2,
            "eps": 0.04,
            "eps_growth_year": null,
            "eps_4q": 0.29,
            "eps_4q_growth_year": 12.54,
            "roe": 0.41,
            "roe_4q": 2.88,
            "gross_profit": 68525,
            "gross_margin": 44.64,
            "gross_margin_4q_avg": 41.65,
            "net_income": 1766,
            "net_income_4q": null,
            "revenue": 153510,
            "revenue_4q": null,
            "common_shares": 424439,
            "book_valuer_per_share": 10.29,
            "book_valuer_per_share_4q_avg": 10.15,
            "equity": 436927,
            "current_ratio": 284.09,
            "debt_ratio": 27.35,
            "inventory_turnover_ratio": 0.82,
            "account_receivable_turnover_ratio": 1.54,
            "reinvestment_rate": null,
            "research_to_sale_ratio": 0.65,
            "price_fair": 11.76,
            "eps_avg_yearly": 0.34,
            "eps_latest_yearly": 0.16,
            "eps_growth_yearly": 169.52
        },
        "20193": {
            "year_quarter": 20193,
            "year": 2019,
            "quarter": 3,
            "eps": 0.19,
            "eps_growth_year": null,
            "eps_4q": 0.51,
            "eps_4q_growth_year": 243.14,
            "roe": 1.84,
            "roe_4q": 5.02,
            "gross_profit": 65451,
            "gross_margin": 44.94,
            "gross_margin_4q_avg": 42.25,
            "net_income": 8119,
            "net_income_4q": null,
            "revenue": 145643,
            "revenue_4q": null,
            "common_shares": 424439,
            "book_valuer_per_share": 10.48,
            "book_valuer_per_share_4q_avg": 10.29,
            "equity": 444701,
            "current_ratio": 309.49,
            "debt_ratio": 25.5,
            "inventory_turnover_ratio": 0.79,
            "account_receivable_turnover_ratio": 1.42,
            "reinvestment_rate": -1907.22,
            "research_to_sale_ratio": 0.69,
            "price_fair": 14.23,
            "eps_avg_yearly": 0.41,
            "eps_latest_yearly": 0.76,
            "eps_growth_yearly": 391.27
        },
        "20194": {
            "year_quarter": 20194,
            "year": 2019,
            "quarter": 4,
            "eps": 0.23,
            "eps_growth_year": 46.3,
            "eps_4q": 0.59,
            "eps_4q_growth_year": 259.01,
            "roe": 2.19,
            "roe_4q": 5.630000000000001,
            "gross_profit": 67753,
            "gross_margin": 45.4,
            "gross_margin_4q_avg": 44.27,
            "net_income": 9849,
            "net_income_4q": null,
            "revenue": 149232,
            "revenue_4q": null,
            "common_shares": 424439,
            "book_valuer_per_share": 10.7,
            "book_valuer_per_share_4q_avg": 10.43,
            "equity": 454063,
            "current_ratio": 331.52,
            "debt_ratio": 23.78,
            "inventory_turnover_ratio": 0.83,
            "account_receivable_turnover_ratio": 1.47,
            "reinvestment_rate": -168.1,
            "research_to_sale_ratio": 0.9,
            "price_fair": 16.8,
            "eps_avg_yearly": 0.48,
            "eps_latest_yearly": 0.92,
            "eps_growth_yearly": 347.4
        },
        "20201": {
            "year_quarter": 20201,
            "year": 2020,
            "quarter": 1,
            "eps": 0.31,
            "eps_growth_year": 158.33,
            "eps_4q": 0.78,
            "eps_4q_growth_year": 223.39,
            "roe": 2.89,
            "roe_4q": 7.33,
            "gross_profit": 73830,
            "gross_margin": 46.62,
            "gross_margin_4q_avg": 45.4,
            "net_income": 13320,
            "net_income_4q": null,
            "revenue": 158368,
            "revenue_4q": null,
            "common_shares": 424439,
            "book_valuer_per_share": 11.02,
            "book_valuer_per_share_4q_avg": 10.62,
            "equity": 467582,
            "current_ratio": 355.23,
            "debt_ratio": 22.46,
            "inventory_turnover_ratio": 0.87,
            "account_receivable_turnover_ratio": 1.46,
            "reinvestment_rate": -83.79,
            "research_to_sale_ratio": 0.82,
            "price_fair": 20.13,
            "eps_avg_yearly": 0.58,
            "eps_latest_yearly": 1.24,
            "eps_growth_yearly": 321.37
        },
        "20202": {
            "year_quarter": 20202,
            "year": 2020,
            "quarter": 2,
            "eps": 0.26,
            "eps_growth_year": 550,
            "eps_4q": 1,
            "eps_4q_growth_year": 242.1,
            "roe": 2.34,
            "roe_4q": 9.26,
            "gross_profit": 74403,
            "gross_margin": 45.03,
            "gross_margin_4q_avg": 45.5,
            "net_income": 11044,
            "net_income_4q": null,
            "revenue": 165248,
            "revenue_4q": null,
            "common_shares": 424439,
            "book_valuer_per_share": 11.25,
            "book_valuer_per_share_4q_avg": 10.86,
            "equity": 477698,
            "current_ratio": 328.28,
            "debt_ratio": 24.17,
            "inventory_turnover_ratio": 0.92,
            "account_receivable_turnover_ratio": 1.49,
            "reinvestment_rate": -50.72,
            "research_to_sale_ratio": 1.61,
            "price_fair": 21.93,
            "eps_avg_yearly": 0.63,
            "eps_latest_yearly": 1.04,
            "eps_growth_yearly": 278.49
        },
        "20203": {
            "year_quarter": 20203,
            "year": 2020,
            "quarter": 3,
            "eps": 0.01,
            "eps_growth_year": -94.74,
            "eps_4q": 0.82,
            "eps_4q_growth_year": 59.91,
            "roe": 0.12,
            "roe_4q": 7.539999999999999,
            "gross_profit": 64601,
            "gross_margin": 43.12,
            "gross_margin_4q_avg": 45.04,
            "net_income": 553,
            "net_income_4q": null,
            "revenue": 149806,
            "revenue_4q": null,
            "common_shares": 424439,
            "book_valuer_per_share": 11.25,
            "book_valuer_per_share_4q_avg": 11.06,
            "equity": 477681,
            "current_ratio": 339.81,
            "debt_ratio": 23.45,
            "inventory_turnover_ratio": 0.84,
            "account_receivable_turnover_ratio": 1.38,
            "reinvestment_rate": -39.32,
            "research_to_sale_ratio": 1.33,
            "price_fair": 19.88,
            "eps_avg_yearly": 0.57,
            "eps_latest_yearly": 0.04,
            "eps_growth_yearly": 212.18
        },
        "20204": {
            "year_quarter": 20204,
            "year": 2020,
            "quarter": 4,
            "eps": 0.32,
            "eps_growth_year": 38.88,
            "eps_4q": 0.91,
            "eps_4q_growth_year": 55.26,
            "roe": 2.83,
            "roe_4q": 8.18,
            "gross_profit": 66414,
            "gross_margin": 45.09,
            "gross_margin_4q_avg": 44.97,
            "net_income": 13678,
            "net_income_4q": null,
            "revenue": 147291,
            "revenue_4q": null,
            "common_shares": 424439,
            "book_valuer_per_share": 11.56,
            "book_valuer_per_share_4q_avg": 11.27,
            "equity": 490521,
            "current_ratio": 323.96,
            "debt_ratio": 24.61,
            "inventory_turnover_ratio": 0.75,
            "account_receivable_turnover_ratio": 1.38,
            "reinvestment_rate": -23.46,
            "research_to_sale_ratio": 0.65,
            "price_fair": 22.15,
            "eps_avg_yearly": 0.63,
            "eps_latest_yearly": 1.28,
            "eps_growth_yearly": 1320.17
        },
        "20211": {
            "year_quarter": 20211,
            "year": 2021,
            "quarter": 1,
            "eps": 0.15,
            "eps_growth_year": -51.61,
            "eps_4q": 0.75,
            "eps_4q_growth_year": -3.72,
            "roe": 1.33,
            "roe_4q": 6.62,
            "gross_profit": 64855,
            "gross_margin": 41.01,
            "gross_margin_4q_avg": 43.56,
            "net_income": 6549,
            "net_income_4q": null,
            "revenue": 158134,
            "revenue_4q": null,
            "common_shares": 424439,
            "book_valuer_per_share": 11.71,
            "book_valuer_per_share_4q_avg": 11.44,
            "equity": 497026,
            "current_ratio": 356.76,
            "debt_ratio": 22.66,
            "inventory_turnover_ratio": 0.86,
            "account_receivable_turnover_ratio": 1.48,
            "reinvestment_rate": -18.16,
            "research_to_sale_ratio": 0.73,
            "price_fair": 22.05,
            "eps_avg_yearly": 0.63,
            "eps_latest_yearly": 0.6,
            "eps_growth_yearly": 1192.44
        },
        "20212": {
            "year_quarter": 20212,
            "year": 2021,
            "quarter": 2,
            "eps": 0.24,
            "eps_growth_year": -7.69,
            "eps_4q": 0.73,
            "eps_4q_growth_year": -26.81,
            "roe": 2.03,
            "roe_4q": 6.31,
            "gross_profit": 66474,
            "gross_margin": 40.89,
            "gross_margin_4q_avg": 42.53,
            "net_income": 10203,
            "net_income_4q": null,
            "revenue": 162565,
            "revenue_4q": null,
            "common_shares": 424439,
            "book_valuer_per_share": 11.93,
            "book_valuer_per_share_4q_avg": 11.61,
            "equity": 506425,
            "current_ratio": 333.06,
            "debt_ratio": 24.07,
            "inventory_turnover_ratio": 0.89,
            "account_receivable_turnover_ratio": 1.45,
            "reinvestment_rate": -13.8,
            "research_to_sale_ratio": 0.59,
            "price_fair": 22.94,
            "eps_avg_yearly": 0.66,
            "eps_latest_yearly": 0.96,
            "eps_growth_yearly": 1119.18
        },
        "20213": {
            "year_quarter": 20213,
            "year": 2021,
            "quarter": 3,
            "eps": -0.01,
            "eps_growth_year": -200,
            "eps_4q": 0.7,
            "eps_4q_growth_year": -14.26,
            "roe": -0.13,
            "roe_4q": 6.0600000000000005,
            "gross_profit": 52659,
            "gross_margin": 38.02,
            "gross_margin_4q_avg": 41.25,
            "net_income": -621,
            "net_income_4q": null,
            "revenue": 138505,
            "revenue_4q": null,
            "common_shares": 424439,
            "book_valuer_per_share": 11.41,
            "book_valuer_per_share_4q_avg": 11.65,
            "equity": 484469,
            "current_ratio": 291.61,
            "debt_ratio": 26.84,
            "inventory_turnover_ratio": 0.75,
            "account_receivable_turnover_ratio": 1.28,
            "reinvestment_rate": -12.9,
            "research_to_sale_ratio": 0.68,
            "price_fair": 23.92,
            "eps_avg_yearly": 0.68,
            "eps_latest_yearly": 0.96,
            "eps_growth_yearly": 1112.44
        },
        "20214": {
            "year_quarter": 20214,
            "year": 2021,
            "quarter": 4,
            "eps": 0.08,
            "eps_growth_year": -76.03,
            "eps_4q": 0.46,
            "eps_4q_growth_year": -49.71,
            "roe": 0.68,
            "roe_4q": 3.91,
            "gross_profit": 62038,
            "gross_margin": 38.74,
            "gross_margin_4q_avg": 39.67,
            "net_income": 3278,
            "net_income_4q": null,
            "revenue": 160148,
            "revenue_4q": null,
            "common_shares": 424439,
            "book_valuer_per_share": 11.45,
            "book_valuer_per_share_4q_avg": 11.63,
            "equity": 485846,
            "current_ratio": 286.86,
            "debt_ratio": 27.47,
            "inventory_turnover_ratio": 0.83,
            "account_receivable_turnover_ratio": 1.5,
            "reinvestment_rate": -13.31,
            "research_to_sale_ratio": 0.77,
            "price_fair": 24.31,
            "eps_avg_yearly": 0.69,
            "eps_latest_yearly": 0.96,
            "eps_growth_yearly": 1186.3
        },
        "20221": {
            "year_quarter": 20221,
            "year": 2022,
            "quarter": 1,
            "eps": 0.03,
            "eps_growth_year": -80,
            "eps_4q": 0.34,
            "eps_4q_growth_year": -55.24,
            "roe": 0.28,
            "roe_4q": 2.86,
            "gross_profit": 55268,
            "gross_margin": 37.41,
            "gross_margin_4q_avg": 38.77,
            "net_income": 1384,
            "net_income_4q": null,
            "revenue": 147744,
            "revenue_4q": null,
            "common_shares": 424439,
            "book_valuer_per_share": 11.52,
            "book_valuer_per_share_4q_avg": 11.58,
            "equity": 489037,
            "current_ratio": 379.27,
            "debt_ratio": 21.26,
            "inventory_turnover_ratio": 0.8,
            "account_receivable_turnover_ratio": 1.41,
            "reinvestment_rate": -11.87,
            "research_to_sale_ratio": 0.76,
            "price_fair": 24.18,
            "eps_avg_yearly": 0.69,
            "eps_latest_yearly": 0.12,
            "eps_growth_yearly": 1189.55
        },
        "20222": {
            "year_quarter": 20222,
            "year": 2022,
            "quarter": 2,
            "eps": 0.15,
            "eps_growth_year": -37.5,
            "eps_4q": 0.24,
            "eps_4q_growth_year": -66.56,
            "roe": 1.3,
            "roe_4q": 2.1300000000000003,
            "gross_profit": 60453,
            "gross_margin": 38.19,
            "gross_margin_4q_avg": 38.09,
            "net_income": 6320,
            "net_income_4q": null,
            "revenue": 158283,
            "revenue_4q": null,
            "common_shares": 424439,
            "book_valuer_per_share": 11.34,
            "book_valuer_per_share_4q_avg": 11.43,
            "equity": 481377,
            "current_ratio": 308.44,
            "debt_ratio": 25.14,
            "inventory_turnover_ratio": 0.89,
            "account_receivable_turnover_ratio": 1.62,
            "reinvestment_rate": -9.72,
            "research_to_sale_ratio": 1.1,
            "price_fair": 23.92,
            "eps_avg_yearly": 0.68,
            "eps_latest_yearly": 0.6,
            "eps_growth_yearly": 1223.75
        },
        "20223": {
            "year_quarter": 20223,
            "year": 2022,
            "quarter": 3,
            "eps": 0.05,
            "eps_growth_year": null,
            "eps_4q": 0.31,
            "eps_4q_growth_year": -55.49,
            "roe": 0.47,
            "roe_4q": 2.73,
            "gross_profit": 53390,
            "gross_margin": 37.81,
            "gross_margin_4q_avg": 38.04,
            "net_income": 2286,
            "net_income_4q": null,
            "revenue": 141194,
            "revenue_4q": null,
            "common_shares": 424439,
            "book_valuer_per_share": 11.45,
            "book_valuer_per_share_4q_avg": 11.44,
            "equity": 485894,
            "current_ratio": 347.18,
            "debt_ratio": 22.9,
            "inventory_turnover_ratio": 0.84,
            "account_receivable_turnover_ratio": 1.47,
            "reinvestment_rate": -9.73,
            "research_to_sale_ratio": 0.71,
            "price_fair": 22.62,
            "eps_avg_yearly": 0.65,
            "eps_latest_yearly": 0.2,
            "eps_growth_yearly": 1109.11
        },
        "20224": {
            "year_quarter": 20224,
            "year": 2022,
            "quarter": 4,
            "eps": -0.11,
            "eps_growth_year": -247.13,
            "eps_4q": 0.12,
            "eps_4q_growth_year": -73.38,
            "roe": -1,
            "roe_4q": 1.05,
            "gross_profit": 53433,
            "gross_margin": 38.2,
            "gross_margin_4q_avg": 37.9,
            "net_income": -4823,
            "net_income_4q": null,
            "revenue": 139880,
            "revenue_4q": null,
            "common_shares": 424439,
            "book_valuer_per_share": 11.36,
            "book_valuer_per_share_4q_avg": 11.42,
            "equity": 482267,
            "current_ratio": 303.74,
            "debt_ratio": 26.27,
            "inventory_turnover_ratio": 0.83,
            "account_receivable_turnover_ratio": 1.49,
            "reinvestment_rate": -10.61,
            "research_to_sale_ratio": 1.6,
            "price_fair": 22.62,
            "eps_avg_yearly": 0.65,
            "eps_latest_yearly": 0.2,
            "eps_growth_yearly": 1109.11
        },
        "20231": {
            "year_quarter": 20231,
            "year": 2023,
            "quarter": 1,
            "eps": -0.05,
            "eps_growth_year": -266.67,
            "eps_4q": 0.04,
            "eps_4q_growth_year": -88.77,
            "roe": -0.45,
            "roe_4q": 0.32000000000000006,
            "gross_profit": 49277,
            "gross_margin": 36.42,
            "gross_margin_4q_avg": 37.66,
            "net_income": -2184,
            "net_income_4q": null,
            "revenue": 135320,
            "revenue_4q": null,
            "common_shares": 424439,
            "book_valuer_per_share": 11.31,
            "book_valuer_per_share_4q_avg": 11.37,
            "equity": 479893,
            "current_ratio": 383.68,
            "debt_ratio": 20.88,
            "inventory_turnover_ratio": 0.81,
            "account_receivable_turnover_ratio": 1.46,
            "reinvestment_rate": 5.5,
            "research_to_sale_ratio": 0.92,
            "price_fair": 23.1,
            "eps_avg_yearly": 0.66,
            "eps_latest_yearly": 0.2,
            "eps_growth_yearly": 1209.86
        },
        "20232": {
            "year_quarter": 20232,
            "year": 2023,
            "quarter": 2,
            "eps": 0.02,
            "eps_growth_year": -86.67,
            "eps_4q": -0.09,
            "eps_4q_growth_year": -137.33,
            "roe": 0.18,
            "roe_4q": -0.8,
            "gross_profit": 59113,
            "gross_margin": 38.54,
            "gross_margin_4q_avg": 37.74,
            "net_income": 853,
            "net_income_4q": null,
            "revenue": 153375,
            "revenue_4q": null,
            "common_shares": 424439,
            "book_valuer_per_share": 11.33,
            "book_valuer_per_share_4q_avg": 11.36,
            "equity": 480709,
            "current_ratio": 339.81,
            "debt_ratio": 23.02,
            "inventory_turnover_ratio": 0.94,
            "account_receivable_turnover_ratio": 1.59,
            "reinvestment_rate": 10.05,
            "research_to_sale_ratio": 0.71,
            "price_fair": 24.69,
            "eps_avg_yearly": 0.71,
            "eps_latest_yearly": 0.2,
            "eps_growth_yearly": 1344.09
        },
        "20233": {
            "year_quarter": 20233,
            "year": 2023,
            "quarter": 3,
            "eps": 0.01,
            "eps_growth_year": -80,
            "eps_4q": -0.14,
            "eps_4q_growth_year": -144.18,
            "roe": 0.06,
            "roe_4q": -1.21,
            "gross_profit": 53294,
            "gross_margin": 41.33,
            "gross_margin_4q_avg": 38.62,
            "net_income": 292,
            "net_income_4q": null,
            "revenue": 128952,
            "revenue_4q": null,
            "common_shares": 424439,
            "book_valuer_per_share": 11.38,
            "book_valuer_per_share_4q_avg": 11.35,
            "equity": 483096,
            "current_ratio": 319.38,
            "debt_ratio": 24.53,
            "inventory_turnover_ratio": 0.82,
            "account_receivable_turnover_ratio": 1.38,
            "reinvestment_rate": 12.57,
            "research_to_sale_ratio": 1.24,
            "price_fair": 22.4,
            "eps_avg_yearly": 0.64,
            "eps_latest_yearly": 0.04,
            "eps_growth_yearly": 1189.55
        },
        "20234": {
            "year_quarter": 20234,
            "year": 2023,
            "quarter": 4,
            "eps": -0.12,
            "eps_growth_year": null,
            "eps_4q": -0.14,
            "eps_4q_growth_year": -217.22,
            "roe": -1.05,
            "roe_4q": -1.26,
            "gross_profit": 53580,
            "gross_margin": 39.22,
            "gross_margin_4q_avg": 38.88,
            "net_income": -5018,
            "net_income_4q": null,
            "revenue": 136612,
            "revenue_4q": null,
            "common_shares": 424439,
            "book_valuer_per_share": 11.24,
            "book_valuer_per_share_4q_avg": 11.32,
            "equity": 476885,
            "current_ratio": 283.03,
            "debt_ratio": 26.85,
            "inventory_turnover_ratio": 0.92,
            "account_receivable_turnover_ratio": 1.53,
            "reinvestment_rate": 18.7,
            "research_to_sale_ratio": 0.8,
            "price_fair": 21.42,
            "eps_avg_yearly": 0.61,
            "eps_latest_yearly": 0.04,
            "eps_growth_yearly": 1300.08
        }
    },
    "months": {
        "2001-09": {
            "month": "2001-09",
            "price": "9.16",
            "revenue": 35995
        },
        "2001-10": {
            "month": "2001-10",
            "price": "9.09",
            "revenue": 31850
        },
        "2001-11": {
            "month": "2001-11",
            "price": "8.84",
            "revenue": 37844
        },
        "2001-12": {
            "month": "2001-12",
            "price": "10.25",
            "revenue": 45899
        },
        "2002-01": {
            "month": "2002-01",
            "price": "9.94",
            "revenue": 42472
        },
        "2002-02": {
            "month": "2002-02",
            "price": "9.84",
            "revenue": 27890
        },
        "2002-03": {
            "month": "2002-03",
            "price": "10.73",
            "revenue": 37788
        },
        "2002-04": {
            "month": "2002-04",
            "price": "12.00",
            "revenue": 36399
        },
        "2002-05": {
            "month": "2002-05",
            "price": "10.57",
            "revenue": 34037
        },
        "2002-06": {
            "month": "2002-06",
            "price": "11.59",
            "revenue": 31888
        },
        "2002-07": {
            "month": "2002-07",
            "price": "10.65",
            "revenue": 28355
        },
        "2002-08": {
            "month": "2002-08",
            "price": "9.80",
            "revenue": 34400
        },
        "2002-09": {
            "month": "2002-09",
            "price": "8.42",
            "revenue": 32408
        },
        "2002-10": {
            "month": "2002-10",
            "price": "7.03",
            "revenue": 34024
        },
        "2002-11": {
            "month": "2002-11",
            "price": "7.74",
            "revenue": 39491
        },
        "2002-12": {
            "month": "2002-12",
            "price": "8.19",
            "revenue": 46516
        },
        "2003-01": {
            "month": "2003-01",
            "price": "8.64",
            "revenue": 43078
        },
        "2003-02": {
            "month": "2003-02",
            "price": "8.24",
            "revenue": 30985
        },
        "2003-03": {
            "month": "2003-03",
            "price": "7.85",
            "revenue": 41923
        },
        "2003-04": {
            "month": "2003-04",
            "price": "8.55",
            "revenue": 40044
        },
        "2003-05": {
            "month": "2003-05",
            "price": "12.93",
            "revenue": 45382
        },
        "2003-06": {
            "month": "2003-06",
            "price": "10.86",
            "revenue": 39738
        },
        "2003-07": {
            "month": "2003-07",
            "price": "10.23",
            "revenue": 31827
        },
        "2003-08": {
            "month": "2003-08",
            "price": "10.37",
            "revenue": 33502
        },
        "2003-09": {
            "month": "2003-09",
            "price": "11.59",
            "revenue": 46987
        },
        "2003-10": {
            "month": "2003-10",
            "price": "12.32",
            "revenue": 45014
        },
        "2003-11": {
            "month": "2003-11",
            "price": "12.34",
            "revenue": 41149
        },
        "2003-12": {
            "month": "2003-12",
            "price": "12.42",
            "revenue": 55574
        },
        "2004-01": {
            "month": "2004-01",
            "price": "12.48",
            "revenue": 39866
        },
        "2004-02": {
            "month": "2004-02",
            "price": "13.53",
            "revenue": 37393
        },
        "2004-03": {
            "month": "2004-03",
            "price": "11.69",
            "revenue": 46246
        },
        "2004-04": {
            "month": "2004-04",
            "price": "10.95",
            "revenue": 39726
        },
        "2004-05": {
            "month": "2004-05",
            "price": "9.69",
            "revenue": 39591
        },
        "2004-06": {
            "month": "2004-06",
            "price": "8.86",
            "revenue": 46503
        },
        "2004-07": {
            "month": "2004-07",
            "price": "8.40",
            "revenue": 32254
        },
        "2004-08": {
            "month": "2004-08",
            "price": "7.89",
            "revenue": 34459
        },
        "2004-09": {
            "month": "2004-09",
            "price": "7.92",
            "revenue": 35907
        },
        "2004-10": {
            "month": "2004-10",
            "price": "8.00",
            "revenue": 37985
        },
        "2004-11": {
            "month": "2004-11",
            "price": "7.80",
            "revenue": 33648
        },
        "2004-12": {
            "month": "2004-12",
            "price": "7.93",
            "revenue": 63791
        },
        "2005-01": {
            "month": "2005-01",
            "price": "9.23",
            "revenue": 46692
        },
        "2005-02": {
            "month": "2005-02",
            "price": "9.22",
            "revenue": 31596
        },
        "2005-03": {
            "month": "2005-03",
            "price": "8.79",
            "revenue": 41408
        },
        "2005-04": {
            "month": "2005-04",
            "price": "8.20",
            "revenue": 34382
        },
        "2005-05": {
            "month": "2005-05",
            "price": "7.95",
            "revenue": 42574
        },
        "2005-06": {
            "month": "2005-06",
            "price": "8.42",
            "revenue": 40190
        },
        "2005-07": {
            "month": "2005-07",
            "price": "8.31",
            "revenue": 31076
        },
        "2005-08": {
            "month": "2005-08",
            "price": "8.39",
            "revenue": 38308
        },
        "2005-09": {
            "month": "2005-09",
            "price": "8.22",
            "revenue": 50599
        },
        "2005-10": {
            "month": "2005-10",
            "price": "10.37",
            "revenue": 38987
        },
        "2005-11": {
            "month": "2005-11",
            "price": "16.27",
            "revenue": 40400
        },
        "2005-12": {
            "month": "2005-12",
            "price": "15.79",
            "revenue": 57433
        },
        "2006-01": {
            "month": "2006-01",
            "price": "15.33",
            "revenue": 61752
        },
        "2006-02": {
            "month": "2006-02",
            "price": "15.94",
            "revenue": 40909
        },
        "2006-03": {
            "month": "2006-03",
            "price": "16.12",
            "revenue": 45858
        },
        "2006-04": {
            "month": "2006-04",
            "price": "15.34",
            "revenue": 50314
        },
        "2006-05": {
            "month": "2006-05",
            "price": "14.31",
            "revenue": 46402
        },
        "2006-06": {
            "month": "2006-06",
            "price": "13.24",
            "revenue": 48562
        },
        "2006-07": {
            "month": "2006-07",
            "price": "12.18",
            "revenue": 51587
        },
        "2006-08": {
            "month": "2006-08",
            "price": "11.77",
            "revenue": 46397
        },
        "2006-09": {
            "month": "2006-09",
            "price": "12.30",
            "revenue": 46635
        },
        "2006-10": {
            "month": "2006-10",
            "price": "14.04",
            "revenue": 40426
        },
        "2006-11": {
            "month": "2006-11",
            "price": "14.39",
            "revenue": 42723
        },
        "2006-12": {
            "month": "2006-12",
            "price": "14.53",
            "revenue": 63430
        },
        "2007-01": {
            "month": "2007-01",
            "price": "14.60",
            "revenue": 71477
        },
        "2007-02": {
            "month": "2007-02",
            "price": "14.44",
            "revenue": 59219
        },
        "2007-03": {
            "month": "2007-03",
            "price": "12.93",
            "revenue": 49977
        },
        "2007-04": {
            "month": "2007-04",
            "price": "13.60",
            "revenue": 50393
        },
        "2007-05": {
            "month": "2007-05",
            "price": "13.74",
            "revenue": 54181
        },
        "2007-06": {
            "month": "2007-06",
            "price": "13.94",
            "revenue": 53073
        },
        "2007-07": {
            "month": "2007-07",
            "price": "15.71",
            "revenue": 50308
        },
        "2007-08": {
            "month": "2007-08",
            "price": "13.87",
            "revenue": 50424
        },
        "2007-09": {
            "month": "2007-09",
            "price": "13.79",
            "revenue": 51562
        },
        "2007-10": {
            "month": "2007-10",
            "price": "13.71",
            "revenue": 48313
        },
        "2007-11": {
            "month": "2007-11",
            "price": "12.09",
            "revenue": 64048
        },
        "2007-12": {
            "month": "2007-12",
            "price": "11.78",
            "revenue": 52420
        },
        "2008-01": {
            "month": "2008-01",
            "price": "11.31",
            "revenue": 84400
        },
        "2008-02": {
            "month": "2008-02",
            "price": "11.42",
            "revenue": 46605
        },
        "2008-03": {
            "month": "2008-03",
            "price": "12.56",
            "revenue": 69678
        },
        "2008-04": {
            "month": "2008-04",
            "price": "13.34",
            "revenue": 49252
        },
        "2008-05": {
            "month": "2008-05",
            "price": "14.85",
            "revenue": 52825
        },
        "2008-06": {
            "month": "2008-06",
            "price": "13.50",
            "revenue": 62311
        },
        "2008-07": {
            "month": "2008-07",
            "price": "11.00",
            "revenue": 54414
        },
        "2008-08": {
            "month": "2008-08",
            "price": "10.40",
            "revenue": 48134
        },
        "2008-09": {
            "month": "2008-09",
            "price": "9.50",
            "revenue": 50357
        },
        "2008-10": {
            "month": "2008-10",
            "price": "8.76",
            "revenue": 49808
        },
        "2008-11": {
            "month": "2008-11",
            "price": "8.38",
            "revenue": 57577
        },
        "2008-12": {
            "month": "2008-12",
            "price": "8.65",
            "revenue": 67688
        },
        "2009-01": {
            "month": "2009-01",
            "price": "8.47",
            "revenue": 86823
        },
        "2009-02": {
            "month": "2009-02",
            "price": "8.69",
            "revenue": 43490
        },
        "2009-03": {
            "month": "2009-03",
            "price": "8.71",
            "revenue": 58874
        },
        "2009-04": {
            "month": "2009-04",
            "price": "10.03",
            "revenue": 53174
        },
        "2009-05": {
            "month": "2009-05",
            "price": "14.19",
            "revenue": 54582
        },
        "2009-06": {
            "month": "2009-06",
            "price": "12.82",
            "revenue": 58114
        },
        "2009-07": {
            "month": "2009-07",
            "price": "13.17",
            "revenue": 45794
        },
        "2009-08": {
            "month": "2009-08",
            "price": "18.66",
            "revenue": 50999
        },
        "2009-09": {
            "month": "2009-09",
            "price": "20.77",
            "revenue": 46991
        },
        "2009-10": {
            "month": "2009-10",
            "price": "19.83",
            "revenue": 53356
        },
        "2009-11": {
            "month": "2009-11",
            "price": "19.59",
            "revenue": 53480
        },
        "2009-12": {
            "month": "2009-12",
            "price": "17.73",
            "revenue": 58987
        },
        "2010-01": {
            "month": "2010-01",
            "price": "16.96",
            "revenue": 104375
        },
        "2010-02": {
            "month": "2010-02",
            "price": "13.53",
            "revenue": 43115
        },
        "2010-03": {
            "month": "2010-03",
            "price": "14.52",
            "revenue": 50114
        },
        "2010-04": {
            "month": "2010-04",
            "price": "16.00",
            "revenue": 60683
        },
        "2010-05": {
            "month": "2010-05",
            "price": "15.31",
            "revenue": 58520
        },
        "2010-06": {
            "month": "2010-06",
            "price": "14.91",
            "revenue": 68595
        },
        "2010-07": {
            "month": "2010-07",
            "price": "15.12",
            "revenue": 67688
        },
        "2010-08": {
            "month": "2010-08",
            "price": "16.41",
            "revenue": 49147
        },
        "2010-09": {
            "month": "2010-09",
            "price": "16.98",
            "revenue": 53474
        },
        "2010-10": {
            "month": "2010-10",
            "price": "16.83",
            "revenue": 49896
        },
        "2010-11": {
            "month": "2010-11",
            "price": "15.95",
            "revenue": 53225
        },
        "2010-12": {
            "month": "2010-12",
            "price": "16.25",
            "revenue": 61021
        },
        "2011-01": {
            "month": "2011-01",
            "price": "17.88",
            "revenue": 115517
        },
        "2011-02": {
            "month": "2011-02",
            "price": "18.05",
            "revenue": 38356
        },
        "2011-03": {
            "month": "2011-03",
            "price": "17.60",
            "revenue": 52827
        },
        "2011-04": {
            "month": "2011-04",
            "price": "18.03",
            "revenue": 61691
        },
        "2011-05": {
            "month": "2011-05",
            "price": "17.55",
            "revenue": 55938
        },
        "2011-06": {
            "month": "2011-06",
            "price": "17.50",
            "revenue": 57098
        },
        "2011-07": {
            "month": "2011-07",
            "price": "17.11",
            "revenue": 59000
        },
        "2011-08": {
            "month": "2011-08",
            "price": "16.55",
            "revenue": 56404
        },
        "2011-09": {
            "month": "2011-09",
            "price": "16.28",
            "revenue": 49611
        },
        "2011-10": {
            "month": "2011-10",
            "price": "16.18",
            "revenue": 46000
        },
        "2011-11": {
            "month": "2011-11",
            "price": "15.49",
            "revenue": 47192
        },
        "2011-12": {
            "month": "2011-12",
            "price": "13.61",
            "revenue": 78777
        },
        "2012-01": {
            "month": "2012-01",
            "price": "14.02",
            "revenue": 74816
        },
        "2012-02": {
            "month": "2012-02",
            "price": "14.42",
            "revenue": 42209
        },
        "2012-03": {
            "month": "2012-03",
            "price": "15.54",
            "revenue": 55207
        },
        "2012-04": {
            "month": "2012-04",
            "price": "14.08",
            "revenue": 60838
        },
        "2012-05": {
            "month": "2012-05",
            "price": "13.83",
            "revenue": 61658
        },
        "2012-06": {
            "month": "2012-06",
            "price": "13.95",
            "revenue": 54926
        },
        "2012-07": {
            "month": "2012-07",
            "price": "13.80",
            "revenue": 55808
        },
        "2012-08": {
            "month": "2012-08",
            "price": "14.21",
            "revenue": 54846
        },
        "2012-09": {
            "month": "2012-09",
            "price": "14.19",
            "revenue": 56239
        },
        "2012-10": {
            "month": "2012-10",
            "price": "14.14",
            "revenue": 45203
        },
        "2012-11": {
            "month": "2012-11",
            "price": "13.90",
            "revenue": 46878
        },
        "2012-12": {
            "month": "2012-12",
            "price": "14.04",
            "revenue": 62691
        },
        "2013-01": {
            "month": "2013-01",
            "price": "14.37",
            "revenue": 76193
        },
        "2013-02": {
            "month": "2013-02",
            "price": "14.37",
            "revenue": 41641
        },
        "2013-03": {
            "month": "2013-03",
            "price": "14.06",
            "revenue": 40588
        },
        "2013-04": {
            "month": "2013-04",
            "price": "15.63",
            "revenue": 48940
        },
        "2013-05": {
            "month": "2013-05",
            "price": "13.97",
            "revenue": 52400
        },
        "2013-06": {
            "month": "2013-06",
            "price": "12.82",
            "revenue": 44672
        },
        "2013-07": {
            "month": "2013-07",
            "price": "11.85",
            "revenue": 43889
        },
        "2013-08": {
            "month": "2013-08",
            "price": "11.80",
            "revenue": 43787
        },
        "2013-09": {
            "month": "2013-09",
            "price": "11.60",
            "revenue": 42467
        },
        "2013-10": {
            "month": "2013-10",
            "price": "12.21",
            "revenue": 41545
        },
        "2013-11": {
            "month": "2013-11",
            "price": "12.54",
            "revenue": 43149
        },
        "2013-12": {
            "month": "2013-12",
            "price": "12.76",
            "revenue": 57396
        },
        "2014-01": {
            "month": "2014-01",
            "price": "12.85",
            "revenue": 66724
        },
        "2014-02": {
            "month": "2014-02",
            "price": "12.50",
            "revenue": 35089
        },
        "2014-03": {
            "month": "2014-03",
            "price": "11.98",
            "revenue": 40121
        },
        "2014-04": {
            "month": "2014-04",
            "price": "11.83",
            "revenue": 46112
        },
        "2014-05": {
            "month": "2014-05",
            "price": "11.79",
            "revenue": 50898
        },
        "2014-06": {
            "month": "2014-06",
            "price": "11.92",
            "revenue": 51767
        },
        "2014-07": {
            "month": "2014-07",
            "price": "12.10",
            "revenue": 46612
        },
        "2014-08": {
            "month": "2014-08",
            "price": "12.51",
            "revenue": 41504
        },
        "2014-09": {
            "month": "2014-09",
            "price": "12.38",
            "revenue": 43865
        },
        "2014-10": {
            "month": "2014-10",
            "price": "14.90",
            "revenue": 49934
        },
        "2014-11": {
            "month": "2014-11",
            "price": "14.62",
            "revenue": 47032
        },
        "2014-12": {
            "month": "2014-12",
            "price": "13.62",
            "revenue": 59534
        },
        "2015-01": {
            "month": "2015-01",
            "price": "15.23",
            "revenue": 70713
        },
        "2015-02": {
            "month": "2015-02",
            "price": "14.48",
            "revenue": 46051
        },
        "2015-03": {
            "month": "2015-03",
            "price": "14.31",
            "revenue": 38456
        },
        "2015-04": {
            "month": "2015-04",
            "price": "13.73",
            "revenue": 49985
        },
        "2015-05": {
            "month": "2015-05",
            "price": "13.57",
            "revenue": 47439
        },
        "2015-06": {
            "month": "2015-06",
            "price": "16.27",
            "revenue": 56702
        },
        "2015-07": {
            "month": "2015-07",
            "price": "12.78",
            "revenue": 48964
        },
        "2015-08": {
            "month": "2015-08",
            "price": "12.20",
            "revenue": 43766
        },
        "2015-09": {
            "month": "2015-09",
            "price": "12.71",
            "revenue": 44785
        },
        "2015-10": {
            "month": "2015-10",
            "price": "12.84",
            "revenue": 44966
        },
        "2015-11": {
            "month": "2015-11",
            "price": "12.99",
            "revenue": 44902
        },
        "2015-12": {
            "month": "2015-12",
            "price": "12.93",
            "revenue": 60676
        },
        "2016-01": {
            "month": "2016-01",
            "price": "12.76",
            "revenue": 62363
        },
        "2016-02": {
            "month": "2016-02",
            "price": "13.73",
            "revenue": 32447
        },
        "2016-03": {
            "month": "2016-03",
            "price": "13.64",
            "revenue": 35745
        },
        "2016-04": {
            "month": "2016-04",
            "price": "13.37",
            "revenue": 46272
        },
        "2016-05": {
            "month": "2016-05",
            "price": "13.05",
            "revenue": 43559
        },
        "2016-06": {
            "month": "2016-06",
            "price": "13.13",
            "revenue": 49889
        },
        "2016-07": {
            "month": "2016-07",
            "price": "13.06",
            "revenue": 48722
        },
        "2016-08": {
            "month": "2016-08",
            "price": "13.28",
            "revenue": 40812
        },
        "2016-09": {
            "month": "2016-09",
            "price": "13.53",
            "revenue": 46114
        },
        "2016-10": {
            "month": "2016-10",
            "price": "13.32",
            "revenue": 40708
        },
        "2016-11": {
            "month": "2016-11",
            "price": "13.25",
            "revenue": 43896
        },
        "2016-12": {
            "month": "2016-12",
            "price": "13.48",
            "revenue": 57398
        },
        "2017-01": {
            "month": "2017-01",
            "price": "13.48",
            "revenue": 60667
        },
        "2017-02": {
            "month": "2017-02",
            "price": "13.94",
            "revenue": 34468
        },
        "2017-03": {
            "month": "2017-03",
            "price": "13.34",
            "revenue": 50836
        },
        "2017-04": {
            "month": "2017-04",
            "price": "12.59",
            "revenue": 53155
        },
        "2017-05": {
            "month": "2017-05",
            "price": "12.52",
            "revenue": 47538
        },
        "2017-06": {
            "month": "2017-06",
            "price": "12.63",
            "revenue": 54123
        },
        "2017-07": {
            "month": "2017-07",
            "price": "12.52",
            "revenue": 49509
        },
        "2017-08": {
            "month": "2017-08",
            "price": "12.52",
            "revenue": 46928
        },
        "2017-09": {
            "month": "2017-09",
            "price": "12.56",
            "revenue": 50958
        },
        "2017-10": {
            "month": "2017-10",
            "price": "12.51",
            "revenue": 42896
        },
        "2017-11": {
            "month": "2017-11",
            "price": "12.46",
            "revenue": 47376
        },
        "2017-12": {
            "month": "2017-12",
            "price": "12.44",
            "revenue": 54141
        },
        "2018-01": {
            "month": "2018-01",
            "price": "12.70",
            "revenue": 63827
        },
        "2018-02": {
            "month": "2018-02",
            "price": "12.24",
            "revenue": 35295
        },
        "2018-03": {
            "month": "2018-03",
            "price": "12.25",
            "revenue": 43712
        },
        "2018-04": {
            "month": "2018-04",
            "price": "12.12",
            "revenue": 51674
        },
        "2018-05": {
            "month": "2018-05",
            "price": "11.89",
            "revenue": 52021
        },
        "2018-06": {
            "month": "2018-06",
            "price": "11.82",
            "revenue": 51226
        },
        "2018-07": {
            "month": "2018-07",
            "price": "11.51",
            "revenue": 54040
        },
        "2018-08": {
            "month": "2018-08",
            "price": "11.36",
            "revenue": 44638
        },
        "2018-09": {
            "month": "2018-09",
            "price": "11.26",
            "revenue": 40054
        },
        "2018-10": {
            "month": "2018-10",
            "price": "10.14",
            "revenue": 43147
        },
        "2018-11": {
            "month": "2018-11",
            "price": "9.64",
            "revenue": 46402
        },
        "2018-12": {
            "month": "2018-12",
            "price": "10.62",
            "revenue": 52940
        },
        "2019-01": {
            "month": "2019-01",
            "price": "11.11",
            "revenue": 62219
        },
        "2019-02": {
            "month": "2019-02",
            "price": "10.86",
            "revenue": 39631
        },
        "2019-03": {
            "month": "2019-03",
            "price": "10.42",
            "revenue": 45782
        },
        "2019-04": {
            "month": "2019-04",
            "price": "10.58",
            "revenue": 48512
        },
        "2019-05": {
            "month": "2019-05",
            "price": "10.57",
            "revenue": 54433
        },
        "2019-06": {
            "month": "2019-06",
            "price": "10.48",
            "revenue": 50690
        },
        "2019-07": {
            "month": "2019-07",
            "price": "10.43",
            "revenue": 52249
        },
        "2019-08": {
            "month": "2019-08",
            "price": "10.09",
            "revenue": 47283
        },
        "2019-09": {
            "month": "2019-09",
            "price": "10.12",
            "revenue": 46536
        },
        "2019-10": {
            "month": "2019-10",
            "price": "10.08",
            "revenue": 47409
        },
        "2019-11": {
            "month": "2019-11",
            "price": "10.42",
            "revenue": 49422
        },
        "2019-12": {
            "month": "2019-12",
            "price": "10.61",
            "revenue": 53114
        },
        "2020-01": {
            "month": "2020-01",
            "price": "13.84",
            "revenue": 49183
        },
        "2020-02": {
            "month": "2020-02",
            "price": "22.20",
            "revenue": 48352
        },
        "2020-03": {
            "month": "2020-03",
            "price": "28.05",
            "revenue": 60872
        },
        "2020-04": {
            "month": "2020-04",
            "price": "29.58",
            "revenue": 62491
        },
        "2020-05": {
            "month": "2020-05",
            "price": "33.22",
            "revenue": 51019
        },
        "2020-06": {
            "month": "2020-06",
            "price": "29.88",
            "revenue": 51981
        },
        "2020-07": {
            "month": "2020-07",
            "price": "26.59",
            "revenue": 52806
        },
        "2020-08": {
            "month": "2020-08",
            "price": "25.93",
            "revenue": 45855
        },
        "2020-09": {
            "month": "2020-09",
            "price": "23.09",
            "revenue": 51174
        },
        "2020-10": {
            "month": "2020-10",
            "price": "20.93",
            "revenue": 43696
        },
        "2020-11": {
            "month": "2020-11",
            "price": "22.37",
            "revenue": 44148
        },
        "2020-12": {
            "month": "2020-12",
            "price": "21.86",
            "revenue": 62685
        },
        "2021-01": {
            "month": "2021-01",
            "price": "27.07",
            "revenue": 64719
        },
        "2021-02": {
            "month": "2021-02",
            "price": "28.11",
            "revenue": 41832
        },
        "2021-03": {
            "month": "2021-03",
            "price": "25.51",
            "revenue": 51520
        },
        "2021-04": {
            "month": "2021-04",
            "price": "26.15",
            "revenue": 55982
        },
        "2021-05": {
            "month": "2021-05",
            "price": "37.35",
            "revenue": 54893
        },
        "2021-06": {
            "month": "2021-06",
            "price": "36.99",
            "revenue": 51773
        },
        "2021-07": {
            "month": "2021-07",
            "price": "31.10",
            "revenue": 43092
        },
        "2021-08": {
            "month": "2021-08",
            "price": "27.02",
            "revenue": 48631
        },
        "2021-09": {
            "month": "2021-09",
            "price": "27.91",
            "revenue": 46904
        },
        "2021-10": {
            "month": "2021-10",
            "price": "25.05",
            "revenue": 51406
        },
        "2021-11": {
            "month": "2021-11",
            "price": "26.24",
            "revenue": 48961
        },
        "2021-12": {
            "month": "2021-12",
            "price": "32.10",
            "revenue": 58806
        },
        "2022-01": {
            "month": "2022-01",
            "price": "45.24",
            "revenue": 59368
        },
        "2022-02": {
            "month": "2022-02",
            "price": "36.71",
            "revenue": 40365
        },
        "2022-03": {
            "month": "2022-03",
            "price": "34.81",
            "revenue": 47939
        },
        "2022-04": {
            "month": "2022-04",
            "price": "45.96",
            "revenue": 49366
        },
        "2022-05": {
            "month": "2022-05",
            "price": "36.28",
            "revenue": 52899
        },
        "2022-06": {
            "month": "2022-06",
            "price": "31.23",
            "revenue": 56065
        },
        "2022-07": {
            "month": "2022-07",
            "price": "28.80",
            "revenue": 49203
        },
        "2022-08": {
            "month": "2022-08",
            "price": "32.25",
            "revenue": 46050
        },
        "2022-09": {
            "month": "2022-09",
            "price": "33.48",
            "revenue": 45933
        },
        "2022-10": {
            "month": "2022-10",
            "price": "27.38",
            "revenue": 42815
        },
        "2022-11": {
            "month": "2022-11",
            "price": "29.08",
            "revenue": 43639
        },
        "2022-12": {
            "month": "2022-12",
            "price": "31.29",
            "revenue": 51308
        },
        "2023-01": {
            "month": "2023-01",
            "price": "30.43",
            "revenue": 45408
        },
        "2023-02": {
            "month": "2023-02",
            "price": "29.63",
            "revenue": 43238
        },
        "2023-03": {
            "month": "2023-03",
            "price": "28.49",
            "revenue": 46817
        },
        "2023-04": {
            "month": "2023-04",
            "price": "28.03",
            "revenue": 49816
        },
        "2023-05": {
            "month": "2023-05",
            "price": "27.56",
            "revenue": 53523
        },
        "2023-06": {
            "month": "2023-06",
            "price": "28.12",
            "revenue": 50146
        },
        "2023-07": {
            "month": "2023-07",
            "price": "27.25",
            "revenue": 43021
        },
        "2023-08": {
            "month": "2023-08",
            "price": "25.28",
            "revenue": 41511
        },
        "2023-09": {
            "month": "2023-09",
            "price": "24.79",
            "revenue": 44484
        },
        "2023-10": {
            "month": "2023-10",
            "price": "24.16",
            "revenue": 41821
        },
        "2023-11": {
            "month": "2023-11",
            "price": "24.84",
            "revenue": 46104
        },
        "2023-12": {
            "month": "2023-12",
            "price": "30.54",
            "revenue": 48677
        },
        "2024-01": {
            "month": "2024-01",
            "price": "32.88",
            "revenue": 57419
        },
        "2024-02": {
            "month": "2024-02",
            "price": "30.98",
            "revenue": 46781
        }
    }
}
