{
    "summary": {
        "stock_name": "五鼎",
        "stock_id": "1733",
        "category": "生技醫療",
        "main_business": "生物技術醫療器材設備製造業",
        "website_url": "http://www.apexbio.com.tw",
        "ceo": "沈燕士",
        "pe_ratio": 28,
        "report_year_from": 2001,
        "report_year_to": 2023,
        "age": 23,
        "eps_negative_percentage": 0,
        "eps_growth_avg": {
            "last_all": 3.73,
            "last_2y": 15.05,
            "last_4y": 9.45,
            "last_8y": 6.22,
            "last_12y": 1.01,
            "last_16y": 2.09,
            "last_20y": 5.6,
            "at_2006_last_3y": 20.51,
            "at_2007_last_3y": 20.53,
            "at_2008_last_3y": 14.6,
            "at_2009_last_3y": 14.79,
            "at_2010_last_3y": 5.61,
            "at_2011_last_3y": 5.58,
            "at_2012_last_3y": 12.9,
            "at_2013_last_3y": 4.52,
            "at_2014_last_3y": -10.72,
            "at_2015_last_3y": -15.77,
            "at_2016_last_3y": -39.99,
            "at_2017_last_3y": -7.41,
            "at_2018_last_3y": 2.19,
            "at_2019_last_3y": 7.88,
            "at_2020_last_3y": 28.43,
            "at_2021_last_3y": 28.43,
            "at_2022_last_3y": 22.93,
            "at_2023_last_3y": 7.12,
            "at_2024_last_3y": 7.12,
            "at_2006_last_all": 9.29,
            "at_2007_last_all": 10.46,
            "at_2008_last_all": 4.5,
            "at_2009_last_all": 4.34,
            "at_2010_last_all": 7.66,
            "at_2011_last_all": 8.51,
            "at_2012_last_all": 7.56,
            "at_2013_last_all": 4.4,
            "at_2014_last_all": 2,
            "at_2015_last_all": 1.57,
            "at_2016_last_all": -5.12,
            "at_2017_last_all": 1.45,
            "at_2018_last_all": 2.05,
            "at_2019_last_all": 2.97,
            "at_2020_last_all": 1.94,
            "at_2021_last_all": 6.84,
            "at_2022_last_all": 6.02,
            "at_2023_last_all": 3.73,
            "at_2024_last_all": 3.73
        },
        "latest_eps": 1.44,
        "latest_price": 40.3,
        "latest_roe": 8.08,
        "latest_gross_margin": 33.28,
        "latest_equity": 1780861,
        "latest_revenue": 412491,
        "latest_gross_profit": 137290,
        "latest_net_income": 37820,
        "latest_debt_ratio": 21.13,
        "latest_current_ratio": 402.04,
        "latest_account_receivable_turnover_ratio": 1.21,
        "latest_inventory_turnover_ratio": 0.36,
        "latest_reinvestment_rate": -18.4,
        "latest_research_to_sale_ratio": 10.13
    },
    "eps_dividends": {
        "2001": {
            "cash": 0,
            "stock": 0,
            "eps": 3.54
        },
        "2002": {
            "cash": 0,
            "stock": 3.1,
            "eps": 2.28
        },
        "2003": {
            "cash": 0.62,
            "stock": 1.48,
            "eps": 2.65
        },
        "2004": {
            "cash": 0.88,
            "stock": 1.62,
            "eps": 2.45
        },
        "2005": {
            "cash": 2,
            "stock": 0,
            "eps": 2.51
        },
        "2006": {
            "cash": 1.96,
            "stock": 0.3,
            "eps": 4.29
        },
        "2007": {
            "cash": 2.34,
            "stock": 1,
            "eps": 4.99
        },
        "2008": {
            "cash": 4,
            "stock": 0,
            "eps": 3.43
        },
        "2009": {
            "cash": 1.5,
            "stock": 1.5,
            "eps": 3.54
        },
        "2010": {
            "cash": 3.1,
            "stock": 0,
            "eps": 4.75
        },
        "2011": {
            "cash": 9.190000000000001,
            "stock": 0,
            "eps": 5.52
        },
        "2012": {
            "cash": 0,
            "stock": 0,
            "eps": 5.41
        },
        "2013": {
            "cash": 4.5,
            "stock": 0,
            "eps": 3.77
        },
        "2014": {
            "cash": 3.3,
            "stock": 0,
            "eps": 2.76
        },
        "2015": {
            "cash": 2.5,
            "stock": 0,
            "eps": 2.65
        },
        "2016": {
            "cash": 2.24,
            "stock": 0,
            "eps": 0.03
        },
        "2017": {
            "cash": 1.5,
            "stock": 0,
            "eps": 0.86
        },
        "2018": {
            "cash": 1.5,
            "stock": 0,
            "eps": 0.96
        },
        "2019": {
            "cash": 0.85,
            "stock": 0,
            "eps": 1.14
        },
        "2020": {
            "cash": 1.1,
            "stock": 0,
            "eps": 0.95
        },
        "2021": {
            "cash": 1.1,
            "stock": 0,
            "eps": 2.03
        },
        "2022": {
            "cash": 1.3,
            "stock": 0,
            "eps": 1.82
        },
        "2023": {
            "cash": 2.8,
            "stock": 0,
            "eps": 1.01
        }
    },
    "dividends": {
        "2002-05-18": {
            "cash": 0,
            "stock": 3.1
        },
        "2003-05-16": {
            "cash": 0.62,
            "stock": 1.48
        },
        "2004-03-23": {
            "cash": 0.88,
            "stock": 1.62
        },
        "2005-03-22": {
            "cash": 2,
            "stock": 0
        },
        "2006-03-24": {
            "cash": 1.96,
            "stock": 0.3
        },
        "2007-03-15": {
            "cash": 2.34,
            "stock": 1
        },
        "2008-04-08": {
            "cash": 4,
            "stock": 0
        },
        "2009-03-03": {
            "cash": 1.5,
            "stock": 1.5
        },
        "2010-04-09": {
            "cash": 3.1,
            "stock": 0
        },
        "2011-01-01": {
            "cash": 4.99,
            "stock": 0
        },
        "2011-03-04": {
            "cash": 4.2,
            "stock": 0
        },
        "2013-03-22": {
            "cash": 4.5,
            "stock": 0
        },
        "2014-08-15": {
            "cash": 3.3,
            "stock": 0
        },
        "2015-08-14": {
            "cash": 2.5,
            "stock": 0
        },
        "2016-07-27": {
            "cash": 2.24,
            "stock": 0
        },
        "2017-07-26": {
            "cash": 1.5,
            "stock": 0
        },
        "2018-07-27": {
            "cash": 1.5,
            "stock": 0
        },
        "2019-07-26": {
            "cash": 0.85,
            "stock": 0
        },
        "2020-07-29": {
            "cash": 1.1,
            "stock": 0
        },
        "2021-09-08": {
            "cash": 1.1,
            "stock": 0
        },
        "2022-07-13": {
            "cash": 1.3,
            "stock": 0
        },
        "2023-03-10": {
            "cash": 1.4,
            "stock": 0
        },
        "2023-07-13": {
            "cash": 1.4,
            "stock": 0
        }
    },
    "prices": {
        "200101": "無",
        "200102": "無",
        "200103": "無",
        "200104": "無",
        "200105": "無",
        "200106": "無",
        "200107": "無",
        "200108": "無",
        "200109": "45.00",
        "200110": "43.89",
        "200111": "62.04",
        "200112": "80.69",
        "200201": "110.48",
        "200202": "107.96",
        "200203": "103.50",
        "200204": "112.86",
        "200205": "95.64",
        "200206": "86.48",
        "200207": "68.13",
        "200208": "65.32",
        "200209": "56.40",
        "200210": "52.30",
        "200211": "58.21",
        "200212": "52.22",
        "200301": "51.24",
        "200302": "47.51",
        "200303": "40.49",
        "200304": "38.71",
        "200305": "35.51",
        "200306": "37.78",
        "200307": "35.71",
        "200308": "33.39",
        "200309": "33.90",
        "200310": "34.29",
        "200311": "36.92",
        "200312": "43.95",
        "200401": "43.87",
        "200402": "43.35",
        "200403": "39.87",
        "200404": "36.81",
        "200405": "34.50",
        "200406": "35.24",
        "200407": "30.19",
        "200408": "27.35",
        "200409": "27.27",
        "200410": "25.05",
        "200411": "23.00",
        "200412": "22.67",
        "200501": "23.39",
        "200502": "24.42",
        "200503": "24.01",
        "200504": "24.16",
        "200505": "23.49",
        "200506": "23.52",
        "200507": "26.89",
        "200508": "24.12",
        "200509": "22.81",
        "200510": "23.42",
        "200511": "22.83",
        "200512": "24.22",
        "200601": "26.98",
        "200602": "27.25",
        "200603": "26.64",
        "200604": "30.94",
        "200605": "32.55",
        "200606": "28.39",
        "200607": "28.44",
        "200608": "27.67",
        "200609": "28.20",
        "200610": "35.79",
        "200611": "43.12",
        "200612": "43.03",
        "200701": "47.98",
        "200702": "46.99",
        "200703": "52.53",
        "200704": "59.32",
        "200705": "61.32",
        "200706": "71.16",
        "200707": "95.16",
        "200708": "80.96",
        "200709": "86.39",
        "200710": "83.42",
        "200711": "77.12",
        "200712": "74.71",
        "200801": "62.61",
        "200802": "60.75",
        "200803": "62.95",
        "200804": "71.25",
        "200805": "66.40",
        "200806": "58.52",
        "200807": "54.70",
        "200808": "61.36",
        "200809": "47.80",
        "200810": "43.42",
        "200811": "45.48",
        "200812": "44.36",
        "200901": "45.17",
        "200902": "45.63",
        "200903": "50.40",
        "200904": "57.27",
        "200905": "57.96",
        "200906": "60.84",
        "200907": "61.32",
        "200908": "58.86",
        "200909": "57.48",
        "200910": "59.84",
        "200911": "60.86",
        "200912": "63.53",
        "201001": "61.54",
        "201002": "56.58",
        "201003": "60.65",
        "201004": "63.39",
        "201005": "62.25",
        "201006": "63.23",
        "201007": "62.15",
        "201008": "67.82",
        "201009": "70.02",
        "201010": "73.61",
        "201011": "73.40",
        "201012": "72.43",
        "201101": "67.64",
        "201102": "62.94",
        "201103": "64.42",
        "201104": "68.04",
        "201105": "72.00",
        "201106": "69.68",
        "201107": "67.71",
        "201108": "62.23",
        "201109": "60.24",
        "201110": "61.30",
        "201111": "63.02",
        "201112": "60.30",
        "201201": "61.67",
        "201202": "70.93",
        "201203": "76.47",
        "201204": "79.64",
        "201205": "82.07",
        "201206": "74.03",
        "201207": "75.92",
        "201208": "76.91",
        "201209": "75.22",
        "201210": "75.08",
        "201211": "74.64",
        "201212": "74.91",
        "201301": "75.34",
        "201302": "78.00",
        "201303": "77.60",
        "201304": "79.98",
        "201305": "81.34",
        "201306": "76.52",
        "201307": "72.85",
        "201308": "73.44",
        "201309": "76.68",
        "201310": "77.37",
        "201311": "72.24",
        "201312": "68.23",
        "201401": "68.47",
        "201402": "69.69",
        "201403": "68.31",
        "201404": "67.24",
        "201405": "62.72",
        "201406": "61.82",
        "201407": "62.68",
        "201408": "58.19",
        "201409": "56.12",
        "201410": "48.86",
        "201411": "47.07",
        "201412": "51.20",
        "201501": "54.48",
        "201502": "52.77",
        "201503": "53.15",
        "201504": "53.94",
        "201505": "51.71",
        "201506": "46.51",
        "201507": "43.64",
        "201508": "38.54",
        "201509": "39.41",
        "201510": "42.29",
        "201511": "46.46",
        "201512": "47.82",
        "201601": "42.52",
        "201602": "43.20",
        "201603": "45.65",
        "201604": "44.30",
        "201605": "48.35",
        "201606": "52.40",
        "201607": "50.27",
        "201608": "45.24",
        "201609": "44.01",
        "201610": "42.28",
        "201611": "41.49",
        "201612": "41.50",
        "201701": "40.41",
        "201702": "40.54",
        "201703": "40.06",
        "201704": "39.02",
        "201705": "35.80",
        "201706": "33.98",
        "201707": "33.78",
        "201708": "34.33",
        "201709": "34.06",
        "201710": "33.26",
        "201711": "32.35",
        "201712": "31.92",
        "201801": "32.15",
        "201802": "29.77",
        "201803": "30.85",
        "201804": "31.61",
        "201805": "29.96",
        "201806": "29.43",
        "201807": "27.92",
        "201808": "28.12",
        "201809": "28.39",
        "201810": "27.79",
        "201811": "27.61",
        "201812": "29.16",
        "201901": "30.49",
        "201902": "34.90",
        "201903": "35.65",
        "201904": "32.47",
        "201905": "32.65",
        "201906": "31.91",
        "201907": "31.41",
        "201908": "28.03",
        "201909": "27.35",
        "201910": "27.41",
        "201911": "27.69",
        "201912": "28.44",
        "202001": "27.25",
        "202002": "25.02",
        "202003": "22.11",
        "202004": "22.75",
        "202005": "24.37",
        "202006": "26.13",
        "202007": "27.10",
        "202008": "27.17",
        "202009": "25.42",
        "202010": "24.29",
        "202011": "24.44",
        "202012": "24.25",
        "202101": "22.64",
        "202102": "22.59",
        "202103": "23.52",
        "202104": "24.69",
        "202105": "24.22",
        "202106": "24.25",
        "202107": "24.02",
        "202108": "23.43",
        "202109": "22.92",
        "202110": "22.88",
        "202111": "23.61",
        "202112": "24.77",
        "202201": "26.34",
        "202202": "25.92",
        "202203": "25.54",
        "202204": "26.71",
        "202205": "26.31",
        "202206": "26.28",
        "202207": "26.77",
        "202208": "27.22",
        "202209": "26.61",
        "202210": "24.23",
        "202211": "24.07",
        "202212": "25.60",
        "202301": "25.07",
        "202302": "25.93",
        "202303": "25.88",
        "202304": "26.76",
        "202305": "27.28",
        "202306": "28.36",
        "202307": "27.07",
        "202308": "26.37",
        "202309": "27.20",
        "202310": "26.64",
        "202311": "27.72",
        "202312": "34.00"
    },
    "quarters": {
        "20011": {
            "year_quarter": 20011,
            "year": 2001,
            "quarter": 1,
            "eps": 0.56,
            "eps_growth_year": 30.23,
            "eps_4q": 2.83,
            "eps_4q_growth_year": 136.23,
            "roe": 3.48,
            "roe_4q": 3.48,
            "gross_profit": 32890,
            "gross_margin": 43.86,
            "gross_margin_4q_avg": 43.86,
            "net_income": 16903,
            "net_income_4q": null,
            "revenue": 74990,
            "revenue_4q": null,
            "common_shares": 300000,
            "book_valuer_per_share": 16.47,
            "book_valuer_per_share_4q_avg": 16.47,
            "equity": 493954,
            "current_ratio": 873.21,
            "debt_ratio": 9.88,
            "inventory_turnover_ratio": 0.79,
            "account_receivable_turnover_ratio": null,
            "reinvestment_rate": null,
            "research_to_sale_ratio": null,
            "price_fair": 0,
            "eps_avg_yearly": 0,
            "eps_latest_yearly": 0,
            "eps_growth_yearly": 0
        },
        "20012": {
            "year_quarter": 20012,
            "year": 2001,
            "quarter": 2,
            "eps": 0.6,
            "eps_growth_year": 71.43,
            "eps_4q": 2.47,
            "eps_4q_growth_year": 101.55,
            "roe": 4.76,
            "roe_4q": 8.24,
            "gross_profit": 33075,
            "gross_margin": 47.5,
            "gross_margin_4q_avg": 45.68,
            "net_income": 24100,
            "net_income_4q": null,
            "revenue": 69631,
            "revenue_4q": null,
            "common_shares": 300000,
            "book_valuer_per_share": 17.27,
            "book_valuer_per_share_4q_avg": 16.87,
            "equity": 518054,
            "current_ratio": 719.59,
            "debt_ratio": 11.32,
            "inventory_turnover_ratio": 0.59,
            "account_receivable_turnover_ratio": null,
            "reinvestment_rate": null,
            "research_to_sale_ratio": null,
            "price_fair": 0,
            "eps_avg_yearly": 0,
            "eps_latest_yearly": 0,
            "eps_growth_yearly": 0
        },
        "20013": {
            "year_quarter": 20013,
            "year": 2001,
            "quarter": 3,
            "eps": 0.77,
            "eps_growth_year": 113.89,
            "eps_4q": 2.97,
            "eps_4q_growth_year": 110.93,
            "roe": 5.79,
            "roe_4q": 14.030000000000001,
            "gross_profit": 52634,
            "gross_margin": 53.89,
            "gross_margin_4q_avg": 48.42,
            "net_income": 30863,
            "net_income_4q": null,
            "revenue": 97676,
            "revenue_4q": null,
            "common_shares": 399300,
            "book_valuer_per_share": 13.75,
            "book_valuer_per_share_4q_avg": 15.83,
            "equity": 548917,
            "current_ratio": 830.61,
            "debt_ratio": 9.95,
            "inventory_turnover_ratio": 0.66,
            "account_receivable_turnover_ratio": null,
            "reinvestment_rate": null,
            "research_to_sale_ratio": null,
            "price_fair": 0,
            "eps_avg_yearly": 0,
            "eps_latest_yearly": 0,
            "eps_growth_yearly": 0
        },
        "20014": {
            "year_quarter": 20014,
            "year": 2001,
            "quarter": 4,
            "eps": 1.61,
            "eps_growth_year": 2.55,
            "eps_4q": 3.41,
            "eps_4q_growth_year": 25.54,
            "roe": 11.07,
            "roe_4q": 25.099999999999998,
            "gross_profit": 74986,
            "gross_margin": 50.13,
            "gross_margin_4q_avg": 48.85,
            "net_income": 64334,
            "net_income_4q": null,
            "revenue": 149569,
            "revenue_4q": null,
            "common_shares": 399300,
            "book_valuer_per_share": 15.36,
            "book_valuer_per_share_4q_avg": 15.71,
            "equity": 613251,
            "current_ratio": 525.57,
            "debt_ratio": 14.15,
            "inventory_turnover_ratio": 0.98,
            "account_receivable_turnover_ratio": null,
            "reinvestment_rate": null,
            "research_to_sale_ratio": null,
            "price_fair": 0,
            "eps_avg_yearly": 0,
            "eps_latest_yearly": 0,
            "eps_growth_yearly": 0
        },
        "20021": {
            "year_quarter": 20021,
            "year": 2002,
            "quarter": 1,
            "eps": 1.53,
            "eps_growth_year": 173.21,
            "eps_4q": 4.52,
            "eps_4q_growth_year": 59.46,
            "roe": 9.48,
            "roe_4q": 31.1,
            "gross_profit": 84707,
            "gross_margin": 47.88,
            "gross_margin_4q_avg": 49.85,
            "net_income": 61048,
            "net_income_4q": null,
            "revenue": 176917,
            "revenue_4q": null,
            "common_shares": 399300,
            "book_valuer_per_share": 16.89,
            "book_valuer_per_share_4q_avg": 15.82,
            "equity": 674299,
            "current_ratio": 497.11,
            "debt_ratio": 16.08,
            "inventory_turnover_ratio": 0.92,
            "account_receivable_turnover_ratio": null,
            "reinvestment_rate": null,
            "research_to_sale_ratio": null,
            "price_fair": 18.36,
            "eps_avg_yearly": 6.12,
            "eps_latest_yearly": 6.12,
            "eps_growth_yearly": -19.88
        },
        "20022": {
            "year_quarter": 20022,
            "year": 2002,
            "quarter": 2,
            "eps": 0.41,
            "eps_growth_year": -31.67,
            "eps_4q": 3.35,
            "eps_4q_growth_year": 35.76,
            "roe": 3.19,
            "roe_4q": 29.53,
            "gross_profit": 63956,
            "gross_margin": 54.84,
            "gross_margin_4q_avg": 51.69,
            "net_income": 21807,
            "net_income_4q": null,
            "revenue": 116622,
            "revenue_4q": null,
            "common_shares": 399300,
            "book_valuer_per_share": 17.4,
            "book_valuer_per_share_4q_avg": 15.85,
            "equity": 694880,
            "current_ratio": 595.49,
            "debt_ratio": 13.06,
            "inventory_turnover_ratio": 0.41,
            "account_receivable_turnover_ratio": null,
            "reinvestment_rate": null,
            "research_to_sale_ratio": null,
            "price_fair": 11.64,
            "eps_avg_yearly": 3.88,
            "eps_latest_yearly": 1.64,
            "eps_growth_yearly": -156.34
        },
        "20023": {
            "year_quarter": 20023,
            "year": 2002,
            "quarter": 3,
            "eps": 0.35,
            "eps_growth_year": -54.55,
            "eps_4q": 3.11,
            "eps_4q_growth_year": 4.66,
            "roe": 2.65,
            "roe_4q": 26.39,
            "gross_profit": 34103,
            "gross_margin": 37.74,
            "gross_margin_4q_avg": 47.65,
            "net_income": 18674,
            "net_income_4q": null,
            "revenue": 90371,
            "revenue_4q": null,
            "common_shares": 531667,
            "book_valuer_per_share": 13.42,
            "book_valuer_per_share_4q_avg": 15.77,
            "equity": 713554,
            "current_ratio": 739.41,
            "debt_ratio": 10.5,
            "inventory_turnover_ratio": 0.41,
            "account_receivable_turnover_ratio": null,
            "reinvestment_rate": null,
            "research_to_sale_ratio": null,
            "price_fair": 9.16,
            "eps_avg_yearly": 3.05,
            "eps_latest_yearly": 1.4,
            "eps_growth_yearly": -123.74
        },
        "20024": {
            "year_quarter": 20024,
            "year": 2002,
            "quarter": 4,
            "eps": -0.01,
            "eps_growth_year": -100.62,
            "eps_4q": 1.89,
            "eps_4q_growth_year": -44.55,
            "roe": -0.11,
            "roe_4q": 15.21,
            "gross_profit": 15324,
            "gross_margin": 24.4,
            "gross_margin_4q_avg": 41.22,
            "net_income": -790,
            "net_income_4q": null,
            "revenue": 62795,
            "revenue_4q": null,
            "common_shares": 531667,
            "book_valuer_per_share": 13.41,
            "book_valuer_per_share_4q_avg": 15.28,
            "equity": 712764,
            "current_ratio": 710.89,
            "debt_ratio": 11.13,
            "inventory_turnover_ratio": 0.35,
            "account_receivable_turnover_ratio": null,
            "reinvestment_rate": 20.75,
            "research_to_sale_ratio": null,
            "price_fair": 9.16,
            "eps_avg_yearly": 3.05,
            "eps_latest_yearly": 1.4,
            "eps_growth_yearly": -123.74
        },
        "20031": {
            "year_quarter": 20031,
            "year": 2003,
            "quarter": 1,
            "eps": 0.11,
            "eps_growth_year": -92.81,
            "eps_4q": 0.85,
            "eps_4q_growth_year": -81.22,
            "roe": 0.83,
            "roe_4q": 6.5600000000000005,
            "gross_profit": 32219,
            "gross_margin": 29.47,
            "gross_margin_4q_avg": 36.61,
            "net_income": 5911,
            "net_income_4q": null,
            "revenue": 109333,
            "revenue_4q": null,
            "common_shares": 531667,
            "book_valuer_per_share": 13.52,
            "book_valuer_per_share_4q_avg": 14.44,
            "equity": 718675,
            "current_ratio": 675.76,
            "debt_ratio": 11.34,
            "inventory_turnover_ratio": 0.58,
            "account_receivable_turnover_ratio": null,
            "reinvestment_rate": 19.93,
            "research_to_sale_ratio": null,
            "price_fair": 9.16,
            "eps_avg_yearly": 3.05,
            "eps_latest_yearly": 1.4,
            "eps_growth_yearly": -123.74
        },
        "20032": {
            "year_quarter": 20032,
            "year": 2003,
            "quarter": 2,
            "eps": 0.43,
            "eps_growth_year": 4.88,
            "eps_4q": 0.82,
            "eps_4q_growth_year": -75.53,
            "roe": 3.68,
            "roe_4q": 7.049999999999999,
            "gross_profit": 56954,
            "gross_margin": 41.97,
            "gross_margin_4q_avg": 33.4,
            "net_income": 26299,
            "net_income_4q": null,
            "revenue": 135706,
            "revenue_4q": null,
            "common_shares": 531667,
            "book_valuer_per_share": 13.34,
            "book_valuer_per_share_4q_avg": 13.42,
            "equity": 709119,
            "current_ratio": 428.91,
            "debt_ratio": 17.91,
            "inventory_turnover_ratio": 0.61,
            "account_receivable_turnover_ratio": null,
            "reinvestment_rate": 18.56,
            "research_to_sale_ratio": null,
            "price_fair": 95.2,
            "eps_avg_yearly": 2.72,
            "eps_latest_yearly": 1.72,
            "eps_growth_yearly": 198.1
        },
        "20033": {
            "year_quarter": 20033,
            "year": 2003,
            "quarter": 3,
            "eps": 0.75,
            "eps_growth_year": 114.29,
            "eps_4q": 1.26,
            "eps_4q_growth_year": -59.35,
            "roe": 6.27,
            "roe_4q": 10.67,
            "gross_profit": 73740,
            "gross_margin": 46.87,
            "gross_margin_4q_avg": 35.68,
            "net_income": 45861,
            "net_income_4q": null,
            "revenue": 157344,
            "revenue_4q": null,
            "common_shares": 612912,
            "book_valuer_per_share": 12.3,
            "book_valuer_per_share_4q_avg": 13.14,
            "equity": 753927,
            "current_ratio": 587.8,
            "debt_ratio": 13.89,
            "inventory_turnover_ratio": 0.64,
            "account_receivable_turnover_ratio": null,
            "reinvestment_rate": 15.86,
            "research_to_sale_ratio": null,
            "price_fair": 97.16,
            "eps_avg_yearly": 2.78,
            "eps_latest_yearly": 3,
            "eps_growth_yearly": 218.02
        },
        "20034": {
            "year_quarter": 20034,
            "year": 2003,
            "quarter": 4,
            "eps": 1.36,
            "eps_growth_year": null,
            "eps_4q": 2.63,
            "eps_4q_growth_year": 39.21,
            "roe": 10.47,
            "roe_4q": 21.25,
            "gross_profit": 103932,
            "gross_margin": 52.4,
            "gross_margin_4q_avg": 42.68,
            "net_income": 83534,
            "net_income_4q": null,
            "revenue": 198340,
            "revenue_4q": null,
            "common_shares": 612912,
            "book_valuer_per_share": 13.65,
            "book_valuer_per_share_4q_avg": 13.2,
            "equity": 842421,
            "current_ratio": 741.59,
            "debt_ratio": 12.65,
            "inventory_turnover_ratio": 0.68,
            "account_receivable_turnover_ratio": null,
            "reinvestment_rate": 24.67,
            "research_to_sale_ratio": null,
            "price_fair": 112.7,
            "eps_avg_yearly": 3.22,
            "eps_latest_yearly": 5.44,
            "eps_growth_yearly": 235.9
        },
        "20041": {
            "year_quarter": 20041,
            "year": 2004,
            "quarter": 1,
            "eps": 0.95,
            "eps_growth_year": 763.64,
            "eps_4q": 3.49,
            "eps_4q_growth_year": 311.03,
            "roe": 6.71,
            "roe_4q": 27.13,
            "gross_profit": 79779,
            "gross_margin": 50.79,
            "gross_margin_4q_avg": 48.01,
            "net_income": 58276,
            "net_income_4q": null,
            "revenue": 157089,
            "revenue_4q": null,
            "common_shares": 612912,
            "book_valuer_per_share": 14.6,
            "book_valuer_per_share_4q_avg": 13.47,
            "equity": 895093,
            "current_ratio": 782.9,
            "debt_ratio": 11.34,
            "inventory_turnover_ratio": 0.52,
            "account_receivable_turnover_ratio": null,
            "reinvestment_rate": 14.51,
            "research_to_sale_ratio": null,
            "price_fair": 115.6,
            "eps_avg_yearly": 3.3,
            "eps_latest_yearly": 3.8,
            "eps_growth_yearly": 184.98
        },
        "20042": {
            "year_quarter": 20042,
            "year": 2004,
            "quarter": 2,
            "eps": 0.58,
            "eps_growth_year": 34.88,
            "eps_4q": 3.18,
            "eps_4q_growth_year": 287.96,
            "roe": 4.73,
            "roe_4q": 28.180000000000003,
            "gross_profit": 73628,
            "gross_margin": 44.72,
            "gross_margin_4q_avg": 48.7,
            "net_income": 41903,
            "net_income_4q": null,
            "revenue": 164651,
            "revenue_4q": null,
            "common_shares": 612912,
            "book_valuer_per_share": 14.32,
            "book_valuer_per_share_4q_avg": 13.72,
            "equity": 877947,
            "current_ratio": 521.05,
            "debt_ratio": 16.51,
            "inventory_turnover_ratio": 0.63,
            "account_receivable_turnover_ratio": null,
            "reinvestment_rate": 13.26,
            "research_to_sale_ratio": null,
            "price_fair": 111.3,
            "eps_avg_yearly": 3.18,
            "eps_latest_yearly": 2.32,
            "eps_growth_yearly": 142.38
        },
        "20043": {
            "year_quarter": 20043,
            "year": 2004,
            "quarter": 3,
            "eps": 0.59,
            "eps_growth_year": -21.33,
            "eps_4q": 3.17,
            "eps_4q_growth_year": 150.7,
            "roe": 4.79,
            "roe_4q": 26.700000000000003,
            "gross_profit": 67836,
            "gross_margin": 47.32,
            "gross_margin_4q_avg": 48.81,
            "net_income": 42037,
            "net_income_4q": null,
            "revenue": 143365,
            "revenue_4q": null,
            "common_shares": 717680,
            "book_valuer_per_share": 12.23,
            "book_valuer_per_share_4q_avg": 13.7,
            "equity": 877972,
            "current_ratio": 635.64,
            "debt_ratio": 14.14,
            "inventory_turnover_ratio": 0.52,
            "account_receivable_turnover_ratio": null,
            "reinvestment_rate": 11.63,
            "research_to_sale_ratio": null,
            "price_fair": 108.11,
            "eps_avg_yearly": 3.09,
            "eps_latest_yearly": 2.36,
            "eps_growth_yearly": 127.33
        },
        "20044": {
            "year_quarter": 20044,
            "year": 2004,
            "quarter": 4,
            "eps": 0.33,
            "eps_growth_year": -75.74,
            "eps_4q": 2.35,
            "eps_4q_growth_year": -10.8,
            "roe": 2.66,
            "roe_4q": 18.89,
            "gross_profit": 67898,
            "gross_margin": 43.85,
            "gross_margin_4q_avg": 46.67,
            "net_income": 23269,
            "net_income_4q": null,
            "revenue": 154829,
            "revenue_4q": null,
            "common_shares": 717680,
            "book_valuer_per_share": 12.07,
            "book_valuer_per_share_4q_avg": 13.31,
            "equity": 872237,
            "current_ratio": 615.58,
            "debt_ratio": 12.3,
            "inventory_turnover_ratio": 0.55,
            "account_receivable_turnover_ratio": null,
            "reinvestment_rate": 38.28,
            "research_to_sale_ratio": null,
            "price_fair": 101.92,
            "eps_avg_yearly": 2.91,
            "eps_latest_yearly": 1.32,
            "eps_growth_yearly": 96.97
        },
        "20051": {
            "year_quarter": 20051,
            "year": 2005,
            "quarter": 1,
            "eps": 0.37,
            "eps_growth_year": -61.05,
            "eps_4q": 1.95,
            "eps_4q_growth_year": -44.18,
            "roe": 2.85,
            "roe_4q": 15.030000000000001,
            "gross_profit": 69522,
            "gross_margin": 42.12,
            "gross_margin_4q_avg": 44.5,
            "net_income": 25152,
            "net_income_4q": null,
            "revenue": 165074,
            "revenue_4q": null,
            "common_shares": 717680,
            "book_valuer_per_share": 12.42,
            "book_valuer_per_share_4q_avg": 12.76,
            "equity": 891067,
            "current_ratio": 478.19,
            "debt_ratio": 14.42,
            "inventory_turnover_ratio": 0.59,
            "account_receivable_turnover_ratio": null,
            "reinvestment_rate": 29.99,
            "research_to_sale_ratio": null,
            "price_fair": 97.36,
            "eps_avg_yearly": 2.78,
            "eps_latest_yearly": 1.48,
            "eps_growth_yearly": 92.56
        },
        "20052": {
            "year_quarter": 20052,
            "year": 2005,
            "quarter": 2,
            "eps": 0.37,
            "eps_growth_year": -36.21,
            "eps_4q": 1.7,
            "eps_4q_growth_year": -46.48,
            "roe": 3.03,
            "roe_4q": 13.329999999999998,
            "gross_profit": 67471,
            "gross_margin": 33.19,
            "gross_margin_4q_avg": 41.62,
            "net_income": 25154,
            "net_income_4q": null,
            "revenue": 203262,
            "revenue_4q": null,
            "common_shares": 717680,
            "book_valuer_per_share": 10.71,
            "book_valuer_per_share_4q_avg": 11.86,
            "equity": 768655,
            "current_ratio": 210.8,
            "debt_ratio": 30.41,
            "inventory_turnover_ratio": 0.84,
            "account_receivable_turnover_ratio": null,
            "reinvestment_rate": 40.77,
            "research_to_sale_ratio": null,
            "price_fair": 93.57,
            "eps_avg_yearly": 2.67,
            "eps_latest_yearly": 1.48,
            "eps_growth_yearly": 84.85
        },
        "20053": {
            "year_quarter": 20053,
            "year": 2005,
            "quarter": 3,
            "eps": 0.76,
            "eps_growth_year": 28.81,
            "eps_4q": 1.83,
            "eps_4q_growth_year": -42.21,
            "roe": 6.57,
            "roe_4q": 15.11,
            "gross_profit": 82940,
            "gross_margin": 37.32,
            "gross_margin_4q_avg": 39.12,
            "net_income": 52206,
            "net_income_4q": null,
            "revenue": 222233,
            "revenue_4q": null,
            "common_shares": 717680,
            "book_valuer_per_share": 11.44,
            "book_valuer_per_share_4q_avg": 11.66,
            "equity": 820861,
            "current_ratio": 307.79,
            "debt_ratio": 19.78,
            "inventory_turnover_ratio": 0.81,
            "account_receivable_turnover_ratio": null,
            "reinvestment_rate": 43.47,
            "research_to_sale_ratio": null,
            "price_fair": 94.55,
            "eps_avg_yearly": 2.7,
            "eps_latest_yearly": 3.04,
            "eps_growth_yearly": 110.75
        },
        "20054": {
            "year_quarter": 20054,
            "year": 2005,
            "quarter": 4,
            "eps": 1.01,
            "eps_growth_year": 206.06,
            "eps_4q": 2.5,
            "eps_4q_growth_year": 6.48,
            "roe": 8.1,
            "roe_4q": 20.55,
            "gross_profit": 109592,
            "gross_margin": 43.92,
            "gross_margin_4q_avg": 39.14,
            "net_income": 69532,
            "net_income_4q": null,
            "revenue": 249540,
            "revenue_4q": null,
            "common_shares": 717680,
            "book_valuer_per_share": 12.41,
            "book_valuer_per_share_4q_avg": 11.75,
            "equity": 896929,
            "current_ratio": 353.67,
            "debt_ratio": 19.94,
            "inventory_turnover_ratio": 0.73,
            "account_receivable_turnover_ratio": null,
            "reinvestment_rate": 48.54,
            "research_to_sale_ratio": null,
            "price_fair": 97.9,
            "eps_avg_yearly": 2.8,
            "eps_latest_yearly": 4.04,
            "eps_growth_yearly": 112.24
        },
        "20061": {
            "year_quarter": 20061,
            "year": 2006,
            "quarter": 1,
            "eps": 0.69,
            "eps_growth_year": 86.49,
            "eps_4q": 2.82,
            "eps_4q_growth_year": 44.72,
            "roe": 5.19,
            "roe_4q": 22.89,
            "gross_profit": 78529,
            "gross_margin": 34.92,
            "gross_margin_4q_avg": 37.34,
            "net_income": 47631,
            "net_income_4q": null,
            "revenue": 224912,
            "revenue_4q": null,
            "common_shares": 717680,
            "book_valuer_per_share": 13.07,
            "book_valuer_per_share_4q_avg": 11.91,
            "equity": 938024,
            "current_ratio": 324.6,
            "debt_ratio": 19.56,
            "inventory_turnover_ratio": 0.69,
            "account_receivable_turnover_ratio": null,
            "reinvestment_rate": 40.35,
            "research_to_sale_ratio": null,
            "price_fair": 89.5,
            "eps_avg_yearly": 2.56,
            "eps_latest_yearly": 2.76,
            "eps_growth_yearly": 104.61
        },
        "20062": {
            "year_quarter": 20062,
            "year": 2006,
            "quarter": 2,
            "eps": 0.89,
            "eps_growth_year": 140.54,
            "eps_4q": 3.27,
            "eps_4q_growth_year": 92.12,
            "roe": 7.05,
            "roe_4q": 26.91,
            "gross_profit": 95812,
            "gross_margin": 39.65,
            "gross_margin_4q_avg": 38.95,
            "net_income": 63413,
            "net_income_4q": null,
            "revenue": 241655,
            "revenue_4q": null,
            "common_shares": 741300,
            "book_valuer_per_share": 11.61,
            "book_valuer_per_share_4q_avg": 12.13,
            "equity": 860343,
            "current_ratio": 210.52,
            "debt_ratio": 29.89,
            "inventory_turnover_ratio": 0.67,
            "account_receivable_turnover_ratio": null,
            "reinvestment_rate": 36.93,
            "research_to_sale_ratio": null,
            "price_fair": 94.3,
            "eps_avg_yearly": 2.69,
            "eps_latest_yearly": 3.56,
            "eps_growth_yearly": 133.8
        },
        "20063": {
            "year_quarter": 20063,
            "year": 2006,
            "quarter": 3,
            "eps": 1.13,
            "eps_growth_year": 48.68,
            "eps_4q": 3.68,
            "eps_4q_growth_year": 100.86,
            "roe": 8.66,
            "roe_4q": 29,
            "gross_profit": 123686,
            "gross_margin": 47.77,
            "gross_margin_4q_avg": 41.57,
            "net_income": 80088,
            "net_income_4q": null,
            "revenue": 258919,
            "revenue_4q": null,
            "common_shares": 741300,
            "book_valuer_per_share": 13.33,
            "book_valuer_per_share_4q_avg": 12.61,
            "equity": 988322,
            "current_ratio": 341.92,
            "debt_ratio": 19.07,
            "inventory_turnover_ratio": 0.61,
            "account_receivable_turnover_ratio": null,
            "reinvestment_rate": 31.87,
            "research_to_sale_ratio": null,
            "price_fair": 102.1,
            "eps_avg_yearly": 2.92,
            "eps_latest_yearly": 4.52,
            "eps_growth_yearly": 145.69
        },
        "20064": {
            "year_quarter": 20064,
            "year": 2006,
            "quarter": 4,
            "eps": 1.58,
            "eps_growth_year": 56.44,
            "eps_4q": 4.25,
            "eps_4q_growth_year": 69.9,
            "roe": 10.83,
            "roe_4q": 31.730000000000004,
            "gross_profit": 152188,
            "gross_margin": 55.27,
            "gross_margin_4q_avg": 44.4,
            "net_income": 113274,
            "net_income_4q": null,
            "revenue": 275357,
            "revenue_4q": null,
            "common_shares": 741300,
            "book_valuer_per_share": 14.85,
            "book_valuer_per_share_4q_avg": 13.22,
            "equity": 1102585,
            "current_ratio": 507.62,
            "debt_ratio": 15.08,
            "inventory_turnover_ratio": 0.53,
            "account_receivable_turnover_ratio": null,
            "reinvestment_rate": 30.93,
            "research_to_sale_ratio": null,
            "price_fair": 110.04,
            "eps_avg_yearly": 3.14,
            "eps_latest_yearly": 6.32,
            "eps_growth_yearly": 146.6
        },
        "20071": {
            "year_quarter": 20071,
            "year": 2007,
            "quarter": 1,
            "eps": 1.07,
            "eps_growth_year": 55.07,
            "eps_4q": 4.57,
            "eps_4q_growth_year": 62.29,
            "roe": 6.79,
            "roe_4q": 33.33,
            "gross_profit": 114297,
            "gross_margin": 47.8,
            "gross_margin_4q_avg": 47.62,
            "net_income": 78428,
            "net_income_4q": null,
            "revenue": 239102,
            "revenue_4q": null,
            "common_shares": 741300,
            "book_valuer_per_share": 16.3,
            "book_valuer_per_share_4q_avg": 14.02,
            "equity": 1207985,
            "current_ratio": 454.19,
            "debt_ratio": 15.82,
            "inventory_turnover_ratio": 0.52,
            "account_receivable_turnover_ratio": null,
            "reinvestment_rate": 24.54,
            "research_to_sale_ratio": null,
            "price_fair": 112.53,
            "eps_avg_yearly": 3.22,
            "eps_latest_yearly": 4.28,
            "eps_growth_yearly": 129.36
        },
        "20072": {
            "year_quarter": 20072,
            "year": 2007,
            "quarter": 2,
            "eps": 1.2,
            "eps_growth_year": 34.83,
            "eps_4q": 4.49,
            "eps_4q_growth_year": 37.51,
            "roe": 8.49,
            "roe_4q": 34.769999999999996,
            "gross_profit": 144198,
            "gross_margin": 49.85,
            "gross_margin_4q_avg": 50.17,
            "net_income": 99052,
            "net_income_4q": null,
            "revenue": 289255,
            "revenue_4q": null,
            "common_shares": 741300,
            "book_valuer_per_share": 15.18,
            "book_valuer_per_share_4q_avg": 14.92,
            "equity": 1125262,
            "current_ratio": 259.22,
            "debt_ratio": 27.49,
            "inventory_turnover_ratio": 0.57,
            "account_receivable_turnover_ratio": null,
            "reinvestment_rate": 22.8,
            "research_to_sale_ratio": null,
            "price_fair": 119.26,
            "eps_avg_yearly": 3.41,
            "eps_latest_yearly": 4.8,
            "eps_growth_yearly": 59.67
        },
        "20073": {
            "year_quarter": 20073,
            "year": 2007,
            "quarter": 3,
            "eps": 1.56,
            "eps_growth_year": 38.05,
            "eps_4q": 5.07,
            "eps_4q_growth_year": 37.9,
            "roe": 10.85,
            "roe_4q": 36.96,
            "gross_profit": 160934,
            "gross_margin": 51.02,
            "gross_margin_4q_avg": 50.99,
            "net_income": 129163,
            "net_income_4q": null,
            "revenue": 315445,
            "revenue_4q": null,
            "common_shares": 830708,
            "book_valuer_per_share": 15.11,
            "book_valuer_per_share_4q_avg": 15.36,
            "equity": 1254802,
            "current_ratio": 488.57,
            "debt_ratio": 14.64,
            "inventory_turnover_ratio": 0.58,
            "account_receivable_turnover_ratio": null,
            "reinvestment_rate": 22.13,
            "research_to_sale_ratio": null,
            "price_fair": 126.35,
            "eps_avg_yearly": 3.61,
            "eps_latest_yearly": 6.24,
            "eps_growth_yearly": 48.57
        },
        "20074": {
            "year_quarter": 20074,
            "year": 2007,
            "quarter": 4,
            "eps": 1.16,
            "eps_growth_year": -26.58,
            "eps_4q": 4.87,
            "eps_4q_growth_year": 14.68,
            "roe": 7.36,
            "roe_4q": 33.49,
            "gross_profit": 141211,
            "gross_margin": 49.89,
            "gross_margin_4q_avg": 49.64,
            "net_income": 95890,
            "net_income_4q": null,
            "revenue": 283026,
            "revenue_4q": null,
            "common_shares": 830708,
            "book_valuer_per_share": 16.22,
            "book_valuer_per_share_4q_avg": 15.7,
            "equity": 1349126,
            "current_ratio": 598.76,
            "debt_ratio": 13.18,
            "inventory_turnover_ratio": 0.51,
            "account_receivable_turnover_ratio": null,
            "reinvestment_rate": 20.7,
            "research_to_sale_ratio": null,
            "price_fair": 113.3,
            "eps_avg_yearly": 3.56,
            "eps_latest_yearly": 4.64,
            "eps_growth_yearly": 21.83
        },
        "20081": {
            "year_quarter": 20081,
            "year": 2008,
            "quarter": 1,
            "eps": 0.61,
            "eps_growth_year": -42.99,
            "eps_4q": 4.52,
            "eps_4q_growth_year": -1.14,
            "roe": 3.68,
            "roe_4q": 30.380000000000003,
            "gross_profit": 112931,
            "gross_margin": 47.45,
            "gross_margin_4q_avg": 49.55,
            "net_income": 50549,
            "net_income_4q": null,
            "revenue": 238001,
            "revenue_4q": null,
            "common_shares": 830708,
            "book_valuer_per_share": 16.79,
            "book_valuer_per_share_4q_avg": 15.83,
            "equity": 1396196,
            "current_ratio": 575.12,
            "debt_ratio": 13.59,
            "inventory_turnover_ratio": 0.43,
            "account_receivable_turnover_ratio": null,
            "reinvestment_rate": 26.87,
            "research_to_sale_ratio": null,
            "price_fair": 95.6,
            "eps_avg_yearly": 3.48,
            "eps_latest_yearly": 2.44,
            "eps_growth_yearly": 17.51
        },
        "20082": {
            "year_quarter": 20082,
            "year": 2008,
            "quarter": 2,
            "eps": 0.53,
            "eps_growth_year": -55.83,
            "eps_4q": 3.87,
            "eps_4q_growth_year": -13.93,
            "roe": 3.53,
            "roe_4q": 25.42,
            "gross_profit": 115312,
            "gross_margin": 41.35,
            "gross_margin_4q_avg": 47.43,
            "net_income": 43786,
            "net_income_4q": null,
            "revenue": 278838,
            "revenue_4q": null,
            "common_shares": 830708,
            "book_valuer_per_share": 13.02,
            "book_valuer_per_share_4q_avg": 15.29,
            "equity": 1083379,
            "current_ratio": 202.13,
            "debt_ratio": 36.01,
            "inventory_turnover_ratio": 0.52,
            "account_receivable_turnover_ratio": null,
            "reinvestment_rate": 30.91,
            "research_to_sale_ratio": null,
            "price_fair": 117.61,
            "eps_avg_yearly": 3.46,
            "eps_latest_yearly": 2.12,
            "eps_growth_yearly": 23.97
        },
        "20083": {
            "year_quarter": 20083,
            "year": 2008,
            "quarter": 3,
            "eps": 1.19,
            "eps_growth_year": -23.72,
            "eps_4q": 3.48,
            "eps_4q_growth_year": -31.4,
            "roe": 8.74,
            "roe_4q": 23.31,
            "gross_profit": 150623,
            "gross_margin": 42.01,
            "gross_margin_4q_avg": 45.18,
            "net_income": 98892,
            "net_income_4q": null,
            "revenue": 358580,
            "revenue_4q": null,
            "common_shares": 830708,
            "book_valuer_per_share": 14.17,
            "book_valuer_per_share_4q_avg": 15.05,
            "equity": 1178400,
            "current_ratio": 413.78,
            "debt_ratio": 16.53,
            "inventory_turnover_ratio": 0.63,
            "account_receivable_turnover_ratio": null,
            "reinvestment_rate": 36.96,
            "research_to_sale_ratio": null,
            "price_fair": 126.44,
            "eps_avg_yearly": 3.61,
            "eps_latest_yearly": 4.76,
            "eps_growth_yearly": 54.67
        },
        "20084": {
            "year_quarter": 20084,
            "year": 2008,
            "quarter": 4,
            "eps": 1.1,
            "eps_growth_year": -5.17,
            "eps_4q": 3.44,
            "eps_4q_growth_year": -29.42,
            "roe": 7.45,
            "roe_4q": 23.400000000000002,
            "gross_profit": 148531,
            "gross_margin": 46.84,
            "gross_margin_4q_avg": 44.41,
            "net_income": 90987,
            "net_income_4q": null,
            "revenue": 317070,
            "revenue_4q": null,
            "common_shares": 830708,
            "book_valuer_per_share": 15.22,
            "book_valuer_per_share_4q_avg": 14.8,
            "equity": 1264155,
            "current_ratio": 477.17,
            "debt_ratio": 14.89,
            "inventory_turnover_ratio": 0.5,
            "account_receivable_turnover_ratio": 3.61,
            "reinvestment_rate": 21.58,
            "research_to_sale_ratio": null,
            "price_fair": 133.18,
            "eps_avg_yearly": 3.81,
            "eps_latest_yearly": 4.4,
            "eps_growth_yearly": 63.79
        },
        "20091": {
            "year_quarter": 20091,
            "year": 2009,
            "quarter": 1,
            "eps": 1,
            "eps_growth_year": 63.93,
            "eps_4q": 3.81,
            "eps_4q_growth_year": -15.75,
            "roe": 6.37,
            "roe_4q": 26.090000000000003,
            "gross_profit": 141287,
            "gross_margin": 48.08,
            "gross_margin_4q_avg": 44.57,
            "net_income": 83209,
            "net_income_4q": null,
            "revenue": 293852,
            "revenue_4q": null,
            "common_shares": 830708,
            "book_valuer_per_share": 16.22,
            "book_valuer_per_share_4q_avg": 14.66,
            "equity": 1347625,
            "current_ratio": 412.79,
            "debt_ratio": 17.36,
            "inventory_turnover_ratio": 0.44,
            "account_receivable_turnover_ratio": 1.6,
            "reinvestment_rate": 25.79,
            "research_to_sale_ratio": null,
            "price_fair": 138.69,
            "eps_avg_yearly": 3.96,
            "eps_latest_yearly": 4,
            "eps_growth_yearly": 58.49
        },
        "20092": {
            "year_quarter": 20092,
            "year": 2009,
            "quarter": 2,
            "eps": 0.62,
            "eps_growth_year": 16.98,
            "eps_4q": 3.48,
            "eps_4q_growth_year": -10.02,
            "roe": 4.5,
            "roe_4q": 27.060000000000002,
            "gross_profit": 150392,
            "gross_margin": 40.47,
            "gross_margin_4q_avg": 44.35,
            "net_income": 59219,
            "net_income_4q": null,
            "revenue": 371578,
            "revenue_4q": null,
            "common_shares": 830708,
            "book_valuer_per_share": 15.47,
            "book_valuer_per_share_4q_avg": 15.27,
            "equity": 1284693,
            "current_ratio": 323.84,
            "debt_ratio": 22.23,
            "inventory_turnover_ratio": 0.67,
            "account_receivable_turnover_ratio": 1.87,
            "reinvestment_rate": 19.53,
            "research_to_sale_ratio": null,
            "price_fair": 140.88,
            "eps_avg_yearly": 4.03,
            "eps_latest_yearly": 2.48,
            "eps_growth_yearly": 48.99
        },
        "20093": {
            "year_quarter": 20093,
            "year": 2009,
            "quarter": 3,
            "eps": 0.8,
            "eps_growth_year": -32.77,
            "eps_4q": 3.23,
            "eps_4q_growth_year": -7.11,
            "roe": 5.8,
            "roe_4q": 24.12,
            "gross_profit": 145595,
            "gross_margin": 39.42,
            "gross_margin_4q_avg": 43.7,
            "net_income": 76801,
            "net_income_4q": null,
            "revenue": 369379,
            "revenue_4q": null,
            "common_shares": 955314,
            "book_valuer_per_share": 14.27,
            "book_valuer_per_share_4q_avg": 15.3,
            "equity": 1363384,
            "current_ratio": 470.2,
            "debt_ratio": 15.64,
            "inventory_turnover_ratio": 0.74,
            "account_receivable_turnover_ratio": 1.73,
            "reinvestment_rate": 16.26,
            "research_to_sale_ratio": null,
            "price_fair": 141.23,
            "eps_avg_yearly": 4.04,
            "eps_latest_yearly": 3.2,
            "eps_growth_yearly": 29.9
        },
        "20094": {
            "year_quarter": 20094,
            "year": 2009,
            "quarter": 4,
            "eps": 1.12,
            "eps_growth_year": 1.82,
            "eps_4q": 3.42,
            "eps_4q_growth_year": -0.57,
            "roe": 7.57,
            "roe_4q": 24.240000000000002,
            "gross_profit": 175169,
            "gross_margin": 43.35,
            "gross_margin_4q_avg": 42.83,
            "net_income": 107254,
            "net_income_4q": null,
            "revenue": 404108,
            "revenue_4q": null,
            "common_shares": 955314,
            "book_valuer_per_share": 15.4,
            "book_valuer_per_share_4q_avg": 15.34,
            "equity": 1471243,
            "current_ratio": 441.5,
            "debt_ratio": 17.09,
            "inventory_turnover_ratio": 0.73,
            "account_receivable_turnover_ratio": 2.89,
            "reinvestment_rate": 14.03,
            "research_to_sale_ratio": null,
            "price_fair": 142.19,
            "eps_avg_yearly": 4.06,
            "eps_latest_yearly": 4.48,
            "eps_growth_yearly": 31.67
        },
        "20101": {
            "year_quarter": 20101,
            "year": 2010,
            "quarter": 1,
            "eps": 1.13,
            "eps_growth_year": 13,
            "eps_4q": 3.68,
            "eps_4q_growth_year": -3.45,
            "roe": 7.08,
            "roe_4q": 24.95,
            "gross_profit": 170876,
            "gross_margin": 39.71,
            "gross_margin_4q_avg": 40.74,
            "net_income": 108064,
            "net_income_4q": null,
            "revenue": 430356,
            "revenue_4q": null,
            "common_shares": 955314,
            "book_valuer_per_share": 16.54,
            "book_valuer_per_share_4q_avg": 15.42,
            "equity": 1579618,
            "current_ratio": 417.12,
            "debt_ratio": 17.76,
            "inventory_turnover_ratio": 0.82,
            "account_receivable_turnover_ratio": 1.54,
            "reinvestment_rate": 18.8,
            "research_to_sale_ratio": 4.03,
            "price_fair": 146.04,
            "eps_avg_yearly": 4.17,
            "eps_latest_yearly": 4.52,
            "eps_growth_yearly": 39.82
        },
        "20102": {
            "year_quarter": 20102,
            "year": 2010,
            "quarter": 2,
            "eps": 1.3,
            "eps_growth_year": 109.54,
            "eps_4q": 4.36,
            "eps_4q_growth_year": 25.23,
            "roe": 8.32,
            "roe_4q": 28.77,
            "gross_profit": 190764,
            "gross_margin": 44.38,
            "gross_margin_4q_avg": 41.72,
            "net_income": 124111,
            "net_income_4q": null,
            "revenue": 429858,
            "revenue_4q": null,
            "common_shares": 955314,
            "book_valuer_per_share": 14.71,
            "book_valuer_per_share_4q_avg": 15.23,
            "equity": 1405081,
            "current_ratio": 230.76,
            "debt_ratio": 31.46,
            "inventory_turnover_ratio": 0.72,
            "account_receivable_turnover_ratio": 1.52,
            "reinvestment_rate": 19.35,
            "research_to_sale_ratio": 4.69,
            "price_fair": 149.63,
            "eps_avg_yearly": 4.28,
            "eps_latest_yearly": 5.2,
            "eps_growth_yearly": 36.33
        },
        "20103": {
            "year_quarter": 20103,
            "year": 2010,
            "quarter": 3,
            "eps": 1.37,
            "eps_growth_year": 71.59,
            "eps_4q": 4.93,
            "eps_4q_growth_year": 52.41,
            "roe": 8.91,
            "roe_4q": 31.880000000000003,
            "gross_profit": 204646,
            "gross_margin": 45.33,
            "gross_margin_4q_avg": 43.19,
            "net_income": 131137,
            "net_income_4q": null,
            "revenue": 451489,
            "revenue_4q": null,
            "common_shares": 955314,
            "book_valuer_per_share": 16.11,
            "book_valuer_per_share_4q_avg": 15.69,
            "equity": 1538552,
            "current_ratio": 397.94,
            "debt_ratio": 17.94,
            "inventory_turnover_ratio": 0.66,
            "account_receivable_turnover_ratio": 1.44,
            "reinvestment_rate": 19.3,
            "research_to_sale_ratio": 4.57,
            "price_fair": 151.73,
            "eps_avg_yearly": 4.34,
            "eps_latest_yearly": 5.48,
            "eps_growth_yearly": 30.94
        },
        "20104": {
            "year_quarter": 20104,
            "year": 2010,
            "quarter": 4,
            "eps": 0.95,
            "eps_growth_year": -15.29,
            "eps_4q": 4.75,
            "eps_4q_growth_year": 39.04,
            "roe": 5.72,
            "roe_4q": 30.03,
            "gross_profit": 187593,
            "gross_margin": 42.83,
            "gross_margin_4q_avg": 43.06,
            "net_income": 90637,
            "net_income_4q": null,
            "revenue": 437987,
            "revenue_4q": null,
            "common_shares": 955314,
            "book_valuer_per_share": 17.06,
            "book_valuer_per_share_4q_avg": 16.11,
            "equity": 1629834,
            "current_ratio": 444.27,
            "debt_ratio": 16.44,
            "inventory_turnover_ratio": 0.67,
            "account_receivable_turnover_ratio": 1.32,
            "reinvestment_rate": 17.66,
            "research_to_sale_ratio": 5.55,
            "price_fair": 97.41,
            "eps_avg_yearly": 4.18,
            "eps_latest_yearly": 3.8,
            "eps_growth_yearly": 13.32
        },
        "20111": {
            "year_quarter": 20111,
            "year": 2011,
            "quarter": 1,
            "eps": 1.02,
            "eps_growth_year": -9.73,
            "eps_4q": 4.64,
            "eps_4q_growth_year": 26.05,
            "roe": 5.78,
            "roe_4q": 28.73,
            "gross_profit": 141673,
            "gross_margin": 38.92,
            "gross_margin_4q_avg": 42.87,
            "net_income": 96986,
            "net_income_4q": null,
            "revenue": 364002,
            "revenue_4q": null,
            "common_shares": 955314,
            "book_valuer_per_share": 18.07,
            "book_valuer_per_share_4q_avg": 16.49,
            "equity": 1726400,
            "current_ratio": 478.8,
            "debt_ratio": 15.59,
            "inventory_turnover_ratio": 0.59,
            "account_receivable_turnover_ratio": 1.18,
            "reinvestment_rate": 19.19,
            "research_to_sale_ratio": 4.66,
            "price_fair": 138.4,
            "eps_avg_yearly": 4.17,
            "eps_latest_yearly": 4.08,
            "eps_growth_yearly": 23.23
        },
        "20112": {
            "year_quarter": 20112,
            "year": 2011,
            "quarter": 2,
            "eps": 1.16,
            "eps_growth_year": -11.08,
            "eps_4q": 4.49,
            "eps_4q_growth_year": 3.1,
            "roe": 6.98,
            "roe_4q": 27.39,
            "gross_profit": 163444,
            "gross_margin": 34.13,
            "gross_margin_4q_avg": 40.3,
            "net_income": 110365,
            "net_income_4q": null,
            "revenue": 478901,
            "revenue_4q": null,
            "common_shares": 955314,
            "book_valuer_per_share": 15.01,
            "book_valuer_per_share_4q_avg": 16.56,
            "equity": 1434353,
            "current_ratio": 209.86,
            "debt_ratio": 35.63,
            "inventory_turnover_ratio": 0.79,
            "account_receivable_turnover_ratio": 1.38,
            "reinvestment_rate": 18.63,
            "research_to_sale_ratio": 4.29,
            "price_fair": 139.71,
            "eps_avg_yearly": 4.16,
            "eps_latest_yearly": 4.64,
            "eps_growth_yearly": 23.62
        },
        "20113": {
            "year_quarter": 20113,
            "year": 2011,
            "quarter": 3,
            "eps": 1.82,
            "eps_growth_year": 32.71,
            "eps_4q": 4.94,
            "eps_4q_growth_year": 0.31,
            "roe": 11.45,
            "roe_4q": 29.93,
            "gross_profit": 217380,
            "gross_margin": 40.57,
            "gross_margin_4q_avg": 39.11,
            "net_income": 174030,
            "net_income_4q": null,
            "revenue": 535813,
            "revenue_4q": null,
            "common_shares": 955314,
            "book_valuer_per_share": 16.8,
            "book_valuer_per_share_4q_avg": 16.74,
            "equity": 1604878,
            "current_ratio": 353.89,
            "debt_ratio": 20.68,
            "inventory_turnover_ratio": 0.75,
            "account_receivable_turnover_ratio": 1.21,
            "reinvestment_rate": 17.83,
            "research_to_sale_ratio": 5.45,
            "price_fair": 147.7,
            "eps_avg_yearly": 4.22,
            "eps_latest_yearly": 7.28,
            "eps_growth_yearly": 30.35
        },
        "20114": {
            "year_quarter": 20114,
            "year": 2011,
            "quarter": 4,
            "eps": 1.52,
            "eps_growth_year": 60.24,
            "eps_4q": 5.51,
            "eps_4q_growth_year": 16.01,
            "roe": 8.66,
            "roe_4q": 32.87,
            "gross_profit": 226710,
            "gross_margin": 45.56,
            "gross_margin_4q_avg": 39.8,
            "net_income": 145236,
            "net_income_4q": null,
            "revenue": 497557,
            "revenue_4q": null,
            "common_shares": 955314,
            "book_valuer_per_share": 18.32,
            "book_valuer_per_share_4q_avg": 17.05,
            "equity": 1750311,
            "current_ratio": 416.02,
            "debt_ratio": 18.17,
            "inventory_turnover_ratio": 0.58,
            "account_receivable_turnover_ratio": 0.93,
            "reinvestment_rate": 14.62,
            "research_to_sale_ratio": 4.35,
            "price_fair": 150.85,
            "eps_avg_yearly": 4.31,
            "eps_latest_yearly": 6.08,
            "eps_growth_yearly": 32.64
        },
        "20121": {
            "year_quarter": 20121,
            "year": 2012,
            "quarter": 1,
            "eps": 1.53,
            "eps_growth_year": 50,
            "eps_4q": 6.02,
            "eps_4q_growth_year": 29.92,
            "roe": 7.99,
            "roe_4q": 35.08,
            "gross_profit": 234927,
            "gross_margin": 43.75,
            "gross_margin_4q_avg": 41,
            "net_income": 145729,
            "net_income_4q": null,
            "revenue": 537023,
            "revenue_4q": null,
            "common_shares": 955314,
            "book_valuer_per_share": 19.86,
            "book_valuer_per_share_4q_avg": 17.5,
            "equity": 1897463,
            "current_ratio": 443.84,
            "debt_ratio": 17.48,
            "inventory_turnover_ratio": 0.6,
            "account_receivable_turnover_ratio": 0.99,
            "reinvestment_rate": 12.39,
            "research_to_sale_ratio": 4.33,
            "price_fair": 158.9,
            "eps_avg_yearly": 4.54,
            "eps_latest_yearly": 6.12,
            "eps_growth_yearly": 44.66
        },
        "20122": {
            "year_quarter": 20122,
            "year": 2012,
            "quarter": 2,
            "eps": 1.52,
            "eps_growth_year": 31.26,
            "eps_4q": 6.38,
            "eps_4q_growth_year": 42.12,
            "roe": 8.37,
            "roe_4q": 36.47,
            "gross_profit": 197343,
            "gross_margin": 35.82,
            "gross_margin_4q_avg": 41.43,
            "net_income": 144865,
            "net_income_4q": null,
            "revenue": 550926,
            "revenue_4q": null,
            "common_shares": 955314,
            "book_valuer_per_share": 16.37,
            "book_valuer_per_share_4q_avg": 17.84,
            "equity": 1564216,
            "current_ratio": 327.37,
            "debt_ratio": 22.38,
            "inventory_turnover_ratio": 0.68,
            "account_receivable_turnover_ratio": 0.98,
            "reinvestment_rate": 9.5,
            "research_to_sale_ratio": 4.49,
            "price_fair": 167.56,
            "eps_avg_yearly": 4.79,
            "eps_latest_yearly": 6.08,
            "eps_growth_yearly": 47.77
        },
        "20123": {
            "year_quarter": 20123,
            "year": 2012,
            "quarter": 3,
            "eps": 1.08,
            "eps_growth_year": -40.71,
            "eps_4q": 5.5,
            "eps_4q_growth_year": 11.38,
            "roe": 6.16,
            "roe_4q": 31.18,
            "gross_profit": 185765,
            "gross_margin": 40.72,
            "gross_margin_4q_avg": 41.46,
            "net_income": 106215,
            "net_income_4q": null,
            "revenue": 456170,
            "revenue_4q": null,
            "common_shares": 985314,
            "book_valuer_per_share": 19.13,
            "book_valuer_per_share_4q_avg": 18.42,
            "equity": 1886398,
            "current_ratio": 608.05,
            "debt_ratio": 27.99,
            "inventory_turnover_ratio": 0.51,
            "account_receivable_turnover_ratio": 0.76,
            "reinvestment_rate": 5.33,
            "research_to_sale_ratio": 5.6,
            "price_fair": 92.35,
            "eps_avg_yearly": 4.76,
            "eps_latest_yearly": 4.32,
            "eps_growth_yearly": 9.4
        },
        "20124": {
            "year_quarter": 20124,
            "year": 2012,
            "quarter": 4,
            "eps": 1.28,
            "eps_growth_year": -16.09,
            "eps_4q": 5.31,
            "eps_4q_growth_year": -3.76,
            "roe": 6.44,
            "roe_4q": 28.96,
            "gross_profit": 190327,
            "gross_margin": 39.49,
            "gross_margin_4q_avg": 39.95,
            "net_income": 125637,
            "net_income_4q": null,
            "revenue": 481967,
            "revenue_4q": null,
            "common_shares": 985314,
            "book_valuer_per_share": 20.42,
            "book_valuer_per_share_4q_avg": 18.95,
            "equity": 2012820,
            "current_ratio": 546.9,
            "debt_ratio": 26.75,
            "inventory_turnover_ratio": 0.52,
            "account_receivable_turnover_ratio": 0.84,
            "reinvestment_rate": 23.26,
            "research_to_sale_ratio": 5.12,
            "price_fair": 124.56,
            "eps_avg_yearly": 4.81,
            "eps_latest_yearly": 5.12,
            "eps_growth_yearly": 15.92
        },
        "20131": {
            "year_quarter": 20131,
            "year": 2013,
            "quarter": 1,
            "eps": 1.28,
            "eps_growth_year": -16.34,
            "eps_4q": 5.1,
            "eps_4q_growth_year": -15.24,
            "roe": 6.1,
            "roe_4q": 27.07,
            "gross_profit": 171812,
            "gross_margin": 32.79,
            "gross_margin_4q_avg": 37.21,
            "net_income": 125925,
            "net_income_4q": null,
            "revenue": 523974,
            "revenue_4q": null,
            "common_shares": 985314,
            "book_valuer_per_share": 21.47,
            "book_valuer_per_share_4q_avg": 19.35,
            "equity": 2116164,
            "current_ratio": 543.57,
            "debt_ratio": 26.77,
            "inventory_turnover_ratio": 0.67,
            "account_receivable_turnover_ratio": 0.87,
            "reinvestment_rate": 23.73,
            "research_to_sale_ratio": 5.1,
            "price_fair": 137.45,
            "eps_avg_yearly": 4.88,
            "eps_latest_yearly": 5.12,
            "eps_growth_yearly": 18.19
        },
        "20132": {
            "year_quarter": 20132,
            "year": 2013,
            "quarter": 2,
            "eps": 1.66,
            "eps_growth_year": 9.47,
            "eps_4q": 5.29,
            "eps_4q_growth_year": -17.13,
            "roe": 8.25,
            "roe_4q": 26.95,
            "gross_profit": 169175,
            "gross_margin": 34.07,
            "gross_margin_4q_avg": 36.77,
            "net_income": 163005,
            "net_income_4q": null,
            "revenue": 496560,
            "revenue_4q": null,
            "common_shares": 985314,
            "book_valuer_per_share": 18.61,
            "book_valuer_per_share_4q_avg": 19.91,
            "equity": 1834986,
            "current_ratio": 394.91,
            "debt_ratio": 31.34,
            "inventory_turnover_ratio": 0.7,
            "account_receivable_turnover_ratio": 0.76,
            "reinvestment_rate": 25.51,
            "research_to_sale_ratio": 5.91,
            "price_fair": 179.73,
            "eps_avg_yearly": 5.14,
            "eps_latest_yearly": 6.64,
            "eps_growth_yearly": 35.12
        },
        "20133": {
            "year_quarter": 20133,
            "year": 2013,
            "quarter": 3,
            "eps": 0.52,
            "eps_growth_year": -51.85,
            "eps_4q": 4.73,
            "eps_4q_growth_year": -13.97,
            "roe": 2.77,
            "roe_4q": 23.56,
            "gross_profit": 119283,
            "gross_margin": 26.26,
            "gross_margin_4q_avg": 33.15,
            "net_income": 51591,
            "net_income_4q": null,
            "revenue": 454277,
            "revenue_4q": null,
            "common_shares": 985314,
            "book_valuer_per_share": 19.12,
            "book_valuer_per_share_4q_avg": 19.91,
            "equity": 1885215,
            "current_ratio": 352.05,
            "debt_ratio": 29.9,
            "inventory_turnover_ratio": 0.72,
            "account_receivable_turnover_ratio": 0.77,
            "reinvestment_rate": 42.21,
            "research_to_sale_ratio": 5.6,
            "price_fair": 104.79,
            "eps_avg_yearly": 5.07,
            "eps_latest_yearly": 2.08,
            "eps_growth_yearly": 10.69
        },
        "20134": {
            "year_quarter": 20134,
            "year": 2013,
            "quarter": 4,
            "eps": 0.31,
            "eps_growth_year": -75.79,
            "eps_4q": 3.77,
            "eps_4q_growth_year": -28.98,
            "roe": 1.59,
            "roe_4q": 18.71,
            "gross_profit": 108173,
            "gross_margin": 30.52,
            "gross_margin_4q_avg": 30.91,
            "net_income": 30322,
            "net_income_4q": null,
            "revenue": 354410,
            "revenue_4q": null,
            "common_shares": 985314,
            "book_valuer_per_share": 19.48,
            "book_valuer_per_share_4q_avg": 19.67,
            "equity": 1920516,
            "current_ratio": 377.68,
            "debt_ratio": 29.5,
            "inventory_turnover_ratio": 0.51,
            "account_receivable_turnover_ratio": 0.79,
            "reinvestment_rate": 39.09,
            "research_to_sale_ratio": 7.81,
            "price_fair": 14.59,
            "eps_avg_yearly": 4.86,
            "eps_latest_yearly": 1.24,
            "eps_growth_yearly": -9.41
        },
        "20141": {
            "year_quarter": 20141,
            "year": 2014,
            "quarter": 1,
            "eps": 0.63,
            "eps_growth_year": -50.78,
            "eps_4q": 3.12,
            "eps_4q_growth_year": -38.87,
            "roe": 3.18,
            "roe_4q": 15.790000000000001,
            "gross_profit": 113997,
            "gross_margin": 26.94,
            "gross_margin_4q_avg": 29.45,
            "net_income": 62129,
            "net_income_4q": null,
            "revenue": 423222,
            "revenue_4q": null,
            "common_shares": 985314,
            "book_valuer_per_share": 20.12,
            "book_valuer_per_share_4q_avg": 19.33,
            "equity": 1983162,
            "current_ratio": 426.83,
            "debt_ratio": 27.93,
            "inventory_turnover_ratio": 0.62,
            "account_receivable_turnover_ratio": 0.99,
            "reinvestment_rate": 36.77,
            "research_to_sale_ratio": 6.36,
            "price_fair": 124.01,
            "eps_avg_yearly": 4.74,
            "eps_latest_yearly": 2.52,
            "eps_growth_yearly": 16.18
        },
        "20142": {
            "year_quarter": 20142,
            "year": 2014,
            "quarter": 2,
            "eps": 0.65,
            "eps_growth_year": -60.84,
            "eps_4q": 2.12,
            "eps_4q_growth_year": -59.96,
            "roe": 3.37,
            "roe_4q": 10.91,
            "gross_profit": 138765,
            "gross_margin": 31.38,
            "gross_margin_4q_avg": 28.78,
            "net_income": 62496,
            "net_income_4q": null,
            "revenue": 442277,
            "revenue_4q": null,
            "common_shares": 985314,
            "book_valuer_per_share": 17.47,
            "book_valuer_per_share_4q_avg": 19.05,
            "equity": 1720615,
            "current_ratio": 207,
            "debt_ratio": 42.09,
            "inventory_turnover_ratio": 0.6,
            "account_receivable_turnover_ratio": 0.92,
            "reinvestment_rate": 36.13,
            "research_to_sale_ratio": 5.33,
            "price_fair": 106.18,
            "eps_avg_yearly": 4.58,
            "eps_latest_yearly": 2.6,
            "eps_growth_yearly": 13.21
        },
        "20143": {
            "year_quarter": 20143,
            "year": 2014,
            "quarter": 3,
            "eps": 0.63,
            "eps_growth_year": 21.15,
            "eps_4q": 2.23,
            "eps_4q_growth_year": -52.93,
            "roe": 3.48,
            "roe_4q": 11.62,
            "gross_profit": 126088,
            "gross_margin": 29.45,
            "gross_margin_4q_avg": 29.57,
            "net_income": 60904,
            "net_income_4q": null,
            "revenue": 428083,
            "revenue_4q": null,
            "common_shares": 985314,
            "book_valuer_per_share": 18.11,
            "book_valuer_per_share_4q_avg": 18.8,
            "equity": 1781971,
            "current_ratio": 165.23,
            "debt_ratio": 33.59,
            "inventory_turnover_ratio": 0.57,
            "account_receivable_turnover_ratio": 0.85,
            "reinvestment_rate": 35.95,
            "research_to_sale_ratio": 6.51,
            "price_fair": 92.6,
            "eps_avg_yearly": 4.39,
            "eps_latest_yearly": 2.52,
            "eps_growth_yearly": 11.09
        },
        "20144": {
            "year_quarter": 20144,
            "year": 2014,
            "quarter": 4,
            "eps": 0.85,
            "eps_growth_year": 176.82,
            "eps_4q": 2.77,
            "eps_4q_growth_year": -26.36,
            "roe": 4.58,
            "roe_4q": 14.61,
            "gross_profit": 145823,
            "gross_margin": 29.44,
            "gross_margin_4q_avg": 29.3,
            "net_income": 83468,
            "net_income_4q": null,
            "revenue": 495347,
            "revenue_4q": null,
            "common_shares": 985314,
            "book_valuer_per_share": 18.96,
            "book_valuer_per_share_4q_avg": 18.67,
            "equity": 1866372,
            "current_ratio": 190.35,
            "debt_ratio": 29.43,
            "inventory_turnover_ratio": 0.68,
            "account_receivable_turnover_ratio": 1.02,
            "reinvestment_rate": 34.9,
            "research_to_sale_ratio": 5.38,
            "price_fair": 152.78,
            "eps_avg_yearly": 4.37,
            "eps_latest_yearly": 3.4,
            "eps_growth_yearly": 27.49
        },
        "20151": {
            "year_quarter": 20151,
            "year": 2015,
            "quarter": 1,
            "eps": 0.37,
            "eps_growth_year": -41.27,
            "eps_4q": 2.52,
            "eps_4q_growth_year": -19.37,
            "roe": 1.95,
            "roe_4q": 13.379999999999999,
            "gross_profit": 120840,
            "gross_margin": 25.48,
            "gross_margin_4q_avg": 28.94,
            "net_income": 36704,
            "net_income_4q": null,
            "revenue": 474282,
            "revenue_4q": null,
            "common_shares": 985314,
            "book_valuer_per_share": 19.3,
            "book_valuer_per_share_4q_avg": 18.46,
            "equity": 1902668,
            "current_ratio": 194.14,
            "debt_ratio": 29.73,
            "inventory_turnover_ratio": 0.72,
            "account_receivable_turnover_ratio": 1.01,
            "reinvestment_rate": 35.35,
            "research_to_sale_ratio": 5.06,
            "price_fair": 90.48,
            "eps_avg_yearly": 4.2,
            "eps_latest_yearly": 1.48,
            "eps_growth_yearly": 11.53
        },
        "20152": {
            "year_quarter": 20152,
            "year": 2015,
            "quarter": 2,
            "eps": 0.41,
            "eps_growth_year": -36.92,
            "eps_4q": 2.28,
            "eps_4q_growth_year": 7.51,
            "roe": 2.27,
            "roe_4q": 12.280000000000001,
            "gross_profit": 113292,
            "gross_margin": 26.8,
            "gross_margin_4q_avg": 27.79,
            "net_income": 40815,
            "net_income_4q": null,
            "revenue": 422810,
            "revenue_4q": null,
            "common_shares": 985314,
            "book_valuer_per_share": 17.22,
            "book_valuer_per_share_4q_avg": 18.4,
            "equity": 1697010,
            "current_ratio": 154.97,
            "debt_ratio": 37.6,
            "inventory_turnover_ratio": 0.64,
            "account_receivable_turnover_ratio": 0.92,
            "reinvestment_rate": 36,
            "research_to_sale_ratio": 6.26,
            "price_fair": 83.51,
            "eps_avg_yearly": 4.02,
            "eps_latest_yearly": 1.64,
            "eps_growth_yearly": 10.8
        },
        "20153": {
            "year_quarter": 20153,
            "year": 2015,
            "quarter": 3,
            "eps": 1.11,
            "eps_growth_year": 76.19,
            "eps_4q": 2.75,
            "eps_4q_growth_year": 23.33,
            "roe": 6.18,
            "roe_4q": 14.979999999999999,
            "gross_profit": 141328,
            "gross_margin": 30.02,
            "gross_margin_4q_avg": 27.94,
            "net_income": 108829,
            "net_income_4q": null,
            "revenue": 470705,
            "revenue_4q": null,
            "common_shares": 985314,
            "book_valuer_per_share": 18.52,
            "book_valuer_per_share_4q_avg": 18.5,
            "equity": 1825728,
            "current_ratio": 452.48,
            "debt_ratio": 27.87,
            "inventory_turnover_ratio": 0.74,
            "account_receivable_turnover_ratio": 1.01,
            "reinvestment_rate": 35.93,
            "research_to_sale_ratio": 5.58,
            "price_fair": 134.31,
            "eps_avg_yearly": 3.84,
            "eps_latest_yearly": 4.44,
            "eps_growth_yearly": 39.26
        },
        "20154": {
            "year_quarter": 20154,
            "year": 2015,
            "quarter": 4,
            "eps": 0.76,
            "eps_growth_year": -11.31,
            "eps_4q": 2.64,
            "eps_4q_growth_year": -4.94,
            "roe": 4,
            "roe_4q": 14.399999999999999,
            "gross_profit": 171675,
            "gross_margin": 35.79,
            "gross_margin_4q_avg": 29.52,
            "net_income": 75190,
            "net_income_4q": null,
            "revenue": 479657,
            "revenue_4q": null,
            "common_shares": 992874,
            "book_valuer_per_share": 19.43,
            "book_valuer_per_share_4q_avg": 18.62,
            "equity": 1929816,
            "current_ratio": 401.48,
            "debt_ratio": 28.38,
            "inventory_turnover_ratio": 0.74,
            "account_receivable_turnover_ratio": 0.99,
            "reinvestment_rate": 35.2,
            "research_to_sale_ratio": 5.31,
            "price_fair": 127.66,
            "eps_avg_yearly": 3.65,
            "eps_latest_yearly": 3.04,
            "eps_growth_yearly": 35.5
        },
        "20161": {
            "year_quarter": 20161,
            "year": 2016,
            "quarter": 1,
            "eps": 0.68,
            "eps_growth_year": 83.78,
            "eps_4q": 2.94,
            "eps_4q_growth_year": 17.05,
            "roe": 3.42,
            "roe_4q": 15.87,
            "gross_profit": 152153,
            "gross_margin": 31.56,
            "gross_margin_4q_avg": 31.04,
            "net_income": 67272,
            "net_income_4q": null,
            "revenue": 482049,
            "revenue_4q": null,
            "common_shares": 992874,
            "book_valuer_per_share": 20.13,
            "book_valuer_per_share_4q_avg": 18.83,
            "equity": 1998980,
            "current_ratio": 405.04,
            "debt_ratio": 28.27,
            "inventory_turnover_ratio": 0.76,
            "account_receivable_turnover_ratio": 0.99,
            "reinvestment_rate": 36.57,
            "research_to_sale_ratio": 4.74,
            "price_fair": 120.23,
            "eps_avg_yearly": 3.44,
            "eps_latest_yearly": 2.72,
            "eps_growth_yearly": 32.7
        },
        "20162": {
            "year_quarter": 20162,
            "year": 2016,
            "quarter": 2,
            "eps": 0.65,
            "eps_growth_year": 58.54,
            "eps_4q": 3.17,
            "eps_4q_growth_year": 39.38,
            "roe": 3.36,
            "roe_4q": 16.96,
            "gross_profit": 144414,
            "gross_margin": 28.37,
            "gross_margin_4q_avg": 31.44,
            "net_income": 64908,
            "net_income_4q": null,
            "revenue": 509022,
            "revenue_4q": null,
            "common_shares": 997042,
            "book_valuer_per_share": 18.64,
            "book_valuer_per_share_4q_avg": 19.18,
            "equity": 1858799,
            "current_ratio": 275.78,
            "debt_ratio": 34.82,
            "inventory_turnover_ratio": 0.84,
            "account_receivable_turnover_ratio": 0.98,
            "reinvestment_rate": 37.72,
            "research_to_sale_ratio": 4.88,
            "price_fair": 112.61,
            "eps_avg_yearly": 3.22,
            "eps_latest_yearly": 2.6,
            "eps_growth_yearly": 31.76
        },
        "20163": {
            "year_quarter": 20163,
            "year": 2016,
            "quarter": 3,
            "eps": 0.01,
            "eps_growth_year": -99.1,
            "eps_4q": 2.09,
            "eps_4q_growth_year": -23.8,
            "roe": 0.07,
            "roe_4q": 10.85,
            "gross_profit": 91021,
            "gross_margin": 22.57,
            "gross_margin_4q_avg": 29.57,
            "net_income": 1245,
            "net_income_4q": null,
            "revenue": 403241,
            "revenue_4q": null,
            "common_shares": 997267,
            "book_valuer_per_share": 18.66,
            "book_valuer_per_share_4q_avg": 19.22,
            "equity": 1860786,
            "current_ratio": 277.54,
            "debt_ratio": 34.91,
            "inventory_turnover_ratio": 0.7,
            "account_receivable_turnover_ratio": 0.86,
            "reinvestment_rate": 39.26,
            "research_to_sale_ratio": 5.57,
            "price_fair": 71.93,
            "eps_avg_yearly": 2.95,
            "eps_latest_yearly": 0.04,
            "eps_growth_yearly": 14.38
        },
        "20164": {
            "year_quarter": 20164,
            "year": 2016,
            "quarter": 4,
            "eps": -1.31,
            "eps_growth_year": -272.43,
            "eps_4q": 0.03,
            "eps_4q_growth_year": -98.79,
            "roe": -7.26,
            "roe_4q": -0.4099999999999997,
            "gross_profit": 89255,
            "gross_margin": 24.19,
            "gross_margin_4q_avg": 26.67,
            "net_income": -130469,
            "net_income_4q": null,
            "revenue": 368972,
            "revenue_4q": null,
            "common_shares": 997267,
            "book_valuer_per_share": 17.37,
            "book_valuer_per_share_4q_avg": 18.7,
            "equity": 1732300,
            "current_ratio": 386.61,
            "debt_ratio": 30.73,
            "inventory_turnover_ratio": 0.58,
            "account_receivable_turnover_ratio": 1.03,
            "reinvestment_rate": -4.97,
            "research_to_sale_ratio": 6.2,
            "price_fair": 57.24,
            "eps_avg_yearly": 2.81,
            "eps_latest_yearly": 0.04,
            "eps_growth_yearly": 10.4
        },
        "20171": {
            "year_quarter": 20171,
            "year": 2017,
            "quarter": 1,
            "eps": -0.39,
            "eps_growth_year": -157.35,
            "eps_4q": -1.03,
            "eps_4q_growth_year": -135.1,
            "roe": -2.28,
            "roe_4q": -6.109999999999999,
            "gross_profit": 75548,
            "gross_margin": 17.78,
            "gross_margin_4q_avg": 23.23,
            "net_income": -38992,
            "net_income_4q": null,
            "revenue": 424990,
            "revenue_4q": null,
            "common_shares": 997267,
            "book_valuer_per_share": 16.95,
            "book_valuer_per_share_4q_avg": 17.91,
            "equity": 1690663,
            "current_ratio": 341.41,
            "debt_ratio": 33.12,
            "inventory_turnover_ratio": 0.72,
            "account_receivable_turnover_ratio": 1.28,
            "reinvestment_rate": -14.77,
            "research_to_sale_ratio": 6.22,
            "price_fair": 55.83,
            "eps_avg_yearly": 2.64,
            "eps_latest_yearly": 0.04,
            "eps_growth_yearly": 11.15
        },
        "20172": {
            "year_quarter": 20172,
            "year": 2017,
            "quarter": 2,
            "eps": 0.58,
            "eps_growth_year": -10.77,
            "eps_4q": -1.11,
            "eps_4q_growth_year": -134.87,
            "roe": 3.48,
            "roe_4q": -5.989999999999999,
            "gross_profit": 89252,
            "gross_margin": 21.26,
            "gross_margin_4q_avg": 21.45,
            "net_income": 57277,
            "net_income_4q": null,
            "revenue": 419801,
            "revenue_4q": null,
            "common_shares": 997267,
            "book_valuer_per_share": 16.03,
            "book_valuer_per_share_4q_avg": 17.25,
            "equity": 1602255,
            "current_ratio": 199.5,
            "debt_ratio": 42.28,
            "inventory_turnover_ratio": 0.65,
            "account_receivable_turnover_ratio": 1.13,
            "reinvestment_rate": -30.61,
            "research_to_sale_ratio": 5.71,
            "price_fair": 30.02,
            "eps_avg_yearly": 2.33,
            "eps_latest_yearly": 0.04,
            "eps_growth_yearly": 2.87
        },
        "20173": {
            "year_quarter": 20173,
            "year": 2017,
            "quarter": 3,
            "eps": 0.22,
            "eps_growth_year": 2100,
            "eps_4q": -0.9,
            "eps_4q_growth_year": -142.89,
            "roe": 1.27,
            "roe_4q": -4.789999999999999,
            "gross_profit": 102951,
            "gross_margin": 21.52,
            "gross_margin_4q_avg": 21.19,
            "net_income": 20501,
            "net_income_4q": null,
            "revenue": 478449,
            "revenue_4q": null,
            "common_shares": 997267,
            "book_valuer_per_share": 16.25,
            "book_valuer_per_share_4q_avg": 16.65,
            "equity": 1621552,
            "current_ratio": 148.4,
            "debt_ratio": 39.98,
            "inventory_turnover_ratio": 0.69,
            "account_receivable_turnover_ratio": 1.29,
            "reinvestment_rate": -85.28,
            "research_to_sale_ratio": 5.15,
            "price_fair": 33.38,
            "eps_avg_yearly": 2.24,
            "eps_latest_yearly": 0.88,
            "eps_growth_yearly": 4.9
        },
        "20174": {
            "year_quarter": 20174,
            "year": 2017,
            "quarter": 4,
            "eps": 0.45,
            "eps_growth_year": null,
            "eps_4q": 0.86,
            "eps_4q_growth_year": 2590.48,
            "roe": 2.65,
            "roe_4q": 5.120000000000001,
            "gross_profit": 163763,
            "gross_margin": 34.69,
            "gross_margin_4q_avg": 23.81,
            "net_income": 43611,
            "net_income_4q": null,
            "revenue": 472060,
            "revenue_4q": null,
            "common_shares": 997267,
            "book_valuer_per_share": 16.69,
            "book_valuer_per_share_4q_avg": 16.48,
            "equity": 1664867,
            "current_ratio": 156.98,
            "debt_ratio": 38.33,
            "inventory_turnover_ratio": 0.56,
            "account_receivable_turnover_ratio": 1.42,
            "reinvestment_rate": -74.59,
            "research_to_sale_ratio": 5.54,
            "price_fair": 79.91,
            "eps_avg_yearly": 2.28,
            "eps_latest_yearly": 1.8,
            "eps_growth_yearly": 49.5
        },
        "20181": {
            "year_quarter": 20181,
            "year": 2018,
            "quarter": 1,
            "eps": 0.17,
            "eps_growth_year": null,
            "eps_4q": 1.42,
            "eps_4q_growth_year": null,
            "roe": 1.01,
            "roe_4q": 8.41,
            "gross_profit": 124684,
            "gross_margin": 26.5,
            "gross_margin_4q_avg": 25.99,
            "net_income": 16988,
            "net_income_4q": null,
            "revenue": 470455,
            "revenue_4q": null,
            "common_shares": 997267,
            "book_valuer_per_share": 16.97,
            "book_valuer_per_share_4q_avg": 16.49,
            "equity": 1694535,
            "current_ratio": 165.25,
            "debt_ratio": 37.61,
            "inventory_turnover_ratio": 0.63,
            "account_receivable_turnover_ratio": 1.4,
            "reinvestment_rate": -83.62,
            "research_to_sale_ratio": 5.81,
            "price_fair": 6.42,
            "eps_avg_yearly": 2.14,
            "eps_latest_yearly": 0.68,
            "eps_growth_yearly": -1.41
        },
        "20182": {
            "year_quarter": 20182,
            "year": 2018,
            "quarter": 2,
            "eps": 0.45,
            "eps_growth_year": -22.41,
            "eps_4q": 1.29,
            "eps_4q_growth_year": null,
            "roe": 2.71,
            "roe_4q": 7.639999999999999,
            "gross_profit": 116577,
            "gross_margin": 23.42,
            "gross_margin_4q_avg": 26.53,
            "net_income": 44746,
            "net_income_4q": null,
            "revenue": 497862,
            "revenue_4q": null,
            "common_shares": 997267,
            "book_valuer_per_share": 16.14,
            "book_valuer_per_share_4q_avg": 16.51,
            "equity": 1612111,
            "current_ratio": 196.99,
            "debt_ratio": 46.34,
            "inventory_turnover_ratio": 0.68,
            "account_receivable_turnover_ratio": 1.29,
            "reinvestment_rate": -85.86,
            "research_to_sale_ratio": 5.84,
            "price_fair": 72.8,
            "eps_avg_yearly": 2.08,
            "eps_latest_yearly": 1.8,
            "eps_growth_yearly": 48.29
        },
        "20183": {
            "year_quarter": 20183,
            "year": 2018,
            "quarter": 3,
            "eps": 0.71,
            "eps_growth_year": 222.73,
            "eps_4q": 1.78,
            "eps_4q_growth_year": null,
            "roe": 4.26,
            "roe_4q": 10.629999999999999,
            "gross_profit": 189490,
            "gross_margin": 34.12,
            "gross_margin_4q_avg": 29.68,
            "net_income": 70152,
            "net_income_4q": null,
            "revenue": 555348,
            "revenue_4q": null,
            "common_shares": 997267,
            "book_valuer_per_share": 16.85,
            "book_valuer_per_share_4q_avg": 16.66,
            "equity": 1682783,
            "current_ratio": 284.69,
            "debt_ratio": 36.26,
            "inventory_turnover_ratio": 0.6,
            "account_receivable_turnover_ratio": 1.31,
            "reinvestment_rate": -78.12,
            "research_to_sale_ratio": 5.56,
            "price_fair": 73.66,
            "eps_avg_yearly": 2.1,
            "eps_latest_yearly": 2.84,
            "eps_growth_yearly": 67.02
        },
        "20184": {
            "year_quarter": 20184,
            "year": 2018,
            "quarter": 4,
            "eps": -0.37,
            "eps_growth_year": -183.17,
            "eps_4q": 0.95,
            "eps_4q_growth_year": 11.18,
            "roe": -2.3,
            "roe_4q": 5.68,
            "gross_profit": 129351,
            "gross_margin": 24.88,
            "gross_margin_4q_avg": 27.23,
            "net_income": -38228,
            "net_income_4q": null,
            "revenue": 519949,
            "revenue_4q": null,
            "common_shares": 997267,
            "book_valuer_per_share": 16.47,
            "book_valuer_per_share_4q_avg": 16.61,
            "equity": 1643873,
            "current_ratio": 315.37,
            "debt_ratio": 35.42,
            "inventory_turnover_ratio": 0.61,
            "account_receivable_turnover_ratio": 1.13,
            "reinvestment_rate": -94.22,
            "research_to_sale_ratio": 5.59,
            "price_fair": 69.88,
            "eps_avg_yearly": 2,
            "eps_latest_yearly": 2.84,
            "eps_growth_yearly": 60.96
        },
        "20191": {
            "year_quarter": 20191,
            "year": 2019,
            "quarter": 1,
            "eps": 0.22,
            "eps_growth_year": 29.41,
            "eps_4q": 0.99,
            "eps_4q_growth_year": -30.05,
            "roe": 1.3,
            "roe_4q": 5.97,
            "gross_profit": 121959,
            "gross_margin": 23.23,
            "gross_margin_4q_avg": 26.41,
            "net_income": 21532,
            "net_income_4q": null,
            "revenue": 524934,
            "revenue_4q": null,
            "common_shares": 997267,
            "book_valuer_per_share": 16.76,
            "book_valuer_per_share_4q_avg": 16.56,
            "equity": 1673968,
            "current_ratio": 320.93,
            "debt_ratio": 37.81,
            "inventory_turnover_ratio": 0.63,
            "account_receivable_turnover_ratio": 1.2,
            "reinvestment_rate": -94.52,
            "research_to_sale_ratio": 6.36,
            "price_fair": 71.53,
            "eps_avg_yearly": 2.04,
            "eps_latest_yearly": 2.84,
            "eps_growth_yearly": 87.04
        },
        "20192": {
            "year_quarter": 20192,
            "year": 2019,
            "quarter": 2,
            "eps": 0.28,
            "eps_growth_year": -37.78,
            "eps_4q": 0.83,
            "eps_4q_growth_year": -35.71,
            "roe": 1.69,
            "roe_4q": 4.95,
            "gross_profit": 133676,
            "gross_margin": 24.67,
            "gross_margin_4q_avg": 26.73,
            "net_income": 27780,
            "net_income_4q": null,
            "revenue": 541760,
            "revenue_4q": null,
            "common_shares": 999862,
            "book_valuer_per_share": 16.17,
            "book_valuer_per_share_4q_avg": 16.56,
            "equity": 1618199,
            "current_ratio": 259.3,
            "debt_ratio": 42.24,
            "inventory_turnover_ratio": 0.65,
            "account_receivable_turnover_ratio": 1.31,
            "reinvestment_rate": -94.65,
            "research_to_sale_ratio": 6.86,
            "price_fair": 69.87,
            "eps_avg_yearly": 2,
            "eps_latest_yearly": 1.12,
            "eps_growth_yearly": 93.02
        },
        "20193": {
            "year_quarter": 20193,
            "year": 2019,
            "quarter": 3,
            "eps": -0.17,
            "eps_growth_year": -123.94,
            "eps_4q": -0.04,
            "eps_4q_growth_year": -102.31,
            "roe": -1.05,
            "roe_4q": -0.3599999999999999,
            "gross_profit": 101887,
            "gross_margin": 21.88,
            "gross_margin_4q_avg": 23.67,
            "net_income": -16881,
            "net_income_4q": null,
            "revenue": 465758,
            "revenue_4q": null,
            "common_shares": 999862,
            "book_valuer_per_share": 16.01,
            "book_valuer_per_share_4q_avg": 16.35,
            "equity": 1601316,
            "current_ratio": 297.85,
            "debt_ratio": 39.56,
            "inventory_turnover_ratio": 0.59,
            "account_receivable_turnover_ratio": 1.06,
            "reinvestment_rate": -132.35,
            "research_to_sale_ratio": 8.98,
            "price_fair": 61.32,
            "eps_avg_yearly": 1.75,
            "eps_latest_yearly": 1.12,
            "eps_growth_yearly": 34.03
        },
        "20194": {
            "year_quarter": 20194,
            "year": 2019,
            "quarter": 4,
            "eps": 0.81,
            "eps_growth_year": null,
            "eps_4q": 1.14,
            "eps_4q_growth_year": 19.39,
            "roe": 4.91,
            "roe_4q": 6.8500000000000005,
            "gross_profit": 233055,
            "gross_margin": 34.97,
            "gross_margin_4q_avg": 26.19,
            "net_income": 80547,
            "net_income_4q": null,
            "revenue": 666410,
            "revenue_4q": null,
            "common_shares": 999862,
            "book_valuer_per_share": 16.77,
            "book_valuer_per_share_4q_avg": 16.43,
            "equity": 1676779,
            "current_ratio": 286.14,
            "debt_ratio": 40.42,
            "inventory_turnover_ratio": 0.78,
            "account_receivable_turnover_ratio": 1.56,
            "reinvestment_rate": -118.17,
            "research_to_sale_ratio": 6.41,
            "price_fair": 56.31,
            "eps_avg_yearly": 1.61,
            "eps_latest_yearly": 1.12,
            "eps_growth_yearly": 51.83
        },
        "20201": {
            "year_quarter": 20201,
            "year": 2020,
            "quarter": 1,
            "eps": 0.12,
            "eps_growth_year": -45.45,
            "eps_4q": 1.04,
            "eps_4q_growth_year": 5.18,
            "roe": 0.7,
            "roe_4q": 6.25,
            "gross_profit": 104081,
            "gross_margin": 20.33,
            "gross_margin_4q_avg": 25.46,
            "net_income": 11802,
            "net_income_4q": null,
            "revenue": 511930,
            "revenue_4q": null,
            "common_shares": 999862,
            "book_valuer_per_share": 16.88,
            "book_valuer_per_share_4q_avg": 16.46,
            "equity": 1682598,
            "current_ratio": 294.15,
            "debt_ratio": 39.97,
            "inventory_turnover_ratio": 0.84,
            "account_receivable_turnover_ratio": 1.13,
            "reinvestment_rate": -141.56,
            "research_to_sale_ratio": 7.42,
            "price_fair": 38.96,
            "eps_avg_yearly": 1.36,
            "eps_latest_yearly": 0.48,
            "eps_growth_yearly": 18.65
        },
        "20202": {
            "year_quarter": 20202,
            "year": 2020,
            "quarter": 2,
            "eps": 0.27,
            "eps_growth_year": -3.57,
            "eps_4q": 1.04,
            "eps_4q_growth_year": 24.79,
            "roe": 1.63,
            "roe_4q": 6.19,
            "gross_profit": 122761,
            "gross_margin": 23.2,
            "gross_margin_4q_avg": 25.1,
            "net_income": 26700,
            "net_income_4q": null,
            "revenue": 529084,
            "revenue_4q": null,
            "common_shares": 999862,
            "book_valuer_per_share": 16.01,
            "book_valuer_per_share_4q_avg": 16.42,
            "equity": 1591728,
            "current_ratio": 167.46,
            "debt_ratio": 42.55,
            "inventory_turnover_ratio": 0.86,
            "account_receivable_turnover_ratio": 1.18,
            "reinvestment_rate": -163.81,
            "research_to_sale_ratio": 7.27,
            "price_fair": 41.69,
            "eps_avg_yearly": 1.19,
            "eps_latest_yearly": 1.08,
            "eps_growth_yearly": 76.16
        },
        "20203": {
            "year_quarter": 20203,
            "year": 2020,
            "quarter": 3,
            "eps": 0.23,
            "eps_growth_year": null,
            "eps_4q": 1.44,
            "eps_4q_growth_year": null,
            "roe": 1.44,
            "roe_4q": 8.68,
            "gross_profit": 118555,
            "gross_margin": 23.26,
            "gross_margin_4q_avg": 25.44,
            "net_income": 23073,
            "net_income_4q": null,
            "revenue": 509593,
            "revenue_4q": null,
            "common_shares": 999502,
            "book_valuer_per_share": 16.24,
            "book_valuer_per_share_4q_avg": 16.48,
            "equity": 1614105,
            "current_ratio": 183.46,
            "debt_ratio": 38.75,
            "inventory_turnover_ratio": 0.78,
            "account_receivable_turnover_ratio": 1.15,
            "reinvestment_rate": -144.24,
            "research_to_sale_ratio": 7.64,
            "price_fair": 45.11,
            "eps_avg_yearly": 1.29,
            "eps_latest_yearly": 0.92,
            "eps_growth_yearly": 113.34
        },
        "20204": {
            "year_quarter": 20204,
            "year": 2020,
            "quarter": 4,
            "eps": 0.33,
            "eps_growth_year": -58.97,
            "eps_4q": 0.95,
            "eps_4q_growth_year": -16.26,
            "roe": 2.03,
            "roe_4q": 5.8,
            "gross_profit": 106827,
            "gross_margin": 23.49,
            "gross_margin_4q_avg": 22.57,
            "net_income": 33054,
            "net_income_4q": null,
            "revenue": 454730,
            "revenue_4q": null,
            "common_shares": 999502,
            "book_valuer_per_share": 16.56,
            "book_valuer_per_share_4q_avg": 16.42,
            "equity": 1646167,
            "current_ratio": 190.67,
            "debt_ratio": 37.91,
            "inventory_turnover_ratio": 0.69,
            "account_receivable_turnover_ratio": 1.17,
            "reinvestment_rate": -41.03,
            "research_to_sale_ratio": 7.79,
            "price_fair": 45.22,
            "eps_avg_yearly": 1.29,
            "eps_latest_yearly": 1.32,
            "eps_growth_yearly": 119.4
        },
        "20211": {
            "year_quarter": 20211,
            "year": 2021,
            "quarter": 1,
            "eps": 0.34,
            "eps_growth_year": 183.33,
            "eps_4q": 1.18,
            "eps_4q_growth_year": 12.7,
            "roe": 2.05,
            "roe_4q": 7.1499999999999995,
            "gross_profit": 150468,
            "gross_margin": 26.11,
            "gross_margin_4q_avg": 24.02,
            "net_income": 34065,
            "net_income_4q": null,
            "revenue": 576388,
            "revenue_4q": null,
            "common_shares": 999502,
            "book_valuer_per_share": 16.9,
            "book_valuer_per_share_4q_avg": 16.43,
            "equity": 1680344,
            "current_ratio": 192.53,
            "debt_ratio": 38.32,
            "inventory_turnover_ratio": 0.87,
            "account_receivable_turnover_ratio": 1.67,
            "reinvestment_rate": -31.74,
            "research_to_sale_ratio": 6.48,
            "price_fair": 45.44,
            "eps_avg_yearly": 1.3,
            "eps_latest_yearly": 1.36,
            "eps_growth_yearly": 109.64
        },
        "20212": {
            "year_quarter": 20212,
            "year": 2021,
            "quarter": 2,
            "eps": 0.23,
            "eps_growth_year": -14.81,
            "eps_4q": 1.13,
            "eps_4q_growth_year": 8.9,
            "roe": 1.33,
            "roe_4q": 6.85,
            "gross_profit": 126900,
            "gross_margin": 26.19,
            "gross_margin_4q_avg": 24.76,
            "net_income": 22528,
            "net_income_4q": null,
            "revenue": 484485,
            "revenue_4q": null,
            "common_shares": 999502,
            "book_valuer_per_share": 17.15,
            "book_valuer_per_share_4q_avg": 16.71,
            "equity": 1715208,
            "current_ratio": 214.11,
            "debt_ratio": 34.83,
            "inventory_turnover_ratio": 0.72,
            "account_receivable_turnover_ratio": 1.39,
            "reinvestment_rate": -30.87,
            "research_to_sale_ratio": 7.68,
            "price_fair": 44.33,
            "eps_avg_yearly": 1.27,
            "eps_latest_yearly": 0.92,
            "eps_growth_yearly": 89.72
        },
        "20213": {
            "year_quarter": 20213,
            "year": 2021,
            "quarter": 3,
            "eps": 0.64,
            "eps_growth_year": 178.26,
            "eps_4q": 1.54,
            "eps_4q_growth_year": 7.1,
            "roe": 3.79,
            "roe_4q": 9.2,
            "gross_profit": 148630,
            "gross_margin": 29.17,
            "gross_margin_4q_avg": 26.24,
            "net_income": 64162,
            "net_income_4q": null,
            "revenue": 509469,
            "revenue_4q": null,
            "common_shares": 999502,
            "book_valuer_per_share": 16.7,
            "book_valuer_per_share_4q_avg": 16.83,
            "equity": 1669924,
            "current_ratio": 233.62,
            "debt_ratio": 31.82,
            "inventory_turnover_ratio": 0.66,
            "account_receivable_turnover_ratio": 1.39,
            "reinvestment_rate": -27.65,
            "research_to_sale_ratio": 7.82,
            "price_fair": 49.23,
            "eps_avg_yearly": 1.41,
            "eps_latest_yearly": 2.56,
            "eps_growth_yearly": 169.83
        },
        "20214": {
            "year_quarter": 20214,
            "year": 2021,
            "quarter": 4,
            "eps": 0.82,
            "eps_growth_year": 146.03,
            "eps_4q": 2.02,
            "eps_4q_growth_year": 112.1,
            "roe": 4.76,
            "roe_4q": 11.93,
            "gross_profit": 145514,
            "gross_margin": 25.92,
            "gross_margin_4q_avg": 26.85,
            "net_income": 81534,
            "net_income_4q": null,
            "revenue": 561314,
            "revenue_4q": null,
            "common_shares": 999502,
            "book_valuer_per_share": 17.54,
            "book_valuer_per_share_4q_avg": 17.07,
            "equity": 1753556,
            "current_ratio": 223.93,
            "debt_ratio": 34.34,
            "inventory_turnover_ratio": 0.69,
            "account_receivable_turnover_ratio": 1.28,
            "reinvestment_rate": -23.42,
            "research_to_sale_ratio": 6.93,
            "price_fair": 53.55,
            "eps_avg_yearly": 1.53,
            "eps_latest_yearly": 3.28,
            "eps_growth_yearly": 144.36
        },
        "20221": {
            "year_quarter": 20221,
            "year": 2022,
            "quarter": 1,
            "eps": 0.46,
            "eps_growth_year": 35.29,
            "eps_4q": 2.14,
            "eps_4q_growth_year": 81.58,
            "roe": 2.56,
            "roe_4q": 12.44,
            "gross_profit": 132305,
            "gross_margin": 25.35,
            "gross_margin_4q_avg": 26.66,
            "net_income": 45487,
            "net_income_4q": null,
            "revenue": 521954,
            "revenue_4q": null,
            "common_shares": 999502,
            "book_valuer_per_share": 18.02,
            "book_valuer_per_share_4q_avg": 17.35,
            "equity": 1801479,
            "current_ratio": 267.86,
            "debt_ratio": 29.04,
            "inventory_turnover_ratio": 0.61,
            "account_receivable_turnover_ratio": 1.08,
            "reinvestment_rate": -17.55,
            "research_to_sale_ratio": 6.72,
            "price_fair": 56.93,
            "eps_avg_yearly": 1.63,
            "eps_latest_yearly": 1.84,
            "eps_growth_yearly": 150.47
        },
        "20222": {
            "year_quarter": 20222,
            "year": 2022,
            "quarter": 2,
            "eps": 0.29,
            "eps_growth_year": 26.09,
            "eps_4q": 2.2,
            "eps_4q_growth_year": 95.43,
            "roe": 1.66,
            "roe_4q": 12.77,
            "gross_profit": 133627,
            "gross_margin": 21.97,
            "gross_margin_4q_avg": 25.6,
            "net_income": 29091,
            "net_income_4q": null,
            "revenue": 608105,
            "revenue_4q": null,
            "common_shares": 999502,
            "book_valuer_per_share": 17.03,
            "book_valuer_per_share_4q_avg": 17.32,
            "equity": 1703453,
            "current_ratio": 219.61,
            "debt_ratio": 34.55,
            "inventory_turnover_ratio": 0.72,
            "account_receivable_turnover_ratio": 1.26,
            "reinvestment_rate": -18.27,
            "research_to_sale_ratio": 7.09,
            "price_fair": 55.07,
            "eps_avg_yearly": 1.57,
            "eps_latest_yearly": 1.16,
            "eps_growth_yearly": 83.24
        },
        "20223": {
            "year_quarter": 20223,
            "year": 2022,
            "quarter": 3,
            "eps": 0.64,
            "eps_growth_year": 0,
            "eps_4q": 2.2,
            "eps_4q_growth_year": 43.33,
            "roe": 3.68,
            "roe_4q": 12.66,
            "gross_profit": 153039,
            "gross_margin": 25.28,
            "gross_margin_4q_avg": 24.63,
            "net_income": 64004,
            "net_income_4q": null,
            "revenue": 605478,
            "revenue_4q": null,
            "common_shares": 999502,
            "book_valuer_per_share": 17.73,
            "book_valuer_per_share_4q_avg": 17.58,
            "equity": 1772488,
            "current_ratio": 249.5,
            "debt_ratio": 31.05,
            "inventory_turnover_ratio": 0.67,
            "account_receivable_turnover_ratio": 1.26,
            "reinvestment_rate": -21.81,
            "research_to_sale_ratio": 6.72,
            "price_fair": 54.25,
            "eps_avg_yearly": 1.55,
            "eps_latest_yearly": 2.56,
            "eps_growth_yearly": 104.21
        },
        "20224": {
            "year_quarter": 20224,
            "year": 2022,
            "quarter": 4,
            "eps": 0.43,
            "eps_growth_year": -47.11,
            "eps_4q": 1.82,
            "eps_4q_growth_year": -10.11,
            "roe": 2.39,
            "roe_4q": 10.290000000000001,
            "gross_profit": 157868,
            "gross_margin": 31.04,
            "gross_margin_4q_avg": 25.91,
            "net_income": 42869,
            "net_income_4q": null,
            "revenue": 508639,
            "revenue_4q": null,
            "common_shares": 999502,
            "book_valuer_per_share": 18.18,
            "book_valuer_per_share_4q_avg": 17.74,
            "equity": 1817893,
            "current_ratio": 289.98,
            "debt_ratio": 27.71,
            "inventory_turnover_ratio": 0.49,
            "account_receivable_turnover_ratio": 1.05,
            "reinvestment_rate": -20.44,
            "research_to_sale_ratio": 9.15,
            "price_fair": 54.71,
            "eps_avg_yearly": 1.56,
            "eps_latest_yearly": 1.72,
            "eps_growth_yearly": 86.1
        },
        "20231": {
            "year_quarter": 20231,
            "year": 2023,
            "quarter": 1,
            "eps": 0.36,
            "eps_growth_year": -21.74,
            "eps_4q": 1.72,
            "eps_4q_growth_year": -19.53,
            "roe": 2.02,
            "roe_4q": 9.75,
            "gross_profit": 134216,
            "gross_margin": 30.75,
            "gross_margin_4q_avg": 27.26,
            "net_income": 35748,
            "net_income_4q": null,
            "revenue": 436537,
            "revenue_4q": null,
            "common_shares": 999502,
            "book_valuer_per_share": 17.14,
            "book_valuer_per_share_4q_avg": 17.52,
            "equity": 1713333,
            "current_ratio": 269.82,
            "debt_ratio": 29.22,
            "inventory_turnover_ratio": 0.4,
            "account_receivable_turnover_ratio": 0.96,
            "reinvestment_rate": -20.59,
            "research_to_sale_ratio": 8.88,
            "price_fair": 54.4,
            "eps_avg_yearly": 1.55,
            "eps_latest_yearly": 1.44,
            "eps_growth_yearly": 75.3
        },
        "20232": {
            "year_quarter": 20232,
            "year": 2023,
            "quarter": 2,
            "eps": 0.27,
            "eps_growth_year": -6.9,
            "eps_4q": 1.7,
            "eps_4q_growth_year": -22.87,
            "roe": 1.57,
            "roe_4q": 9.66,
            "gross_profit": 123013,
            "gross_margin": 29.48,
            "gross_margin_4q_avg": 29.14,
            "net_income": 27096,
            "net_income_4q": null,
            "revenue": 417281,
            "revenue_4q": null,
            "common_shares": 999502,
            "book_valuer_per_share": 17.42,
            "book_valuer_per_share_4q_avg": 17.62,
            "equity": 1741375,
            "current_ratio": 293.86,
            "debt_ratio": 27.22,
            "inventory_turnover_ratio": 0.38,
            "account_receivable_turnover_ratio": 1.1,
            "reinvestment_rate": -20.24,
            "research_to_sale_ratio": 9.43,
            "price_fair": 54.3,
            "eps_avg_yearly": 1.55,
            "eps_latest_yearly": 1.08,
            "eps_growth_yearly": 60.37
        },
        "20233": {
            "year_quarter": 20233,
            "year": 2023,
            "quarter": 3,
            "eps": 0.38,
            "eps_growth_year": -40.62,
            "eps_4q": 1.44,
            "eps_4q_growth_year": -34.72,
            "roe": 2.15,
            "roe_4q": 8.13,
            "gross_profit": 137290,
            "gross_margin": 33.28,
            "gross_margin_4q_avg": 31.14,
            "net_income": 37820,
            "net_income_4q": null,
            "revenue": 412491,
            "revenue_4q": null,
            "common_shares": 999502,
            "book_valuer_per_share": 17.81,
            "book_valuer_per_share_4q_avg": 17.64,
            "equity": 1780861,
            "current_ratio": 402.04,
            "debt_ratio": 21.13,
            "inventory_turnover_ratio": 0.36,
            "account_receivable_turnover_ratio": 1.21,
            "reinvestment_rate": -18.4,
            "research_to_sale_ratio": 10.13,
            "price_fair": 54.23,
            "eps_avg_yearly": 1.55,
            "eps_latest_yearly": 1.52,
            "eps_growth_yearly": 67.21
        }
    },
    "months": {
        "2001-09": {
            "month": "2001-09",
            "price": "45.00",
            "revenue": 32146
        },
        "2001-10": {
            "month": "2001-10",
            "price": "43.89",
            "revenue": 47489
        },
        "2001-11": {
            "month": "2001-11",
            "price": "62.04",
            "revenue": 50678
        },
        "2001-12": {
            "month": "2001-12",
            "price": "80.69",
            "revenue": 51403
        },
        "2002-01": {
            "month": "2002-01",
            "price": "110.48",
            "revenue": 52055
        },
        "2002-02": {
            "month": "2002-02",
            "price": "107.96",
            "revenue": 52831
        },
        "2002-03": {
            "month": "2002-03",
            "price": "103.50",
            "revenue": 72031
        },
        "2002-04": {
            "month": "2002-04",
            "price": "112.86",
            "revenue": 60487
        },
        "2002-05": {
            "month": "2002-05",
            "price": "95.64",
            "revenue": 25089
        },
        "2002-06": {
            "month": "2002-06",
            "price": "86.48",
            "revenue": 31046
        },
        "2002-07": {
            "month": "2002-07",
            "price": "68.13",
            "revenue": 35075
        },
        "2002-08": {
            "month": "2002-08",
            "price": "65.32",
            "revenue": 35057
        },
        "2002-09": {
            "month": "2002-09",
            "price": "56.40",
            "revenue": 20240
        },
        "2002-10": {
            "month": "2002-10",
            "price": "52.30",
            "revenue": 21299
        },
        "2002-11": {
            "month": "2002-11",
            "price": "58.21",
            "revenue": 20024
        },
        "2002-12": {
            "month": "2002-12",
            "price": "52.22",
            "revenue": 21473
        },
        "2003-01": {
            "month": "2003-01",
            "price": "51.24",
            "revenue": 34389
        },
        "2003-02": {
            "month": "2003-02",
            "price": "47.51",
            "revenue": 30774
        },
        "2003-03": {
            "month": "2003-03",
            "price": "40.49",
            "revenue": 44170
        },
        "2003-04": {
            "month": "2003-04",
            "price": "38.71",
            "revenue": 40209
        },
        "2003-05": {
            "month": "2003-05",
            "price": "35.51",
            "revenue": 44104
        },
        "2003-06": {
            "month": "2003-06",
            "price": "37.78",
            "revenue": 51393
        },
        "2003-07": {
            "month": "2003-07",
            "price": "35.71",
            "revenue": 50161
        },
        "2003-08": {
            "month": "2003-08",
            "price": "33.39",
            "revenue": 51687
        },
        "2003-09": {
            "month": "2003-09",
            "price": "33.90",
            "revenue": 55495
        },
        "2003-10": {
            "month": "2003-10",
            "price": "34.29",
            "revenue": 59307
        },
        "2003-11": {
            "month": "2003-11",
            "price": "36.92",
            "revenue": 65218
        },
        "2003-12": {
            "month": "2003-12",
            "price": "43.95",
            "revenue": 73815
        },
        "2004-01": {
            "month": "2004-01",
            "price": "43.87",
            "revenue": 50661
        },
        "2004-02": {
            "month": "2004-02",
            "price": "43.35",
            "revenue": 52615
        },
        "2004-03": {
            "month": "2004-03",
            "price": "39.87",
            "revenue": 53813
        },
        "2004-04": {
            "month": "2004-04",
            "price": "36.81",
            "revenue": 54212
        },
        "2004-05": {
            "month": "2004-05",
            "price": "34.50",
            "revenue": 54775
        },
        "2004-06": {
            "month": "2004-06",
            "price": "35.24",
            "revenue": 55664
        },
        "2004-07": {
            "month": "2004-07",
            "price": "30.19",
            "revenue": 50110
        },
        "2004-08": {
            "month": "2004-08",
            "price": "27.35",
            "revenue": 50178
        },
        "2004-09": {
            "month": "2004-09",
            "price": "27.27",
            "revenue": 43077
        },
        "2004-10": {
            "month": "2004-10",
            "price": "25.05",
            "revenue": 43249
        },
        "2004-11": {
            "month": "2004-11",
            "price": "23.00",
            "revenue": 47657
        },
        "2004-12": {
            "month": "2004-12",
            "price": "22.67",
            "revenue": 63923
        },
        "2005-01": {
            "month": "2005-01",
            "price": "23.39",
            "revenue": 54318
        },
        "2005-02": {
            "month": "2005-02",
            "price": "24.42",
            "revenue": 55158
        },
        "2005-03": {
            "month": "2005-03",
            "price": "24.01",
            "revenue": 55598
        },
        "2005-04": {
            "month": "2005-04",
            "price": "24.16",
            "revenue": 60623
        },
        "2005-05": {
            "month": "2005-05",
            "price": "23.49",
            "revenue": 66901
        },
        "2005-06": {
            "month": "2005-06",
            "price": "23.52",
            "revenue": 72877
        },
        "2005-07": {
            "month": "2005-07",
            "price": "26.89",
            "revenue": 72776
        },
        "2005-08": {
            "month": "2005-08",
            "price": "24.12",
            "revenue": 75151
        },
        "2005-09": {
            "month": "2005-09",
            "price": "22.81",
            "revenue": 77167
        },
        "2005-10": {
            "month": "2005-10",
            "price": "23.42",
            "revenue": 80594
        },
        "2005-11": {
            "month": "2005-11",
            "price": "22.83",
            "revenue": 83719
        },
        "2005-12": {
            "month": "2005-12",
            "price": "24.22",
            "revenue": 85228
        },
        "2006-01": {
            "month": "2006-01",
            "price": "26.98",
            "revenue": 71632
        },
        "2006-02": {
            "month": "2006-02",
            "price": "27.25",
            "revenue": 75129
        },
        "2006-03": {
            "month": "2006-03",
            "price": "26.64",
            "revenue": 78151
        },
        "2006-04": {
            "month": "2006-04",
            "price": "30.94",
            "revenue": 80571
        },
        "2006-05": {
            "month": "2006-05",
            "price": "32.55",
            "revenue": 80832
        },
        "2006-06": {
            "month": "2006-06",
            "price": "28.39",
            "revenue": 80253
        },
        "2006-07": {
            "month": "2006-07",
            "price": "28.44",
            "revenue": 82790
        },
        "2006-08": {
            "month": "2006-08",
            "price": "27.67",
            "revenue": 85128
        },
        "2006-09": {
            "month": "2006-09",
            "price": "28.20",
            "revenue": 91001
        },
        "2006-10": {
            "month": "2006-10",
            "price": "35.79",
            "revenue": 91040
        },
        "2006-11": {
            "month": "2006-11",
            "price": "43.12",
            "revenue": 92422
        },
        "2006-12": {
            "month": "2006-12",
            "price": "43.03",
            "revenue": 91894
        },
        "2007-01": {
            "month": "2007-01",
            "price": "47.98",
            "revenue": 80635
        },
        "2007-02": {
            "month": "2007-02",
            "price": "46.99",
            "revenue": 74926
        },
        "2007-03": {
            "month": "2007-03",
            "price": "52.53",
            "revenue": 83541
        },
        "2007-04": {
            "month": "2007-04",
            "price": "59.32",
            "revenue": 88441
        },
        "2007-05": {
            "month": "2007-05",
            "price": "61.32",
            "revenue": 93199
        },
        "2007-06": {
            "month": "2007-06",
            "price": "71.16",
            "revenue": 107616
        },
        "2007-07": {
            "month": "2007-07",
            "price": "95.16",
            "revenue": 100440
        },
        "2007-08": {
            "month": "2007-08",
            "price": "80.96",
            "revenue": 105262
        },
        "2007-09": {
            "month": "2007-09",
            "price": "86.39",
            "revenue": 109742
        },
        "2007-10": {
            "month": "2007-10",
            "price": "83.42",
            "revenue": 100691
        },
        "2007-11": {
            "month": "2007-11",
            "price": "77.12",
            "revenue": 100176
        },
        "2007-12": {
            "month": "2007-12",
            "price": "74.71",
            "revenue": 82160
        },
        "2008-01": {
            "month": "2008-01",
            "price": "62.61",
            "revenue": 81696
        },
        "2008-02": {
            "month": "2008-02",
            "price": "60.75",
            "revenue": 71206
        },
        "2008-03": {
            "month": "2008-03",
            "price": "62.95",
            "revenue": 81027
        },
        "2008-04": {
            "month": "2008-04",
            "price": "71.25",
            "revenue": 89419
        },
        "2008-05": {
            "month": "2008-05",
            "price": "66.40",
            "revenue": 90886
        },
        "2008-06": {
            "month": "2008-06",
            "price": "58.52",
            "revenue": 101078
        },
        "2008-07": {
            "month": "2008-07",
            "price": "54.70",
            "revenue": 120488
        },
        "2008-08": {
            "month": "2008-08",
            "price": "61.36",
            "revenue": 118679
        },
        "2008-09": {
            "month": "2008-09",
            "price": "47.80",
            "revenue": 120190
        },
        "2008-10": {
            "month": "2008-10",
            "price": "43.42",
            "revenue": 107994
        },
        "2008-11": {
            "month": "2008-11",
            "price": "45.48",
            "revenue": 106580
        },
        "2008-12": {
            "month": "2008-12",
            "price": "44.36",
            "revenue": 100836
        },
        "2009-01": {
            "month": "2009-01",
            "price": "45.17",
            "revenue": 91538
        },
        "2009-02": {
            "month": "2009-02",
            "price": "45.63",
            "revenue": 96296
        },
        "2009-03": {
            "month": "2009-03",
            "price": "50.40",
            "revenue": 106018
        },
        "2009-04": {
            "month": "2009-04",
            "price": "57.27",
            "revenue": 120073
        },
        "2009-05": {
            "month": "2009-05",
            "price": "57.96",
            "revenue": 127267
        },
        "2009-06": {
            "month": "2009-06",
            "price": "60.84",
            "revenue": 124238
        },
        "2009-07": {
            "month": "2009-07",
            "price": "61.32",
            "revenue": 124562
        },
        "2009-08": {
            "month": "2009-08",
            "price": "58.86",
            "revenue": 119128
        },
        "2009-09": {
            "month": "2009-09",
            "price": "57.48",
            "revenue": 125688
        },
        "2009-10": {
            "month": "2009-10",
            "price": "59.84",
            "revenue": 128631
        },
        "2009-11": {
            "month": "2009-11",
            "price": "60.86",
            "revenue": 130637
        },
        "2009-12": {
            "month": "2009-12",
            "price": "63.53",
            "revenue": 144840
        },
        "2010-01": {
            "month": "2010-01",
            "price": "61.54",
            "revenue": 137608
        },
        "2010-02": {
            "month": "2010-02",
            "price": "56.58",
            "revenue": 142290
        },
        "2010-03": {
            "month": "2010-03",
            "price": "60.65",
            "revenue": 150458
        },
        "2010-04": {
            "month": "2010-04",
            "price": "63.39",
            "revenue": 139592
        },
        "2010-05": {
            "month": "2010-05",
            "price": "62.25",
            "revenue": 141923
        },
        "2010-06": {
            "month": "2010-06",
            "price": "63.23",
            "revenue": 148344
        },
        "2010-07": {
            "month": "2010-07",
            "price": "62.15",
            "revenue": 151686
        },
        "2010-08": {
            "month": "2010-08",
            "price": "67.82",
            "revenue": 149408
        },
        "2010-09": {
            "month": "2010-09",
            "price": "70.02",
            "revenue": 150394
        },
        "2010-10": {
            "month": "2010-10",
            "price": "73.61",
            "revenue": 169079
        },
        "2010-11": {
            "month": "2010-11",
            "price": "73.40",
            "revenue": 151500
        },
        "2010-12": {
            "month": "2010-12",
            "price": "72.43",
            "revenue": 117408
        },
        "2011-01": {
            "month": "2011-01",
            "price": "67.64",
            "revenue": 98462
        },
        "2011-02": {
            "month": "2011-02",
            "price": "62.94",
            "revenue": 127667
        },
        "2011-03": {
            "month": "2011-03",
            "price": "64.42",
            "revenue": 137873
        },
        "2011-04": {
            "month": "2011-04",
            "price": "68.04",
            "revenue": 150008
        },
        "2011-05": {
            "month": "2011-05",
            "price": "72.00",
            "revenue": 163322
        },
        "2011-06": {
            "month": "2011-06",
            "price": "69.68",
            "revenue": 165573
        },
        "2011-07": {
            "month": "2011-07",
            "price": "67.71",
            "revenue": 171071
        },
        "2011-08": {
            "month": "2011-08",
            "price": "62.23",
            "revenue": 172136
        },
        "2011-09": {
            "month": "2011-09",
            "price": "60.24",
            "revenue": 192605
        },
        "2011-10": {
            "month": "2011-10",
            "price": "61.30",
            "revenue": 178039
        },
        "2011-11": {
            "month": "2011-11",
            "price": "63.02",
            "revenue": 165911
        },
        "2011-12": {
            "month": "2011-12",
            "price": "60.30",
            "revenue": 153607
        },
        "2012-01": {
            "month": "2012-01",
            "price": "61.67",
            "revenue": 152330
        },
        "2012-02": {
            "month": "2012-02",
            "price": "70.93",
            "revenue": 180903
        },
        "2012-03": {
            "month": "2012-03",
            "price": "76.47",
            "revenue": 203790
        },
        "2012-04": {
            "month": "2012-04",
            "price": "79.64",
            "revenue": 201361
        },
        "2012-05": {
            "month": "2012-05",
            "price": "82.07",
            "revenue": 184333
        },
        "2012-06": {
            "month": "2012-06",
            "price": "74.03",
            "revenue": 165232
        },
        "2012-07": {
            "month": "2012-07",
            "price": "75.92",
            "revenue": 160030
        },
        "2012-08": {
            "month": "2012-08",
            "price": "76.91",
            "revenue": 153742
        },
        "2012-09": {
            "month": "2012-09",
            "price": "75.22",
            "revenue": 142398
        },
        "2012-10": {
            "month": "2012-10",
            "price": "75.08",
            "revenue": 165571
        },
        "2012-11": {
            "month": "2012-11",
            "price": "74.64",
            "revenue": 158438
        },
        "2012-12": {
            "month": "2012-12",
            "price": "74.91",
            "revenue": 157958
        },
        "2013-01": {
            "month": "2013-01",
            "price": "75.34",
            "revenue": 179716
        },
        "2013-02": {
            "month": "2013-02",
            "price": "78.00",
            "revenue": 158353
        },
        "2013-03": {
            "month": "2013-03",
            "price": "77.60",
            "revenue": 185905
        },
        "2013-04": {
            "month": "2013-04",
            "price": "79.98",
            "revenue": 182279
        },
        "2013-05": {
            "month": "2013-05",
            "price": "81.34",
            "revenue": 172628
        },
        "2013-06": {
            "month": "2013-06",
            "price": "76.52",
            "revenue": 141652
        },
        "2013-07": {
            "month": "2013-07",
            "price": "72.85",
            "revenue": 145877
        },
        "2013-08": {
            "month": "2013-08",
            "price": "73.44",
            "revenue": 153978
        },
        "2013-09": {
            "month": "2013-09",
            "price": "76.68",
            "revenue": 154423
        },
        "2013-10": {
            "month": "2013-10",
            "price": "77.37",
            "revenue": 114435
        },
        "2013-11": {
            "month": "2013-11",
            "price": "72.24",
            "revenue": 114384
        },
        "2013-12": {
            "month": "2013-12",
            "price": "68.23",
            "revenue": 125591
        },
        "2014-01": {
            "month": "2014-01",
            "price": "68.47",
            "revenue": 158908
        },
        "2014-02": {
            "month": "2014-02",
            "price": "69.69",
            "revenue": 126028
        },
        "2014-03": {
            "month": "2014-03",
            "price": "68.31",
            "revenue": 138286
        },
        "2014-04": {
            "month": "2014-04",
            "price": "67.24",
            "revenue": 127486
        },
        "2014-05": {
            "month": "2014-05",
            "price": "62.72",
            "revenue": 160501
        },
        "2014-06": {
            "month": "2014-06",
            "price": "61.82",
            "revenue": 154289
        },
        "2014-07": {
            "month": "2014-07",
            "price": "62.68",
            "revenue": 163293
        },
        "2014-08": {
            "month": "2014-08",
            "price": "58.19",
            "revenue": 126162
        },
        "2014-09": {
            "month": "2014-09",
            "price": "56.12",
            "revenue": 138629
        },
        "2014-10": {
            "month": "2014-10",
            "price": "48.86",
            "revenue": 164613
        },
        "2014-11": {
            "month": "2014-11",
            "price": "47.07",
            "revenue": 159805
        },
        "2014-12": {
            "month": "2014-12",
            "price": "51.20",
            "revenue": 170928
        },
        "2015-01": {
            "month": "2015-01",
            "price": "54.48",
            "revenue": 158627
        },
        "2015-02": {
            "month": "2015-02",
            "price": "52.77",
            "revenue": 133519
        },
        "2015-03": {
            "month": "2015-03",
            "price": "53.15",
            "revenue": 182136
        },
        "2015-04": {
            "month": "2015-04",
            "price": "53.94",
            "revenue": 156312
        },
        "2015-05": {
            "month": "2015-05",
            "price": "51.71",
            "revenue": 127761
        },
        "2015-06": {
            "month": "2015-06",
            "price": "46.51",
            "revenue": 138737
        },
        "2015-07": {
            "month": "2015-07",
            "price": "43.64",
            "revenue": 161961
        },
        "2015-08": {
            "month": "2015-08",
            "price": "38.54",
            "revenue": 150733
        },
        "2015-09": {
            "month": "2015-09",
            "price": "39.41",
            "revenue": 158012
        },
        "2015-10": {
            "month": "2015-10",
            "price": "42.29",
            "revenue": 176810
        },
        "2015-11": {
            "month": "2015-11",
            "price": "46.46",
            "revenue": 164771
        },
        "2015-12": {
            "month": "2015-12",
            "price": "47.82",
            "revenue": 138075
        },
        "2016-01": {
            "month": "2016-01",
            "price": "42.52",
            "revenue": 162161
        },
        "2016-02": {
            "month": "2016-02",
            "price": "43.20",
            "revenue": 133046
        },
        "2016-03": {
            "month": "2016-03",
            "price": "45.65",
            "revenue": 186842
        },
        "2016-04": {
            "month": "2016-04",
            "price": "44.30",
            "revenue": 182401
        },
        "2016-05": {
            "month": "2016-05",
            "price": "48.35",
            "revenue": 166306
        },
        "2016-06": {
            "month": "2016-06",
            "price": "52.40",
            "revenue": 160315
        },
        "2016-07": {
            "month": "2016-07",
            "price": "50.27",
            "revenue": 150023
        },
        "2016-08": {
            "month": "2016-08",
            "price": "45.24",
            "revenue": 122282
        },
        "2016-09": {
            "month": "2016-09",
            "price": "44.01",
            "revenue": 130936
        },
        "2016-10": {
            "month": "2016-10",
            "price": "42.28",
            "revenue": 134439
        },
        "2016-11": {
            "month": "2016-11",
            "price": "41.49",
            "revenue": 138143
        },
        "2016-12": {
            "month": "2016-12",
            "price": "41.50",
            "revenue": 96390
        },
        "2017-01": {
            "month": "2017-01",
            "price": "40.41",
            "revenue": 150932
        },
        "2017-02": {
            "month": "2017-02",
            "price": "40.54",
            "revenue": 98723
        },
        "2017-03": {
            "month": "2017-03",
            "price": "40.06",
            "revenue": 175335
        },
        "2017-04": {
            "month": "2017-04",
            "price": "39.02",
            "revenue": 136477
        },
        "2017-05": {
            "month": "2017-05",
            "price": "35.80",
            "revenue": 130224
        },
        "2017-06": {
            "month": "2017-06",
            "price": "33.98",
            "revenue": 153100
        },
        "2017-07": {
            "month": "2017-07",
            "price": "33.78",
            "revenue": 178714
        },
        "2017-08": {
            "month": "2017-08",
            "price": "34.33",
            "revenue": 145909
        },
        "2017-09": {
            "month": "2017-09",
            "price": "34.06",
            "revenue": 153826
        },
        "2017-10": {
            "month": "2017-10",
            "price": "33.26",
            "revenue": 173176
        },
        "2017-11": {
            "month": "2017-11",
            "price": "32.35",
            "revenue": 142508
        },
        "2017-12": {
            "month": "2017-12",
            "price": "31.92",
            "revenue": 156374
        },
        "2018-01": {
            "month": "2018-01",
            "price": "32.15",
            "revenue": 171267
        },
        "2018-02": {
            "month": "2018-02",
            "price": "29.77",
            "revenue": 157530
        },
        "2018-03": {
            "month": "2018-03",
            "price": "30.85",
            "revenue": 147373
        },
        "2018-04": {
            "month": "2018-04",
            "price": "31.61",
            "revenue": 153134
        },
        "2018-05": {
            "month": "2018-05",
            "price": "29.96",
            "revenue": 188085
        },
        "2018-06": {
            "month": "2018-06",
            "price": "29.43",
            "revenue": 150929
        },
        "2018-07": {
            "month": "2018-07",
            "price": "27.92",
            "revenue": 183541
        },
        "2018-08": {
            "month": "2018-08",
            "price": "28.12",
            "revenue": 185502
        },
        "2018-09": {
            "month": "2018-09",
            "price": "28.39",
            "revenue": 186305
        },
        "2018-10": {
            "month": "2018-10",
            "price": "27.79",
            "revenue": 181020
        },
        "2018-11": {
            "month": "2018-11",
            "price": "27.61",
            "revenue": 180881
        },
        "2018-12": {
            "month": "2018-12",
            "price": "29.16",
            "revenue": 158048
        },
        "2019-01": {
            "month": "2019-01",
            "price": "30.49",
            "revenue": 205344
        },
        "2019-02": {
            "month": "2019-02",
            "price": "34.90",
            "revenue": 136438
        },
        "2019-03": {
            "month": "2019-03",
            "price": "35.65",
            "revenue": 183152
        },
        "2019-04": {
            "month": "2019-04",
            "price": "32.47",
            "revenue": 193298
        },
        "2019-05": {
            "month": "2019-05",
            "price": "32.65",
            "revenue": 182401
        },
        "2019-06": {
            "month": "2019-06",
            "price": "31.91",
            "revenue": 166061
        },
        "2019-07": {
            "month": "2019-07",
            "price": "31.41",
            "revenue": 155788
        },
        "2019-08": {
            "month": "2019-08",
            "price": "28.03",
            "revenue": 139224
        },
        "2019-09": {
            "month": "2019-09",
            "price": "27.35",
            "revenue": 170745
        },
        "2019-10": {
            "month": "2019-10",
            "price": "27.41",
            "revenue": 187664
        },
        "2019-11": {
            "month": "2019-11",
            "price": "27.69",
            "revenue": 283608
        },
        "2019-12": {
            "month": "2019-12",
            "price": "28.44",
            "revenue": 195138
        },
        "2020-01": {
            "month": "2020-01",
            "price": "27.25",
            "revenue": 144401
        },
        "2020-02": {
            "month": "2020-02",
            "price": "25.02",
            "revenue": 197604
        },
        "2020-03": {
            "month": "2020-03",
            "price": "22.11",
            "revenue": 169925
        },
        "2020-04": {
            "month": "2020-04",
            "price": "22.75",
            "revenue": 130885
        },
        "2020-05": {
            "month": "2020-05",
            "price": "24.37",
            "revenue": 173582
        },
        "2020-06": {
            "month": "2020-06",
            "price": "26.13",
            "revenue": 224617
        },
        "2020-07": {
            "month": "2020-07",
            "price": "27.10",
            "revenue": 194017
        },
        "2020-08": {
            "month": "2020-08",
            "price": "27.17",
            "revenue": 165562
        },
        "2020-09": {
            "month": "2020-09",
            "price": "25.42",
            "revenue": 150014
        },
        "2020-10": {
            "month": "2020-10",
            "price": "24.29",
            "revenue": 161526
        },
        "2020-11": {
            "month": "2020-11",
            "price": "24.44",
            "revenue": 142900
        },
        "2020-12": {
            "month": "2020-12",
            "price": "24.25",
            "revenue": 150304
        },
        "2021-01": {
            "month": "2021-01",
            "price": "22.64",
            "revenue": 191093
        },
        "2021-02": {
            "month": "2021-02",
            "price": "22.59",
            "revenue": 210250
        },
        "2021-03": {
            "month": "2021-03",
            "price": "23.52",
            "revenue": 175045
        },
        "2021-04": {
            "month": "2021-04",
            "price": "24.69",
            "revenue": 157667
        },
        "2021-05": {
            "month": "2021-05",
            "price": "24.22",
            "revenue": 170873
        },
        "2021-06": {
            "month": "2021-06",
            "price": "24.25",
            "revenue": 155945
        },
        "2021-07": {
            "month": "2021-07",
            "price": "24.02",
            "revenue": 172367
        },
        "2021-08": {
            "month": "2021-08",
            "price": "23.43",
            "revenue": 169558
        },
        "2021-09": {
            "month": "2021-09",
            "price": "22.92",
            "revenue": 167544
        },
        "2021-10": {
            "month": "2021-10",
            "price": "22.88",
            "revenue": 165110
        },
        "2021-11": {
            "month": "2021-11",
            "price": "23.61",
            "revenue": 197972
        },
        "2021-12": {
            "month": "2021-12",
            "price": "24.77",
            "revenue": 198232
        },
        "2022-01": {
            "month": "2022-01",
            "price": "26.34",
            "revenue": 161017
        },
        "2022-02": {
            "month": "2022-02",
            "price": "25.92",
            "revenue": 185661
        },
        "2022-03": {
            "month": "2022-03",
            "price": "25.54",
            "revenue": 175276
        },
        "2022-04": {
            "month": "2022-04",
            "price": "26.71",
            "revenue": 208187
        },
        "2022-05": {
            "month": "2022-05",
            "price": "26.31",
            "revenue": 211675
        },
        "2022-06": {
            "month": "2022-06",
            "price": "26.28",
            "revenue": 188243
        },
        "2022-07": {
            "month": "2022-07",
            "price": "26.77",
            "revenue": 203389
        },
        "2022-08": {
            "month": "2022-08",
            "price": "27.22",
            "revenue": 198847
        },
        "2022-09": {
            "month": "2022-09",
            "price": "26.61",
            "revenue": 203242
        },
        "2022-10": {
            "month": "2022-10",
            "price": "24.23",
            "revenue": 162460
        },
        "2022-11": {
            "month": "2022-11",
            "price": "24.07",
            "revenue": 186565
        },
        "2022-12": {
            "month": "2022-12",
            "price": "25.60",
            "revenue": 159614
        },
        "2023-01": {
            "month": "2023-01",
            "price": "25.07",
            "revenue": 141091
        },
        "2023-02": {
            "month": "2023-02",
            "price": "25.93",
            "revenue": 135344
        },
        "2023-03": {
            "month": "2023-03",
            "price": "25.88",
            "revenue": 160102
        },
        "2023-04": {
            "month": "2023-04",
            "price": "26.76",
            "revenue": 150643
        },
        "2023-05": {
            "month": "2023-05",
            "price": "27.28",
            "revenue": 136814
        },
        "2023-06": {
            "month": "2023-06",
            "price": "28.36",
            "revenue": 129824
        },
        "2023-07": {
            "month": "2023-07",
            "price": "27.07",
            "revenue": 149769
        },
        "2023-08": {
            "month": "2023-08",
            "price": "26.37",
            "revenue": 147378
        },
        "2023-09": {
            "month": "2023-09",
            "price": "27.20",
            "revenue": 115344
        },
        "2023-10": {
            "month": "2023-10",
            "price": "26.64",
            "revenue": 134140
        },
        "2023-11": {
            "month": "2023-11",
            "price": "27.72",
            "revenue": 166338
        }
    }
}
