{
    "summary": {
        "stock_name": "杏輝",
        "stock_id": "1734",
        "category": "生技醫療",
        "main_business": "西藥,抗生素,化妝品之製造加工買賣<br>醫療器材之製造加工買賣,藥品原料之合成,<br>中藥批發,農業服務業,其他工商服務業(菌種育種之研發)",
        "website_url": "http://www.sinphar.com",
        "ceo": "白友烺",
        "pe_ratio": 26,
        "report_year_from": 2002,
        "report_year_to": 2023,
        "age": 21,
        "eps_negative_percentage": 9,
        "eps_growth_avg": {
            "last_all": 3.51,
            "last_2y": -100,
            "last_4y": -32.42,
            "last_8y": -19.35,
            "last_12y": -4.47,
            "last_16y": 0.47,
            "last_20y": 3.51,
            "at_2006_last_3y": -3.42,
            "at_2007_last_3y": 15.56,
            "at_2008_last_3y": -7.89,
            "at_2009_last_3y": 14.05,
            "at_2010_last_3y": 26.89,
            "at_2011_last_3y": -1.41,
            "at_2012_last_3y": 21.58,
            "at_2013_last_3y": 21.58,
            "at_2014_last_3y": 16.09,
            "at_2015_last_3y": 2.72,
            "at_2016_last_3y": -9.55,
            "at_2017_last_3y": -9.55,
            "at_2018_last_3y": -17.23,
            "at_2019_last_3y": 25.68,
            "at_2020_last_3y": 0.68,
            "at_2021_last_3y": -32.42,
            "at_2022_last_3y": -10,
            "at_2023_last_3y": -10,
            "at_2006_last_all": -3.27,
            "at_2007_last_all": 9.77,
            "at_2008_last_all": 2.26,
            "at_2009_last_all": 14.47,
            "at_2010_last_all": 10.13,
            "at_2011_last_all": 5.3,
            "at_2012_last_all": 9.28,
            "at_2013_last_all": 16.84,
            "at_2014_last_all": 11.97,
            "at_2015_last_all": 4.56,
            "at_2016_last_all": 4.26,
            "at_2017_last_all": 10.24,
            "at_2018_last_all": 5.1,
            "at_2019_last_all": 9.26,
            "at_2020_last_all": 3.51,
            "at_2021_last_all": 3.51,
            "at_2022_last_all": 3.51,
            "at_2023_last_all": 3.51
        },
        "latest_eps": 1.47,
        "latest_price": 38.6,
        "latest_roe": 5.89,
        "latest_gross_margin": 37.25,
        "latest_equity": 3290316,
        "latest_revenue": 771018,
        "latest_gross_profit": 287196,
        "latest_net_income": 70470,
        "latest_debt_ratio": 44.88,
        "latest_current_ratio": 219.05,
        "latest_account_receivable_turnover_ratio": 1.13,
        "latest_inventory_turnover_ratio": 0.63,
        "latest_reinvestment_rate": -90.69,
        "latest_research_to_sale_ratio": 5.85
    },
    "eps_dividends": {
        "1998": {
            "cash": 0.5,
            "stock": 0.1,
            "eps": 0
        },
        "1999": {
            "cash": 0,
            "stock": 0.15,
            "eps": 0
        },
        "2000": {
            "cash": 0,
            "stock": 0.11,
            "eps": 0
        },
        "2001": {
            "cash": 0,
            "stock": 0.6,
            "eps": 1.12
        },
        "2002": {
            "cash": 0.2,
            "stock": 0.6,
            "eps": 1.09
        },
        "2003": {
            "cash": 0.3,
            "stock": 0.05,
            "eps": 1.08
        },
        "2004": {
            "cash": 0.3,
            "stock": 0.6,
            "eps": 1.63
        },
        "2005": {
            "cash": 0.45,
            "stock": 0.7,
            "eps": 1.83
        },
        "2006": {
            "cash": 0.5,
            "stock": 0.8,
            "eps": 0.44
        },
        "2007": {
            "cash": 0.5,
            "stock": 0,
            "eps": 0.77
        },
        "2008": {
            "cash": 0.64,
            "stock": 0,
            "eps": 0.44
        },
        "2009": {
            "cash": 0.33,
            "stock": 0,
            "eps": 1.18
        },
        "2010": {
            "cash": 0.55,
            "stock": 0.35,
            "eps": 0.89
        },
        "2011": {
            "cash": 1,
            "stock": 0,
            "eps": 0.55
        },
        "2012": {
            "cash": 0,
            "stock": 0,
            "eps": 0.82
        },
        "2013": {
            "cash": 0.6,
            "stock": 0,
            "eps": 2.02
        },
        "2014": {
            "cash": 0.8,
            "stock": 0.8,
            "eps": 1.08
        },
        "2015": {
            "cash": 0.8,
            "stock": 0,
            "eps": 0.09
        },
        "2016": {
            "cash": 0.2,
            "stock": 0.4,
            "eps": 0.09
        },
        "2017": {
            "cash": 0.1,
            "stock": 0,
            "eps": 0.22
        },
        "2018": {
            "cash": 0.2,
            "stock": 0,
            "eps": 0.05
        },
        "2019": {
            "cash": 0.1,
            "stock": 0,
            "eps": 0.09
        },
        "2020": {
            "cash": 0.2,
            "stock": 0,
            "eps": -0.17
        },
        "2021": {
            "cash": 0.2,
            "stock": 0,
            "eps": -0.23
        },
        "2022": {
            "cash": 0.2,
            "stock": 0,
            "eps": 1.35
        },
        "2023": {
            "cash": 1,
            "stock": 0,
            "eps": 0.48
        }
    },
    "dividends": {
        "1998-05-27": {
            "cash": 0.5,
            "stock": 0.1
        },
        "1999-06-07": {
            "cash": 0,
            "stock": 0.15
        },
        "2000-05-16": {
            "cash": 0,
            "stock": 0.11
        },
        "2001-05-23": {
            "cash": 0,
            "stock": 0.6
        },
        "2002-04-22": {
            "cash": 0.2,
            "stock": 0.6
        },
        "2003-05-21": {
            "cash": 0.3,
            "stock": 0.05
        },
        "2004-05-14": {
            "cash": 0.3,
            "stock": 0.6
        },
        "2005-04-12": {
            "cash": 0.45,
            "stock": 0.7
        },
        "2006-04-04": {
            "cash": 0.5,
            "stock": 0.8
        },
        "2007-04-19": {
            "cash": 0.5,
            "stock": 0
        },
        "2008-03-24": {
            "cash": 0.64,
            "stock": 0
        },
        "2009-03-27": {
            "cash": 0.33,
            "stock": 0
        },
        "2010-04-13": {
            "cash": 0.55,
            "stock": 0.35
        },
        "2011-01-01": {
            "cash": 0.35,
            "stock": 0
        },
        "2011-03-22": {
            "cash": 0.65,
            "stock": 0
        },
        "2013-05-03": {
            "cash": 0.6,
            "stock": 0
        },
        "2014-06-12": {
            "cash": 0.8,
            "stock": 0.8
        },
        "2015-09-02": {
            "cash": 0.8,
            "stock": 0
        },
        "2016-10-07": {
            "cash": 0.2,
            "stock": 0.4
        },
        "2017-08-14": {
            "cash": 0.1,
            "stock": 0
        },
        "2018-08-24": {
            "cash": 0.2,
            "stock": 0
        },
        "2019-08-16": {
            "cash": 0.1,
            "stock": 0
        },
        "2020-08-26": {
            "cash": 0.2,
            "stock": 0
        },
        "2021-09-24": {
            "cash": 0.2,
            "stock": 0
        },
        "2022-08-25": {
            "cash": 0.2,
            "stock": 0
        },
        "2023-03-17": {
            "cash": 1,
            "stock": 0
        }
    },
    "prices": {
        "200101": "無",
        "200102": "無",
        "200103": "無",
        "200104": "無",
        "200105": "無",
        "200106": "無",
        "200107": "無",
        "200108": "無",
        "200109": "無",
        "200110": "無",
        "200111": "無",
        "200112": "無",
        "200201": "無",
        "200202": "無",
        "200203": "無",
        "200204": "無",
        "200205": "無",
        "200206": "無",
        "200207": "無",
        "200208": "18.00",
        "200209": "16.94",
        "200210": "16.21",
        "200211": "16.76",
        "200212": "17.29",
        "200301": "17.76",
        "200302": "17.22",
        "200303": "17.32",
        "200304": "17.28",
        "200305": "16.77",
        "200306": "17.16",
        "200307": "17.03",
        "200308": "16.77",
        "200309": "17.04",
        "200310": "17.08",
        "200311": "17.19",
        "200312": "17.49",
        "200401": "17.46",
        "200402": "18.46",
        "200403": "18.61",
        "200404": "17.62",
        "200405": "16.64",
        "200406": "16.35",
        "200407": "16.05",
        "200408": "15.96",
        "200409": "16.76",
        "200410": "16.85",
        "200411": "16.58",
        "200412": "17.30",
        "200501": "18.57",
        "200502": "20.20",
        "200503": "21.09",
        "200504": "20.64",
        "200505": "21.65",
        "200506": "21.50",
        "200507": "21.48",
        "200508": "21.04",
        "200509": "19.50",
        "200510": "21.10",
        "200511": "22.71",
        "200512": "20.95",
        "200601": "21.33",
        "200602": "21.04",
        "200603": "20.05",
        "200604": "19.66",
        "200605": "19.57",
        "200606": "17.93",
        "200607": "17.15",
        "200608": "16.59",
        "200609": "16.30",
        "200610": "17.01",
        "200611": "16.79",
        "200612": "17.02",
        "200701": "17.84",
        "200702": "17.57",
        "200703": "17.03",
        "200704": "18.07",
        "200705": "19.70",
        "200706": "20.36",
        "200707": "33.52",
        "200708": "36.64",
        "200709": "37.90",
        "200710": "36.92",
        "200711": "28.33",
        "200712": "26.42",
        "200801": "25.43",
        "200802": "27.23",
        "200803": "29.44",
        "200804": "31.83",
        "200805": "31.96",
        "200806": "26.99",
        "200807": "23.84",
        "200808": "26.29",
        "200809": "20.83",
        "200810": "19.01",
        "200811": "19.26",
        "200812": "19.28",
        "200901": "19.50",
        "200902": "18.89",
        "200903": "21.36",
        "200904": "30.28",
        "200905": "29.54",
        "200906": "26.87",
        "200907": "29.84",
        "200908": "29.58",
        "200909": "29.65",
        "200910": "29.59",
        "200911": "28.36",
        "200912": "30.86",
        "201001": "29.36",
        "201002": "26.22",
        "201003": "28.77",
        "201004": "31.64",
        "201005": "30.80",
        "201006": "31.12",
        "201007": "34.71",
        "201008": "38.20",
        "201009": "38.94",
        "201010": "39.80",
        "201011": "37.39",
        "201012": "36.90",
        "201101": "34.58",
        "201102": "33.47",
        "201103": "32.54",
        "201104": "33.15",
        "201105": "33.47",
        "201106": "29.40",
        "201107": "29.56",
        "201108": "28.30",
        "201109": "26.77",
        "201110": "25.42",
        "201111": "24.65",
        "201112": "21.91",
        "201201": "23.10",
        "201202": "26.75",
        "201203": "26.57",
        "201204": "23.75",
        "201205": "23.73",
        "201206": "23.25",
        "201207": "25.55",
        "201208": "26.27",
        "201209": "26.33",
        "201210": "30.50",
        "201211": "30.37",
        "201212": "31.97",
        "201301": "31.44",
        "201302": "34.70",
        "201303": "36.71",
        "201304": "38.20",
        "201305": "38.12",
        "201306": "36.82",
        "201307": "38.10",
        "201308": "46.45",
        "201309": "52.53",
        "201310": "52.32",
        "201311": "48.62",
        "201312": "48.74",
        "201401": "49.07",
        "201402": "51.08",
        "201403": "50.92",
        "201404": "49.83",
        "201405": "52.88",
        "201406": "54.51",
        "201407": "52.14",
        "201408": "45.61",
        "201409": "43.79",
        "201410": "44.63",
        "201411": "41.58",
        "201412": "42.18",
        "201501": "41.10",
        "201502": "40.37",
        "201503": "40.11",
        "201504": "39.07",
        "201505": "32.41",
        "201506": "28.88",
        "201507": "30.10",
        "201508": "25.05",
        "201509": "25.63",
        "201510": "28.21",
        "201511": "30.52",
        "201512": "29.48",
        "201601": "27.27",
        "201602": "28.18",
        "201603": "29.75",
        "201604": "28.61",
        "201605": "27.24",
        "201606": "27.15",
        "201607": "27.62",
        "201608": "27.11",
        "201609": "26.08",
        "201610": "25.86",
        "201611": "24.27",
        "201612": "24.24",
        "201701": "24.15",
        "201702": "24.63",
        "201703": "24.73",
        "201704": "23.49",
        "201705": "22.35",
        "201706": "22.27",
        "201707": "22.17",
        "201708": "21.36",
        "201709": "22.03",
        "201710": "22.00",
        "201711": "21.89",
        "201712": "21.50",
        "201801": "22.23",
        "201802": "21.53",
        "201803": "21.82",
        "201804": "23.43",
        "201805": "22.55",
        "201806": "22.26",
        "201807": "21.62",
        "201808": "20.86",
        "201809": "20.56",
        "201810": "19.39",
        "201811": "19.35",
        "201812": "19.71",
        "201901": "19.81",
        "201902": "20.11",
        "201903": "20.36",
        "201904": "20.17",
        "201905": "19.51",
        "201906": "19.39",
        "201907": "20.02",
        "201908": "19.43",
        "201909": "19.29",
        "201910": "19.24",
        "201911": "19.14",
        "201912": "19.20",
        "202001": "19.83",
        "202002": "22.06",
        "202003": "17.93",
        "202004": "18.39",
        "202005": "21.17",
        "202006": "26.98",
        "202007": "44.21",
        "202008": "47.09",
        "202009": "41.16",
        "202010": "35.22",
        "202011": "32.80",
        "202012": "30.26",
        "202101": "28.93",
        "202102": "29.26",
        "202103": "31.03",
        "202104": "31.21",
        "202105": "31.15",
        "202106": "30.28",
        "202107": "29.06",
        "202108": "38.15",
        "202109": "37.75",
        "202110": "35.58",
        "202111": "29.25",
        "202112": "28.80",
        "202201": "28.89",
        "202202": "29.14",
        "202203": "28.18",
        "202204": "29.82",
        "202205": "28.29",
        "202206": "28.73",
        "202207": "28.65",
        "202208": "30.39",
        "202209": "31.65",
        "202210": "28.21",
        "202211": "29.04",
        "202212": "33.16",
        "202301": "31.50",
        "202302": "31.87",
        "202303": "30.87",
        "202304": "31.69",
        "202305": "33.18",
        "202306": "36.60"
    },
    "quarters": {
        "20011": {
            "year_quarter": 20011,
            "year": 2001,
            "quarter": 1,
            "eps": 0.04,
            "eps_growth_year": -89.47,
            "eps_4q": 0.77,
            "eps_4q_growth_year": null,
            "roe": 0.32,
            "roe_4q": 0.32,
            "gross_profit": 74942,
            "gross_margin": 46.04,
            "gross_margin_4q_avg": 46.04,
            "net_income": 1748,
            "revenue": 162764,
            "common_shares": 433346,
            "book_valuer_per_share": 13.61,
            "book_valuer_per_share_4q_avg": 13.61,
            "equity": 589804,
            "current_ratio": 137.98,
            "debt_ratio": 46.03,
            "inventory_turnover_ratio": 0.63,
            "account_receivable_turnover_ratio": null,
            "reinvestment_rate": null,
            "research_to_sale_ratio": null,
            "price_fair": 0,
            "eps_avg_yearly": 0,
            "eps_latest_yearly": 0,
            "eps_growth_yearly": 0
        },
        "20012": {
            "year_quarter": 20012,
            "year": 2001,
            "quarter": 2,
            "eps": 0.51,
            "eps_growth_year": 82.14,
            "eps_4q": 0.98,
            "eps_4q_growth_year": null,
            "roe": 4.04,
            "roe_4q": 4.36,
            "gross_profit": 81130,
            "gross_margin": 45.27,
            "gross_margin_4q_avg": 45.66,
            "net_income": 24423,
            "revenue": 179228,
            "common_shares": 483346,
            "book_valuer_per_share": 12.8,
            "book_valuer_per_share_4q_avg": 13.21,
            "equity": 618742,
            "current_ratio": 137.62,
            "debt_ratio": 45.99,
            "inventory_turnover_ratio": 0.65,
            "account_receivable_turnover_ratio": null,
            "reinvestment_rate": null,
            "research_to_sale_ratio": null,
            "price_fair": 0,
            "eps_avg_yearly": 0,
            "eps_latest_yearly": 0,
            "eps_growth_yearly": 0
        },
        "20013": {
            "year_quarter": 20013,
            "year": 2001,
            "quarter": 3,
            "eps": 0.26,
            "eps_growth_year": -39.53,
            "eps_4q": 0.84,
            "eps_4q_growth_year": -35.18,
            "roe": 2.06,
            "roe_4q": 6.42,
            "gross_profit": 84385,
            "gross_margin": 42.77,
            "gross_margin_4q_avg": 44.69,
            "net_income": 12894,
            "revenue": 197286,
            "common_shares": 512347,
            "book_valuer_per_share": 12.34,
            "book_valuer_per_share_4q_avg": 12.92,
            "equity": 632306,
            "current_ratio": 133.87,
            "debt_ratio": 45.95,
            "inventory_turnover_ratio": 0.67,
            "account_receivable_turnover_ratio": null,
            "reinvestment_rate": null,
            "research_to_sale_ratio": null,
            "price_fair": 0,
            "eps_avg_yearly": 0,
            "eps_latest_yearly": 0,
            "eps_growth_yearly": 0
        },
        "20014": {
            "year_quarter": 20014,
            "year": 2001,
            "quarter": 4,
            "eps": 0.31,
            "eps_growth_year": 520,
            "eps_4q": 1.09,
            "eps_4q_growth_year": 10.9,
            "roe": 2.45,
            "roe_4q": 8.870000000000001,
            "gross_profit": 101749,
            "gross_margin": 45.84,
            "gross_margin_4q_avg": 44.98,
            "net_income": 15603,
            "revenue": 221964,
            "common_shares": 512347,
            "book_valuer_per_share": 12.54,
            "book_valuer_per_share_4q_avg": 12.82,
            "equity": 642531,
            "current_ratio": 122.07,
            "debt_ratio": 48.51,
            "inventory_turnover_ratio": 0.64,
            "account_receivable_turnover_ratio": null,
            "reinvestment_rate": null,
            "research_to_sale_ratio": null,
            "price_fair": 0,
            "eps_avg_yearly": 0,
            "eps_latest_yearly": 0,
            "eps_growth_yearly": 0
        },
        "20021": {
            "year_quarter": 20021,
            "year": 2002,
            "quarter": 1,
            "eps": 0.31,
            "eps_growth_year": 675,
            "eps_4q": 1.36,
            "eps_4q_growth_year": 77.04,
            "roe": 2.41,
            "roe_4q": 10.96,
            "gross_profit": 84833,
            "gross_margin": 45.69,
            "gross_margin_4q_avg": 44.89,
            "net_income": 15640,
            "revenue": 185673,
            "common_shares": 512347,
            "book_valuer_per_share": 12.84,
            "book_valuer_per_share_4q_avg": 12.63,
            "equity": 657736,
            "current_ratio": 114.04,
            "debt_ratio": 50.19,
            "inventory_turnover_ratio": 0.47,
            "account_receivable_turnover_ratio": null,
            "reinvestment_rate": null,
            "research_to_sale_ratio": null,
            "price_fair": 12.4,
            "eps_avg_yearly": 1.24,
            "eps_latest_yearly": 1.24,
            "eps_growth_yearly": 0
        },
        "20022": {
            "year_quarter": 20022,
            "year": 2002,
            "quarter": 2,
            "eps": 0.22,
            "eps_growth_year": -56.86,
            "eps_4q": 0.94,
            "eps_4q_growth_year": -4.04,
            "roe": 1.8,
            "roe_4q": 8.72,
            "gross_profit": 98443,
            "gross_margin": 47.36,
            "gross_margin_4q_avg": 45.42,
            "net_income": 13455,
            "revenue": 207865,
            "common_shares": 643088,
            "book_valuer_per_share": 13.07,
            "book_valuer_per_share_4q_avg": 12.7,
            "equity": 840734,
            "current_ratio": 168.88,
            "debt_ratio": 37.33,
            "inventory_turnover_ratio": 0.49,
            "account_receivable_turnover_ratio": null,
            "reinvestment_rate": null,
            "research_to_sale_ratio": null,
            "price_fair": 3.18,
            "eps_avg_yearly": 1.06,
            "eps_latest_yearly": 0.88,
            "eps_growth_yearly": -58.06
        },
        "20023": {
            "year_quarter": 20023,
            "year": 2002,
            "quarter": 3,
            "eps": 0.32,
            "eps_growth_year": 23.08,
            "eps_4q": 1.09,
            "eps_4q_growth_year": 30.15,
            "roe": 2.19,
            "roe_4q": 8.850000000000001,
            "gross_profit": 97414,
            "gross_margin": 44.95,
            "gross_margin_4q_avg": 45.96,
            "net_income": 18634,
            "revenue": 216727,
            "common_shares": 643088,
            "book_valuer_per_share": 13.41,
            "book_valuer_per_share_4q_avg": 12.97,
            "equity": 862344,
            "current_ratio": 152.17,
            "debt_ratio": 40.06,
            "inventory_turnover_ratio": 0.56,
            "account_receivable_turnover_ratio": null,
            "reinvestment_rate": null,
            "research_to_sale_ratio": null,
            "price_fair": 36.15,
            "eps_avg_yearly": 1.13,
            "eps_latest_yearly": 1.28,
            "eps_growth_yearly": 21.9
        },
        "20024": {
            "year_quarter": 20024,
            "year": 2002,
            "quarter": 4,
            "eps": 0.24,
            "eps_growth_year": -22.58,
            "eps_4q": 1.04,
            "eps_4q_growth_year": -4.33,
            "roe": 1.63,
            "roe_4q": 8.030000000000001,
            "gross_profit": 100041,
            "gross_margin": 46.07,
            "gross_margin_4q_avg": 46.02,
            "net_income": 14334,
            "revenue": 217127,
            "common_shares": 643088,
            "book_valuer_per_share": 13.61,
            "book_valuer_per_share_4q_avg": 13.23,
            "equity": 895182,
            "current_ratio": 140.99,
            "debt_ratio": 46.01,
            "inventory_turnover_ratio": 0.52,
            "account_receivable_turnover_ratio": null,
            "reinvestment_rate": null,
            "research_to_sale_ratio": null,
            "price_fair": 3.27,
            "eps_avg_yearly": 1.09,
            "eps_latest_yearly": 0.96,
            "eps_growth_yearly": -8.58
        },
        "20031": {
            "year_quarter": 20031,
            "year": 2003,
            "quarter": 1,
            "eps": 0.1,
            "eps_growth_year": -67.74,
            "eps_4q": 0.84,
            "eps_4q_growth_year": -37.83,
            "roe": 0.7,
            "roe_4q": 6.319999999999999,
            "gross_profit": 88775,
            "gross_margin": 42.54,
            "gross_margin_4q_avg": 45.23,
            "net_income": 6233,
            "revenue": 208697,
            "common_shares": 643088,
            "book_valuer_per_share": 13.71,
            "book_valuer_per_share_4q_avg": 13.45,
            "equity": 881896,
            "current_ratio": 139.22,
            "debt_ratio": 43.1,
            "inventory_turnover_ratio": 0.53,
            "account_receivable_turnover_ratio": null,
            "reinvestment_rate": null,
            "research_to_sale_ratio": null,
            "price_fair": 2.86,
            "eps_avg_yearly": 0.95,
            "eps_latest_yearly": 0.4,
            "eps_growth_yearly": -53.53
        },
        "20032": {
            "year_quarter": 20032,
            "year": 2003,
            "quarter": 2,
            "eps": 0.38,
            "eps_growth_year": 72.73,
            "eps_4q": 1,
            "eps_4q_growth_year": 5.75,
            "roe": 2.73,
            "roe_4q": 7.25,
            "gross_profit": 109431,
            "gross_margin": 45.17,
            "gross_margin_4q_avg": 44.68,
            "net_income": 24191,
            "revenue": 242241,
            "common_shares": 643088,
            "book_valuer_per_share": 13.86,
            "book_valuer_per_share_4q_avg": 13.65,
            "equity": 891524,
            "current_ratio": 143.06,
            "debt_ratio": 45.01,
            "inventory_turnover_ratio": 0.61,
            "account_receivable_turnover_ratio": null,
            "reinvestment_rate": null,
            "research_to_sale_ratio": null,
            "price_fair": 36.63,
            "eps_avg_yearly": 1.05,
            "eps_latest_yearly": 1.52,
            "eps_growth_yearly": 142.06
        },
        "20033": {
            "year_quarter": 20033,
            "year": 2003,
            "quarter": 3,
            "eps": 0.33,
            "eps_growth_year": 3.12,
            "eps_4q": 1,
            "eps_4q_growth_year": -8.37,
            "roe": 2.46,
            "roe_4q": 7.52,
            "gross_profit": 111668,
            "gross_margin": 47.14,
            "gross_margin_4q_avg": 45.23,
            "net_income": 22157,
            "revenue": 236898,
            "common_shares": 675242,
            "book_valuer_per_share": 13.43,
            "book_valuer_per_share_4q_avg": 13.65,
            "equity": 907007,
            "current_ratio": 138.14,
            "debt_ratio": 43.75,
            "inventory_turnover_ratio": 0.58,
            "account_receivable_turnover_ratio": null,
            "reinvestment_rate": 263.47,
            "research_to_sale_ratio": null,
            "price_fair": 38,
            "eps_avg_yearly": 1.09,
            "eps_latest_yearly": 1.32,
            "eps_growth_yearly": 114.25
        },
        "20034": {
            "year_quarter": 20034,
            "year": 2003,
            "quarter": 4,
            "eps": 0.27,
            "eps_growth_year": 12.5,
            "eps_4q": 1.04,
            "eps_4q_growth_year": 0.53,
            "roe": 1.86,
            "roe_4q": 7.750000000000001,
            "gross_profit": 124038,
            "gross_margin": 48.71,
            "gross_margin_4q_avg": 45.89,
            "net_income": 18327,
            "revenue": 254634,
            "common_shares": 675242,
            "book_valuer_per_share": 13.96,
            "book_valuer_per_share_4q_avg": 13.74,
            "equity": 1062761,
            "current_ratio": 118.6,
            "debt_ratio": 48.43,
            "inventory_turnover_ratio": 0.6,
            "account_receivable_turnover_ratio": null,
            "reinvestment_rate": 314.68,
            "research_to_sale_ratio": null,
            "price_fair": 37.98,
            "eps_avg_yearly": 1.09,
            "eps_latest_yearly": 1.08,
            "eps_growth_yearly": 90.87
        },
        "20041": {
            "year_quarter": 20041,
            "year": 2004,
            "quarter": 1,
            "eps": 0.33,
            "eps_growth_year": 230,
            "eps_4q": 1.29,
            "eps_4q_growth_year": 52.69,
            "roe": 2.2,
            "roe_4q": 9.25,
            "gross_profit": 112881,
            "gross_margin": 45.75,
            "gross_margin_4q_avg": 46.69,
            "net_income": 22234,
            "revenue": 246720,
            "common_shares": 675242,
            "book_valuer_per_share": 14.19,
            "book_valuer_per_share_4q_avg": 13.86,
            "equity": 958377,
            "current_ratio": 125.75,
            "debt_ratio": 46.49,
            "inventory_turnover_ratio": 0.63,
            "account_receivable_turnover_ratio": null,
            "reinvestment_rate": 151.33,
            "research_to_sale_ratio": null,
            "price_fair": 38.89,
            "eps_avg_yearly": 1.11,
            "eps_latest_yearly": 1.32,
            "eps_growth_yearly": 90.65
        },
        "20042": {
            "year_quarter": 20042,
            "year": 2004,
            "quarter": 2,
            "eps": 0.54,
            "eps_growth_year": 42.11,
            "eps_4q": 1.39,
            "eps_4q_growth_year": 39.89,
            "roe": 3.78,
            "roe_4q": 10.3,
            "gross_profit": 130821,
            "gross_margin": 48.36,
            "gross_margin_4q_avg": 47.49,
            "net_income": 39705,
            "revenue": 270522,
            "common_shares": 775242,
            "book_valuer_per_share": 14.76,
            "book_valuer_per_share_4q_avg": 14.09,
            "equity": 1144140,
            "current_ratio": 142.94,
            "debt_ratio": 39.02,
            "inventory_turnover_ratio": 0.73,
            "account_receivable_turnover_ratio": null,
            "reinvestment_rate": 138.09,
            "research_to_sale_ratio": null,
            "price_fair": 42.56,
            "eps_avg_yearly": 1.22,
            "eps_latest_yearly": 2.16,
            "eps_growth_yearly": 107.04
        },
        "20043": {
            "year_quarter": 20043,
            "year": 2004,
            "quarter": 3,
            "eps": 0.34,
            "eps_growth_year": 3.03,
            "eps_4q": 1.36,
            "eps_4q_growth_year": 36.53,
            "roe": 2.3,
            "roe_4q": 10.14,
            "gross_profit": 144299,
            "gross_margin": 49.01,
            "gross_margin_4q_avg": 47.96,
            "net_income": 26737,
            "revenue": 294418,
            "common_shares": 821757,
            "book_valuer_per_share": 14.32,
            "book_valuer_per_share_4q_avg": 14.31,
            "equity": 1176691,
            "current_ratio": 120.89,
            "debt_ratio": 41.21,
            "inventory_turnover_ratio": 0.75,
            "account_receivable_turnover_ratio": null,
            "reinvestment_rate": 122.24,
            "research_to_sale_ratio": null,
            "price_fair": 43.02,
            "eps_avg_yearly": 1.23,
            "eps_latest_yearly": 1.36,
            "eps_growth_yearly": 83.84
        },
        "20044": {
            "year_quarter": 20044,
            "year": 2004,
            "quarter": 4,
            "eps": 0.42,
            "eps_growth_year": 55.56,
            "eps_4q": 1.54,
            "eps_4q_growth_year": 47.38,
            "roe": 2.67,
            "roe_4q": 10.95,
            "gross_profit": 157818,
            "gross_margin": 48.99,
            "gross_margin_4q_avg": 48.03,
            "net_income": 33267,
            "revenue": 322145,
            "common_shares": 821757,
            "book_valuer_per_share": 14.49,
            "book_valuer_per_share_4q_avg": 14.44,
            "equity": 1316337,
            "current_ratio": 127.12,
            "debt_ratio": 43.9,
            "inventory_turnover_ratio": 0.69,
            "account_receivable_turnover_ratio": null,
            "reinvestment_rate": 222.74,
            "research_to_sale_ratio": null,
            "price_fair": 44.33,
            "eps_avg_yearly": 1.27,
            "eps_latest_yearly": 1.68,
            "eps_growth_yearly": 84.7
        },
        "20051": {
            "year_quarter": 20051,
            "year": 2005,
            "quarter": 1,
            "eps": 0.45,
            "eps_growth_year": 36.36,
            "eps_4q": 1.67,
            "eps_4q_growth_year": 29.63,
            "roe": 2.89,
            "roe_4q": 11.64,
            "gross_profit": 145112,
            "gross_margin": 45.94,
            "gross_margin_4q_avg": 48.08,
            "net_income": 36714,
            "revenue": 315843,
            "common_shares": 821757,
            "book_valuer_per_share": 14.86,
            "book_valuer_per_share_4q_avg": 14.61,
            "equity": 1221052,
            "current_ratio": 121.88,
            "debt_ratio": 40.96,
            "inventory_turnover_ratio": 0.72,
            "account_receivable_turnover_ratio": null,
            "reinvestment_rate": 86.09,
            "research_to_sale_ratio": null,
            "price_fair": 45.77,
            "eps_avg_yearly": 1.31,
            "eps_latest_yearly": 1.8,
            "eps_growth_yearly": 80.38
        },
        "20052": {
            "year_quarter": 20052,
            "year": 2005,
            "quarter": 2,
            "eps": 0.56,
            "eps_growth_year": 3.7,
            "eps_4q": 1.73,
            "eps_4q_growth_year": 24.11,
            "roe": 3.8,
            "roe_4q": 11.66,
            "gross_profit": 162705,
            "gross_margin": 50.6,
            "gross_margin_4q_avg": 48.64,
            "net_income": 46339,
            "revenue": 321548,
            "common_shares": 821757,
            "book_valuer_per_share": 14.82,
            "book_valuer_per_share_4q_avg": 14.62,
            "equity": 1217521,
            "current_ratio": 118.22,
            "debt_ratio": 42.03,
            "inventory_turnover_ratio": 0.78,
            "account_receivable_turnover_ratio": null,
            "reinvestment_rate": 96,
            "research_to_sale_ratio": null,
            "price_fair": 48.1,
            "eps_avg_yearly": 1.37,
            "eps_latest_yearly": 2.24,
            "eps_growth_yearly": 81.63
        },
        "20053": {
            "year_quarter": 20053,
            "year": 2005,
            "quarter": 3,
            "eps": 0.53,
            "eps_growth_year": 55.88,
            "eps_4q": 1.85,
            "eps_4q_growth_year": 35.86,
            "roe": 3.71,
            "roe_4q": 13.07,
            "gross_profit": 159549,
            "gross_margin": 51,
            "gross_margin_4q_avg": 49.13,
            "net_income": 46752,
            "revenue": 312858,
            "common_shares": 879280,
            "book_valuer_per_share": 14.81,
            "book_valuer_per_share_4q_avg": 14.75,
            "equity": 1302446,
            "current_ratio": 116.38,
            "debt_ratio": 41.78,
            "inventory_turnover_ratio": 0.71,
            "account_receivable_turnover_ratio": null,
            "reinvestment_rate": 94.19,
            "research_to_sale_ratio": null,
            "price_fair": 49.84,
            "eps_avg_yearly": 1.42,
            "eps_latest_yearly": 2.12,
            "eps_growth_yearly": 74.75
        },
        "20054": {
            "year_quarter": 20054,
            "year": 2005,
            "quarter": 4,
            "eps": 0.29,
            "eps_growth_year": -30.95,
            "eps_4q": 1.74,
            "eps_4q_growth_year": 12.73,
            "roe": 1.77,
            "roe_4q": 12.170000000000002,
            "gross_profit": 166060,
            "gross_margin": 47.25,
            "gross_margin_4q_avg": 48.7,
            "net_income": 26042,
            "revenue": 351428,
            "common_shares": 979280,
            "book_valuer_per_share": 15.36,
            "book_valuer_per_share_4q_avg": 14.96,
            "equity": 1644384,
            "current_ratio": 146.56,
            "debt_ratio": 42.08,
            "inventory_turnover_ratio": 0.71,
            "account_receivable_turnover_ratio": null,
            "reinvestment_rate": 182.56,
            "research_to_sale_ratio": null,
            "price_fair": 49.26,
            "eps_avg_yearly": 1.41,
            "eps_latest_yearly": 1.16,
            "eps_growth_yearly": 58.76
        },
        "20061": {
            "year_quarter": 20061,
            "year": 2006,
            "quarter": 1,
            "eps": 0.24,
            "eps_growth_year": -46.67,
            "eps_4q": 1.48,
            "eps_4q_growth_year": -11.42,
            "roe": 1.45,
            "roe_4q": 10.73,
            "gross_profit": 150447,
            "gross_margin": 45.21,
            "gross_margin_4q_avg": 48.52,
            "net_income": 23036,
            "revenue": 332806,
            "common_shares": 979280,
            "book_valuer_per_share": 15.55,
            "book_valuer_per_share_4q_avg": 15.14,
            "equity": 1522401,
            "current_ratio": 138.79,
            "debt_ratio": 38.26,
            "inventory_turnover_ratio": 0.68,
            "account_receivable_turnover_ratio": null,
            "reinvestment_rate": 67.89,
            "research_to_sale_ratio": null,
            "price_fair": 48.65,
            "eps_avg_yearly": 1.39,
            "eps_latest_yearly": 0.96,
            "eps_growth_yearly": 54.45
        },
        "20062": {
            "year_quarter": 20062,
            "year": 2006,
            "quarter": 2,
            "eps": 0.09,
            "eps_growth_year": -83.93,
            "eps_4q": 1.05,
            "eps_4q_growth_year": -39.36,
            "roe": 0.6,
            "roe_4q": 7.529999999999999,
            "gross_profit": 154801,
            "gross_margin": 44.8,
            "gross_margin_4q_avg": 47.07,
            "net_income": 9000,
            "revenue": 345512,
            "common_shares": 979280,
            "book_valuer_per_share": 15.14,
            "book_valuer_per_share_4q_avg": 15.22,
            "equity": 1482929,
            "current_ratio": 120.5,
            "debt_ratio": 39.88,
            "inventory_turnover_ratio": 0.78,
            "account_receivable_turnover_ratio": null,
            "reinvestment_rate": 84.69,
            "research_to_sale_ratio": null,
            "price_fair": 47.51,
            "eps_avg_yearly": 1.36,
            "eps_latest_yearly": 0.36,
            "eps_growth_yearly": 46.08
        },
        "20063": {
            "year_quarter": 20063,
            "year": 2006,
            "quarter": 3,
            "eps": 0.05,
            "eps_growth_year": -90.57,
            "eps_4q": 0.61,
            "eps_4q_growth_year": -66.83,
            "roe": 0.35,
            "roe_4q": 4.17,
            "gross_profit": 157381,
            "gross_margin": 45.71,
            "gross_margin_4q_avg": 45.74,
            "net_income": 5156,
            "revenue": 344266,
            "common_shares": 1057622,
            "book_valuer_per_share": 14.21,
            "book_valuer_per_share_4q_avg": 15.07,
            "equity": 1503392,
            "current_ratio": 121.62,
            "debt_ratio": 39.23,
            "inventory_turnover_ratio": 0.73,
            "account_receivable_turnover_ratio": null,
            "reinvestment_rate": 82.36,
            "research_to_sale_ratio": null,
            "price_fair": 43.36,
            "eps_avg_yearly": 1.29,
            "eps_latest_yearly": 0.2,
            "eps_growth_yearly": 23.61
        },
        "20064": {
            "year_quarter": 20064,
            "year": 2006,
            "quarter": 4,
            "eps": 0.06,
            "eps_growth_year": -79.31,
            "eps_4q": 0.39,
            "eps_4q_growth_year": -77.33,
            "roe": 0.42,
            "roe_4q": 2.8200000000000003,
            "gross_profit": 179012,
            "gross_margin": 48.51,
            "gross_margin_4q_avg": 46.06,
            "net_income": 6693,
            "revenue": 369050,
            "common_shares": 1057622,
            "book_valuer_per_share": 14.21,
            "book_valuer_per_share_4q_avg": 14.78,
            "equity": 1663797,
            "current_ratio": 132.59,
            "debt_ratio": 40.04,
            "inventory_turnover_ratio": 0.6,
            "account_receivable_turnover_ratio": null,
            "reinvestment_rate": 179.62,
            "research_to_sale_ratio": null,
            "price_fair": 43.58,
            "eps_avg_yearly": 1.25,
            "eps_latest_yearly": 0.24,
            "eps_growth_yearly": 34.86
        },
        "20071": {
            "year_quarter": 20071,
            "year": 2007,
            "quarter": 1,
            "eps": 0.25,
            "eps_growth_year": 4.17,
            "eps_4q": 0.45,
            "eps_4q_growth_year": -69.71,
            "roe": 1.64,
            "roe_4q": 3.0100000000000002,
            "gross_profit": 151899,
            "gross_margin": 42.4,
            "gross_margin_4q_avg": 45.36,
            "net_income": 26236,
            "revenue": 358292,
            "common_shares": 1057622,
            "book_valuer_per_share": 14.58,
            "book_valuer_per_share_4q_avg": 14.54,
            "equity": 1542129,
            "current_ratio": 101.65,
            "debt_ratio": 39.28,
            "inventory_turnover_ratio": 0.66,
            "account_receivable_turnover_ratio": null,
            "reinvestment_rate": 103.56,
            "research_to_sale_ratio": null,
            "price_fair": 44.89,
            "eps_avg_yearly": 1.28,
            "eps_latest_yearly": 1,
            "eps_growth_yearly": 128.61
        },
        "20072": {
            "year_quarter": 20072,
            "year": 2007,
            "quarter": 2,
            "eps": 0.23,
            "eps_growth_year": 155.56,
            "eps_4q": 0.6,
            "eps_4q_growth_year": -43.07,
            "roe": 1.56,
            "roe_4q": 3.97,
            "gross_profit": 162120,
            "gross_margin": 43.48,
            "gross_margin_4q_avg": 45.03,
            "net_income": 23880,
            "revenue": 372838,
            "common_shares": 1057622,
            "book_valuer_per_share": 14.39,
            "book_valuer_per_share_4q_avg": 14.35,
            "equity": 1521688,
            "current_ratio": 102.81,
            "debt_ratio": 42.98,
            "inventory_turnover_ratio": 0.78,
            "account_receivable_turnover_ratio": null,
            "reinvestment_rate": 114.68,
            "research_to_sale_ratio": null,
            "price_fair": 43.58,
            "eps_avg_yearly": 1.25,
            "eps_latest_yearly": 0.92,
            "eps_growth_yearly": 56.61
        },
        "20073": {
            "year_quarter": 20073,
            "year": 2007,
            "quarter": 3,
            "eps": 0.19,
            "eps_growth_year": 280,
            "eps_4q": 0.72,
            "eps_4q_growth_year": 18.2,
            "roe": 1.31,
            "roe_4q": 4.93,
            "gross_profit": 149975,
            "gross_margin": 43.75,
            "gross_margin_4q_avg": 44.54,
            "net_income": 20182,
            "revenue": 342829,
            "common_shares": 1057622,
            "book_valuer_per_share": 14.67,
            "book_valuer_per_share_4q_avg": 14.46,
            "equity": 1551641,
            "current_ratio": 97.67,
            "debt_ratio": 41.16,
            "inventory_turnover_ratio": 0.66,
            "account_receivable_turnover_ratio": null,
            "reinvestment_rate": 119.84,
            "research_to_sale_ratio": null,
            "price_fair": 42.35,
            "eps_avg_yearly": 1.21,
            "eps_latest_yearly": 0.76,
            "eps_growth_yearly": 55.55
        },
        "20074": {
            "year_quarter": 20074,
            "year": 2007,
            "quarter": 4,
            "eps": 0.1,
            "eps_growth_year": 66.67,
            "eps_4q": 0.78,
            "eps_4q_growth_year": 98.35,
            "roe": 0.64,
            "roe_4q": 5.15,
            "gross_profit": 157179,
            "gross_margin": 41.07,
            "gross_margin_4q_avg": 42.68,
            "net_income": 10333,
            "revenue": 382733,
            "common_shares": 1057622,
            "book_valuer_per_share": 14.55,
            "book_valuer_per_share_4q_avg": 14.55,
            "equity": 1699892,
            "current_ratio": 136.62,
            "debt_ratio": 46.28,
            "inventory_turnover_ratio": 0.66,
            "account_receivable_turnover_ratio": null,
            "reinvestment_rate": 197.41,
            "research_to_sale_ratio": null,
            "price_fair": 40.86,
            "eps_avg_yearly": 1.17,
            "eps_latest_yearly": 0.4,
            "eps_growth_yearly": 48.25
        },
        "20081": {
            "year_quarter": 20081,
            "year": 2008,
            "quarter": 1,
            "eps": 0.16,
            "eps_growth_year": -36,
            "eps_4q": 0.69,
            "eps_4q_growth_year": 53.72,
            "roe": 0.96,
            "roe_4q": 4.470000000000001,
            "gross_profit": 183648,
            "gross_margin": 37.98,
            "gross_margin_4q_avg": 41.57,
            "net_income": 16476,
            "revenue": 483501,
            "common_shares": 1057622,
            "book_valuer_per_share": 14.73,
            "book_valuer_per_share_4q_avg": 14.59,
            "equity": 1719356,
            "current_ratio": 106.76,
            "debt_ratio": 48.06,
            "inventory_turnover_ratio": 0.81,
            "account_receivable_turnover_ratio": null,
            "reinvestment_rate": 313.99,
            "research_to_sale_ratio": null,
            "price_fair": 39.38,
            "eps_avg_yearly": 1.13,
            "eps_latest_yearly": 0.64,
            "eps_growth_yearly": 57.7
        },
        "20082": {
            "year_quarter": 20082,
            "year": 2008,
            "quarter": 2,
            "eps": 0.15,
            "eps_growth_year": -34.78,
            "eps_4q": 0.81,
            "eps_4q_growth_year": 34.97,
            "roe": 0.69,
            "roe_4q": 3.6,
            "gross_profit": 171868,
            "gross_margin": 39.79,
            "gross_margin_4q_avg": 40.65,
            "net_income": 11682,
            "revenue": 431928,
            "common_shares": 1066242,
            "book_valuer_per_share": 14.27,
            "book_valuer_per_share_4q_avg": 14.56,
            "equity": 1682596,
            "current_ratio": 129.96,
            "debt_ratio": 54.17,
            "inventory_turnover_ratio": 0.7,
            "account_receivable_turnover_ratio": null,
            "reinvestment_rate": 333.72,
            "research_to_sale_ratio": null,
            "price_fair": 35.96,
            "eps_avg_yearly": 1.03,
            "eps_latest_yearly": 0.6,
            "eps_growth_yearly": 40.23
        },
        "20083": {
            "year_quarter": 20083,
            "year": 2008,
            "quarter": 3,
            "eps": 0.02,
            "eps_growth_year": -89.47,
            "eps_4q": 0.63,
            "eps_4q_growth_year": -13.46,
            "roe": -0.08,
            "roe_4q": 2.21,
            "gross_profit": 165270,
            "gross_margin": 37.49,
            "gross_margin_4q_avg": 39.08,
            "net_income": -1434,
            "revenue": 440891,
            "common_shares": 1068932,
            "book_valuer_per_share": 14.98,
            "book_valuer_per_share_4q_avg": 14.63,
            "equity": 1767188,
            "current_ratio": 131.57,
            "debt_ratio": 46.96,
            "inventory_turnover_ratio": 0.7,
            "account_receivable_turnover_ratio": null,
            "reinvestment_rate": 374.08,
            "research_to_sale_ratio": null,
            "price_fair": 33.16,
            "eps_avg_yearly": 0.95,
            "eps_latest_yearly": 0.08,
            "eps_growth_yearly": 27.82
        },
        "20084": {
            "year_quarter": 20084,
            "year": 2008,
            "quarter": 4,
            "eps": 0.11,
            "eps_growth_year": 10,
            "eps_4q": 1.11,
            "eps_4q_growth_year": 42.62,
            "roe": 0.26,
            "roe_4q": 1.8299999999999998,
            "gross_profit": 156136,
            "gross_margin": 34.38,
            "gross_margin_4q_avg": 37.41,
            "net_income": 4565,
            "revenue": 454107,
            "common_shares": 1069192,
            "book_valuer_per_share": 15.04,
            "book_valuer_per_share_4q_avg": 14.76,
            "equity": 1774789,
            "current_ratio": 120.72,
            "debt_ratio": 50.61,
            "inventory_turnover_ratio": 0.77,
            "account_receivable_turnover_ratio": 2.02,
            "reinvestment_rate": 288.63,
            "research_to_sale_ratio": null,
            "price_fair": 30.45,
            "eps_avg_yearly": 0.87,
            "eps_latest_yearly": 0.44,
            "eps_growth_yearly": 134.44
        },
        "20091": {
            "year_quarter": 20091,
            "year": 2009,
            "quarter": 1,
            "eps": 0.32,
            "eps_growth_year": 100,
            "eps_4q": 0.65,
            "eps_4q_growth_year": -5.77,
            "roe": 1.75,
            "roe_4q": 2.6199999999999997,
            "gross_profit": 173926,
            "gross_margin": 39.98,
            "gross_margin_4q_avg": 37.91,
            "net_income": 31473,
            "revenue": 435035,
            "common_shares": 1069192,
            "book_valuer_per_share": 15.51,
            "book_valuer_per_share_4q_avg": 14.95,
            "equity": 1827032,
            "current_ratio": 124.81,
            "debt_ratio": 49.07,
            "inventory_turnover_ratio": 0.66,
            "account_receivable_turnover_ratio": 0.97,
            "reinvestment_rate": 427.38,
            "research_to_sale_ratio": null,
            "price_fair": 29.31,
            "eps_avg_yearly": 0.84,
            "eps_latest_yearly": 1.28,
            "eps_growth_yearly": 180.38
        },
        "20092": {
            "year_quarter": 20092,
            "year": 2009,
            "quarter": 2,
            "eps": 0.36,
            "eps_growth_year": 140,
            "eps_4q": 0.9,
            "eps_4q_growth_year": 12.19,
            "roe": 1.87,
            "roe_4q": 3.8,
            "gross_profit": 180038,
            "gross_margin": 39.28,
            "gross_margin_4q_avg": 37.78,
            "net_income": 35007,
            "revenue": 458398,
            "common_shares": 1129895,
            "book_valuer_per_share": 15.64,
            "book_valuer_per_share_4q_avg": 15.29,
            "equity": 1924047,
            "current_ratio": 172.36,
            "debt_ratio": 45.93,
            "inventory_turnover_ratio": 0.71,
            "account_receivable_turnover_ratio": 1.03,
            "reinvestment_rate": 431.69,
            "research_to_sale_ratio": null,
            "price_fair": 27.56,
            "eps_avg_yearly": 0.79,
            "eps_latest_yearly": 1.44,
            "eps_growth_yearly": 177.39
        },
        "20093": {
            "year_quarter": 20093,
            "year": 2009,
            "quarter": 3,
            "eps": 0.24,
            "eps_growth_year": 1100,
            "eps_4q": 1.16,
            "eps_4q_growth_year": 85.11,
            "roe": 1.18,
            "roe_4q": 5.06,
            "gross_profit": 180185,
            "gross_margin": 41.2,
            "gross_margin_4q_avg": 38.71,
            "net_income": 23309,
            "revenue": 437385,
            "common_shares": 1144831,
            "book_valuer_per_share": 16.44,
            "book_valuer_per_share_4q_avg": 15.66,
            "equity": 2033041,
            "current_ratio": 179.48,
            "debt_ratio": 43.43,
            "inventory_turnover_ratio": 0.67,
            "account_receivable_turnover_ratio": 1.01,
            "reinvestment_rate": 437.42,
            "research_to_sale_ratio": null,
            "price_fair": 25.03,
            "eps_avg_yearly": 0.72,
            "eps_latest_yearly": 0.96,
            "eps_growth_yearly": 170.4
        },
        "20094": {
            "year_quarter": 20094,
            "year": 2009,
            "quarter": 4,
            "eps": 0.26,
            "eps_growth_year": 136.36,
            "eps_4q": 1.09,
            "eps_4q_growth_year": -1.86,
            "roe": 1.09,
            "roe_4q": 5.890000000000001,
            "gross_profit": 189745,
            "gross_margin": 39.31,
            "gross_margin_4q_avg": 39.94,
            "net_income": 22550,
            "revenue": 482650,
            "common_shares": 1182625,
            "book_valuer_per_share": 16.48,
            "book_valuer_per_share_4q_avg": 16.02,
            "equity": 2093452,
            "current_ratio": 176.38,
            "debt_ratio": 41.59,
            "inventory_turnover_ratio": 0.74,
            "account_receivable_turnover_ratio": 2.36,
            "reinvestment_rate": 334.32,
            "research_to_sale_ratio": null,
            "price_fair": 24.76,
            "eps_avg_yearly": 0.71,
            "eps_latest_yearly": 1.04,
            "eps_growth_yearly": 183.8
        },
        "20101": {
            "year_quarter": 20101,
            "year": 2010,
            "quarter": 1,
            "eps": 0.29,
            "eps_growth_year": -9.38,
            "eps_4q": 1.09,
            "eps_4q_growth_year": 67.56,
            "roe": 1.63,
            "roe_4q": 5.77,
            "gross_profit": 166559,
            "gross_margin": 39.56,
            "gross_margin_4q_avg": 39.84,
            "net_income": 34681,
            "revenue": 420997,
            "common_shares": 1209507,
            "book_valuer_per_share": 16.58,
            "book_valuer_per_share_4q_avg": 16.29,
            "equity": 2149036,
            "current_ratio": 198.65,
            "debt_ratio": 39.73,
            "inventory_turnover_ratio": 0.61,
            "account_receivable_turnover_ratio": 1.01,
            "reinvestment_rate": 461.38,
            "research_to_sale_ratio": 6.92,
            "price_fair": 25.2,
            "eps_avg_yearly": 0.72,
            "eps_latest_yearly": 1.16,
            "eps_growth_yearly": 191
        },
        "20102": {
            "year_quarter": 20102,
            "year": 2010,
            "quarter": 2,
            "eps": 0.32,
            "eps_growth_year": -12.28,
            "eps_4q": 1.05,
            "eps_4q_growth_year": 16.01,
            "roe": 1.75,
            "roe_4q": 5.6499999999999995,
            "gross_profit": 185745,
            "gross_margin": 38.95,
            "gross_margin_4q_avg": 39.76,
            "net_income": 37528,
            "revenue": 476913,
            "common_shares": 1209887,
            "book_valuer_per_share": 16.42,
            "book_valuer_per_share_4q_avg": 16.48,
            "equity": 2135804,
            "current_ratio": 161.57,
            "debt_ratio": 42.12,
            "inventory_turnover_ratio": 0.69,
            "account_receivable_turnover_ratio": 1.11,
            "reinvestment_rate": 426.26,
            "research_to_sale_ratio": 8.32,
            "price_fair": 27.21,
            "eps_avg_yearly": 0.78,
            "eps_latest_yearly": 1.28,
            "eps_growth_yearly": 209.21
        },
        "20103": {
            "year_quarter": 20103,
            "year": 2010,
            "quarter": 3,
            "eps": 0.1,
            "eps_growth_year": -56.71,
            "eps_4q": 0.92,
            "eps_4q_growth_year": -20.45,
            "roe": 0.46,
            "roe_4q": 4.93,
            "gross_profit": 158015,
            "gross_margin": 35.89,
            "gross_margin_4q_avg": 38.43,
            "net_income": 9844,
            "revenue": 440331,
            "common_shares": 1274720,
            "book_valuer_per_share": 15.96,
            "book_valuer_per_share_4q_avg": 16.36,
            "equity": 2173514,
            "current_ratio": 165.67,
            "debt_ratio": 40.7,
            "inventory_turnover_ratio": 0.68,
            "account_receivable_turnover_ratio": 1.02,
            "reinvestment_rate": 409.64,
            "research_to_sale_ratio": 8.83,
            "price_fair": 27.65,
            "eps_avg_yearly": 0.79,
            "eps_latest_yearly": 0.4,
            "eps_growth_yearly": 203.13
        },
        "20104": {
            "year_quarter": 20104,
            "year": 2010,
            "quarter": 4,
            "eps": 0.18,
            "eps_growth_year": -31.31,
            "eps_4q": 0.87,
            "eps_4q_growth_year": -20.48,
            "roe": 0.94,
            "roe_4q": 4.779999999999999,
            "gross_profit": 183848,
            "gross_margin": 37.95,
            "gross_margin_4q_avg": 38.09,
            "net_income": 20345,
            "revenue": 484407,
            "common_shares": 1276512,
            "book_valuer_per_share": 15.87,
            "book_valuer_per_share_4q_avg": 16.21,
            "equity": 2160760,
            "current_ratio": 206.85,
            "debt_ratio": 41.81,
            "inventory_turnover_ratio": 0.72,
            "account_receivable_turnover_ratio": 1.19,
            "reinvestment_rate": 354.3,
            "research_to_sale_ratio": 9.13,
            "price_fair": 28.7,
            "eps_avg_yearly": 0.82,
            "eps_latest_yearly": 0.72,
            "eps_growth_yearly": 218.13
        },
        "20111": {
            "year_quarter": 20111,
            "year": 2011,
            "quarter": 1,
            "eps": 0.18,
            "eps_growth_year": -37.93,
            "eps_4q": 0.77,
            "eps_4q_growth_year": -29.07,
            "roe": 0.98,
            "roe_4q": 4.13,
            "gross_profit": 180190,
            "gross_margin": 38.28,
            "gross_margin_4q_avg": 37.77,
            "net_income": 21465,
            "revenue": 470750,
            "common_shares": 1277682,
            "book_valuer_per_share": 16.1,
            "book_valuer_per_share_4q_avg": 16.09,
            "equity": 2203192,
            "current_ratio": 226.5,
            "debt_ratio": 41.5,
            "inventory_turnover_ratio": 0.72,
            "account_receivable_turnover_ratio": 1.12,
            "reinvestment_rate": 330.4,
            "research_to_sale_ratio": 9.18,
            "price_fair": 28.09,
            "eps_avg_yearly": 0.8,
            "eps_latest_yearly": 0.72,
            "eps_growth_yearly": 138.97
        },
        "20112": {
            "year_quarter": 20112,
            "year": 2011,
            "quarter": 2,
            "eps": 0.16,
            "eps_growth_year": -49.64,
            "eps_4q": 0.62,
            "eps_4q_growth_year": -40.77,
            "roe": 0.89,
            "roe_4q": 3.27,
            "gross_profit": 172592,
            "gross_margin": 38.25,
            "gross_margin_4q_avg": 37.59,
            "net_income": 19322,
            "revenue": 451178,
            "common_shares": 1279032,
            "book_valuer_per_share": 15.56,
            "book_valuer_per_share_4q_avg": 15.87,
            "equity": 2131507,
            "current_ratio": 189.9,
            "debt_ratio": 42.31,
            "inventory_turnover_ratio": 0.7,
            "account_receivable_turnover_ratio": 1.06,
            "reinvestment_rate": 349.98,
            "research_to_sale_ratio": 10.02,
            "price_fair": 27.48,
            "eps_avg_yearly": 0.79,
            "eps_latest_yearly": 0.64,
            "eps_growth_yearly": 138.19
        },
        "20113": {
            "year_quarter": 20113,
            "year": 2011,
            "quarter": 3,
            "eps": 0.11,
            "eps_growth_year": 1.36,
            "eps_4q": 0.62,
            "eps_4q_growth_year": -33.19,
            "roe": 0.47,
            "roe_4q": 3.28,
            "gross_profit": 169052,
            "gross_margin": 38.7,
            "gross_margin_4q_avg": 38.3,
            "net_income": 10157,
            "revenue": 436800,
            "common_shares": 1279032,
            "book_valuer_per_share": 15.88,
            "book_valuer_per_share_4q_avg": 15.85,
            "equity": 2193103,
            "current_ratio": 127.74,
            "debt_ratio": 40.47,
            "inventory_turnover_ratio": 0.64,
            "account_receivable_turnover_ratio": 1.16,
            "reinvestment_rate": 354.91,
            "research_to_sale_ratio": 11.07,
            "price_fair": 26.78,
            "eps_avg_yearly": 0.77,
            "eps_latest_yearly": 0.44,
            "eps_growth_yearly": 134.72
        },
        "20114": {
            "year_quarter": 20114,
            "year": 2011,
            "quarter": 4,
            "eps": 0.1,
            "eps_growth_year": -42.77,
            "eps_4q": 0.48,
            "eps_4q_growth_year": -44.3,
            "roe": 0.53,
            "roe_4q": 2.87,
            "gross_profit": 171969,
            "gross_margin": 35.71,
            "gross_margin_4q_avg": 37.74,
            "net_income": 12981,
            "revenue": 481538,
            "common_shares": 1488512,
            "book_valuer_per_share": 16.93,
            "book_valuer_per_share_4q_avg": 16.12,
            "equity": 2676469,
            "current_ratio": 171.46,
            "debt_ratio": 42.3,
            "inventory_turnover_ratio": 0.71,
            "account_receivable_turnover_ratio": 1.29,
            "reinvestment_rate": 381.64,
            "research_to_sale_ratio": 10.05,
            "price_fair": 26.78,
            "eps_avg_yearly": 0.77,
            "eps_latest_yearly": 0.4,
            "eps_growth_yearly": 144.29
        },
        "20121": {
            "year_quarter": 20121,
            "year": 2012,
            "quarter": 1,
            "eps": 0.15,
            "eps_growth_year": -16.67,
            "eps_4q": 0.48,
            "eps_4q_growth_year": -38.44,
            "roe": 0.76,
            "roe_4q": 2.65,
            "gross_profit": 172035,
            "gross_margin": 36.25,
            "gross_margin_4q_avg": 37.23,
            "net_income": 20250,
            "revenue": 474558,
            "common_shares": 1491742,
            "book_valuer_per_share": 17,
            "book_valuer_per_share_4q_avg": 16.34,
            "equity": 2684002,
            "current_ratio": 214.05,
            "debt_ratio": 35.47,
            "inventory_turnover_ratio": 0.69,
            "account_receivable_turnover_ratio": 1.15,
            "reinvestment_rate": 218.94,
            "research_to_sale_ratio": 7.95,
            "price_fair": 26.69,
            "eps_avg_yearly": 0.76,
            "eps_latest_yearly": 0.6,
            "eps_growth_yearly": 141.79
        },
        "20122": {
            "year_quarter": 20122,
            "year": 2012,
            "quarter": 2,
            "eps": 0.25,
            "eps_growth_year": 54.97,
            "eps_4q": 0.59,
            "eps_4q_growth_year": -5.65,
            "roe": 1.27,
            "roe_4q": 3.0300000000000002,
            "gross_profit": 201249,
            "gross_margin": 36.32,
            "gross_margin_4q_avg": 36.75,
            "net_income": 34109,
            "revenue": 554038,
            "common_shares": 1493252,
            "book_valuer_per_share": 16.9,
            "book_valuer_per_share_4q_avg": 16.68,
            "equity": 2678073,
            "current_ratio": 213.31,
            "debt_ratio": 37.58,
            "inventory_turnover_ratio": 0.82,
            "account_receivable_turnover_ratio": 1.26,
            "reinvestment_rate": 368.64,
            "research_to_sale_ratio": 7.68,
            "price_fair": 27.56,
            "eps_avg_yearly": 0.79,
            "eps_latest_yearly": 1,
            "eps_growth_yearly": 160.02
        },
        "20123": {
            "year_quarter": 20123,
            "year": 2012,
            "quarter": 3,
            "eps": 0.38,
            "eps_growth_year": 256.26,
            "eps_4q": 0.87,
            "eps_4q_growth_year": 40.95,
            "roe": 2.04,
            "roe_4q": 4.6000000000000005,
            "gross_profit": 208295,
            "gross_margin": 38.01,
            "gross_margin_4q_avg": 36.57,
            "net_income": 55317,
            "revenue": 548040,
            "common_shares": 1493252,
            "book_valuer_per_share": 17.3,
            "book_valuer_per_share_4q_avg": 17.03,
            "equity": 2752163,
            "current_ratio": 249.58,
            "debt_ratio": 38.83,
            "inventory_turnover_ratio": 0.79,
            "account_receivable_turnover_ratio": 1.26,
            "reinvestment_rate": 357.64,
            "research_to_sale_ratio": 7.39,
            "price_fair": 30.71,
            "eps_avg_yearly": 0.88,
            "eps_latest_yearly": 1.52,
            "eps_growth_yearly": 194.69
        },
        "20124": {
            "year_quarter": 20124,
            "year": 2012,
            "quarter": 4,
            "eps": 0.04,
            "eps_growth_year": -56.34,
            "eps_4q": 0.81,
            "eps_4q_growth_year": 67.93,
            "roe": -0.08,
            "roe_4q": 3.99,
            "gross_profit": 190431,
            "gross_margin": 37.34,
            "gross_margin_4q_avg": 36.98,
            "net_income": -2198,
            "revenue": 509991,
            "common_shares": 1493252,
            "book_valuer_per_share": 17.3,
            "book_valuer_per_share_4q_avg": 17.13,
            "equity": 2743869,
            "current_ratio": 225.39,
            "debt_ratio": 39.95,
            "inventory_turnover_ratio": 0.67,
            "account_receivable_turnover_ratio": 1.17,
            "reinvestment_rate": 340.49,
            "research_to_sale_ratio": 10.9,
            "price_fair": 30.1,
            "eps_avg_yearly": 0.86,
            "eps_latest_yearly": 0.16,
            "eps_growth_yearly": 59.82
        },
        "20131": {
            "year_quarter": 20131,
            "year": 2013,
            "quarter": 1,
            "eps": 0.81,
            "eps_growth_year": 440,
            "eps_4q": 1.47,
            "eps_4q_growth_year": 209.64,
            "roe": 5.15,
            "roe_4q": 8.38,
            "gross_profit": 169540,
            "gross_margin": 34.92,
            "gross_margin_4q_avg": 36.65,
            "net_income": 156732,
            "revenue": 485480,
            "common_shares": 1493252,
            "book_valuer_per_share": 19.12,
            "book_valuer_per_share_4q_avg": 17.66,
            "equity": 3337891,
            "current_ratio": 291.34,
            "debt_ratio": 35.52,
            "inventory_turnover_ratio": 0.57,
            "account_receivable_turnover_ratio": 1.16,
            "reinvestment_rate": 170.29,
            "research_to_sale_ratio": 8.64,
            "price_fair": 34.39,
            "eps_avg_yearly": 0.98,
            "eps_latest_yearly": 3.24,
            "eps_growth_yearly": 493.34
        },
        "20132": {
            "year_quarter": 20132,
            "year": 2013,
            "quarter": 2,
            "eps": 0.39,
            "eps_growth_year": 58.25,
            "eps_4q": 1.62,
            "eps_4q_growth_year": 176.24,
            "roe": 1.65,
            "roe_4q": 8.760000000000002,
            "gross_profit": 228470,
            "gross_margin": 36.64,
            "gross_margin_4q_avg": 36.73,
            "net_income": 54889,
            "revenue": 623621,
            "common_shares": 1493252,
            "book_valuer_per_share": 18.93,
            "book_valuer_per_share_4q_avg": 18.16,
            "equity": 3307882,
            "current_ratio": 242.03,
            "debt_ratio": 37.11,
            "inventory_turnover_ratio": 0.66,
            "account_receivable_turnover_ratio": 1.51,
            "reinvestment_rate": 203.94,
            "research_to_sale_ratio": 7.48,
            "price_fair": 34.65,
            "eps_avg_yearly": 0.99,
            "eps_latest_yearly": 1.56,
            "eps_growth_yearly": 477.26
        },
        "20133": {
            "year_quarter": 20133,
            "year": 2013,
            "quarter": 3,
            "eps": 0.6,
            "eps_growth_year": 59.92,
            "eps_4q": 1.84,
            "eps_4q_growth_year": 111.52,
            "roe": 2.78,
            "roe_4q": 9.5,
            "gross_profit": 297532,
            "gross_margin": 39.36,
            "gross_margin_4q_avg": 37.07,
            "net_income": 94125,
            "revenue": 755871,
            "common_shares": 1493252,
            "book_valuer_per_share": 19.81,
            "book_valuer_per_share_4q_avg": 18.79,
            "equity": 3455092,
            "current_ratio": 184.58,
            "debt_ratio": 36.55,
            "inventory_turnover_ratio": 0.78,
            "account_receivable_turnover_ratio": 1.82,
            "reinvestment_rate": 197.85,
            "research_to_sale_ratio": 7.3,
            "price_fair": 37.8,
            "eps_avg_yearly": 1.08,
            "eps_latest_yearly": 2.4,
            "eps_growth_yearly": 499.05
        },
        "20134": {
            "year_quarter": 20134,
            "year": 2013,
            "quarter": 4,
            "eps": 0.22,
            "eps_growth_year": 389.05,
            "eps_4q": 2.01,
            "eps_4q_growth_year": 147.88,
            "roe": 0.55,
            "roe_4q": 10.13,
            "gross_profit": 268740,
            "gross_margin": 37.69,
            "gross_margin_4q_avg": 37.15,
            "net_income": 18989,
            "revenue": 712935,
            "common_shares": 1493252,
            "book_valuer_per_share": 20.15,
            "book_valuer_per_share_4q_avg": 19.5,
            "equity": 3494040,
            "current_ratio": 183.19,
            "debt_ratio": 38.74,
            "inventory_turnover_ratio": 0.69,
            "account_receivable_turnover_ratio": 1.65,
            "reinvestment_rate": 183.14,
            "research_to_sale_ratio": 11.51,
            "price_fair": 37.45,
            "eps_avg_yearly": 1.07,
            "eps_latest_yearly": 0.88,
            "eps_growth_yearly": 481.13
        },
        "20141": {
            "year_quarter": 20141,
            "year": 2014,
            "quarter": 1,
            "eps": 0.41,
            "eps_growth_year": -49.38,
            "eps_4q": 1.62,
            "eps_4q_growth_year": 9.74,
            "roe": 1.52,
            "roe_4q": 6.5,
            "gross_profit": 268851,
            "gross_margin": 39.56,
            "gross_margin_4q_avg": 38.31,
            "net_income": 53806,
            "revenue": 679577,
            "common_shares": 1493252,
            "book_valuer_per_share": 20.7,
            "book_valuer_per_share_4q_avg": 19.9,
            "equity": 3593264,
            "current_ratio": 251.48,
            "debt_ratio": 37.27,
            "inventory_turnover_ratio": 0.56,
            "account_receivable_turnover_ratio": 1.46,
            "reinvestment_rate": 183.72,
            "research_to_sale_ratio": 9.81,
            "price_fair": 38.5,
            "eps_avg_yearly": 1.1,
            "eps_latest_yearly": 1.64,
            "eps_growth_yearly": 499.84
        },
        "20142": {
            "year_quarter": 20142,
            "year": 2014,
            "quarter": 2,
            "eps": 0.47,
            "eps_growth_year": 20.51,
            "eps_4q": 1.57,
            "eps_4q_growth_year": -3.2,
            "roe": 1.72,
            "roe_4q": 6.57,
            "gross_profit": 330939,
            "gross_margin": 43.44,
            "gross_margin_4q_avg": 40.01,
            "net_income": 61153,
            "revenue": 761802,
            "common_shares": 1493252,
            "book_valuer_per_share": 20.25,
            "book_valuer_per_share_4q_avg": 20.23,
            "equity": 3506118,
            "current_ratio": 253.85,
            "debt_ratio": 39.5,
            "inventory_turnover_ratio": 0.59,
            "account_receivable_turnover_ratio": 1.67,
            "reinvestment_rate": 157.13,
            "research_to_sale_ratio": 10.71,
            "price_fair": 39.81,
            "eps_avg_yearly": 1.14,
            "eps_latest_yearly": 1.88,
            "eps_growth_yearly": 500.91
        },
        "20143": {
            "year_quarter": 20143,
            "year": 2014,
            "quarter": 3,
            "eps": -0.14,
            "eps_growth_year": -123.33,
            "eps_4q": 0.88,
            "eps_4q_growth_year": -52.26,
            "roe": -1.7,
            "roe_4q": 2.09,
            "gross_profit": 173168,
            "gross_margin": 34.66,
            "gross_margin_4q_avg": 38.84,
            "net_income": -58964,
            "revenue": 499592,
            "common_shares": 1612712,
            "book_valuer_per_share": 18.59,
            "book_valuer_per_share_4q_avg": 19.92,
            "equity": 3431037,
            "current_ratio": 265.55,
            "debt_ratio": 38.85,
            "inventory_turnover_ratio": 0.42,
            "account_receivable_turnover_ratio": 1.21,
            "reinvestment_rate": 172.4,
            "research_to_sale_ratio": 15.99,
            "price_fair": 41.53,
            "eps_avg_yearly": 1.19,
            "eps_latest_yearly": 1.88,
            "eps_growth_yearly": 552.64
        },
        "20144": {
            "year_quarter": 20144,
            "year": 2014,
            "quarter": 4,
            "eps": 0.34,
            "eps_growth_year": 54.31,
            "eps_4q": 1.01,
            "eps_4q_growth_year": -49.69,
            "roe": 1.14,
            "roe_4q": 2.6799999999999997,
            "gross_profit": 310668,
            "gross_margin": 44.31,
            "gross_margin_4q_avg": 40.49,
            "net_income": 42964,
            "revenue": 701174,
            "common_shares": 1612712,
            "book_valuer_per_share": 20.49,
            "book_valuer_per_share_4q_avg": 20.01,
            "equity": 4078543,
            "current_ratio": 245.61,
            "debt_ratio": 36.9,
            "inventory_turnover_ratio": 0.47,
            "account_receivable_turnover_ratio": 1.66,
            "reinvestment_rate": 112.97,
            "research_to_sale_ratio": 17.42,
            "price_fair": 42.7,
            "eps_avg_yearly": 1.22,
            "eps_latest_yearly": 1.88,
            "eps_growth_yearly": 569.26
        },
        "20151": {
            "year_quarter": 20151,
            "year": 2015,
            "quarter": 1,
            "eps": -0.16,
            "eps_growth_year": -139.02,
            "eps_4q": 0.47,
            "eps_4q_growth_year": -70.78,
            "roe": -1.47,
            "roe_4q": -0.3100000000000003,
            "gross_profit": 153588,
            "gross_margin": 31.94,
            "gross_margin_4q_avg": 38.59,
            "net_income": -61041,
            "revenue": 480935,
            "common_shares": 1612712,
            "book_valuer_per_share": 20.82,
            "book_valuer_per_share_4q_avg": 20.04,
            "equity": 4210289,
            "current_ratio": 258.57,
            "debt_ratio": 34.5,
            "inventory_turnover_ratio": 0.39,
            "account_receivable_turnover_ratio": 1.1,
            "reinvestment_rate": 233.45,
            "research_to_sale_ratio": 17.32,
            "price_fair": 44.05,
            "eps_avg_yearly": 1.26,
            "eps_latest_yearly": 1.88,
            "eps_growth_yearly": 613.05
        },
        "20152": {
            "year_quarter": 20152,
            "year": 2015,
            "quarter": 2,
            "eps": -0.06,
            "eps_growth_year": -112.77,
            "eps_4q": -0.02,
            "eps_4q_growth_year": -101.44,
            "roe": -0.74,
            "roe_4q": -2.77,
            "gross_profit": 198312,
            "gross_margin": 35.77,
            "gross_margin_4q_avg": 36.67,
            "net_income": -30208,
            "revenue": 554403,
            "common_shares": 1612712,
            "book_valuer_per_share": 19.64,
            "book_valuer_per_share_4q_avg": 19.89,
            "equity": 3944210,
            "current_ratio": 236.31,
            "debt_ratio": 37.3,
            "inventory_turnover_ratio": 0.45,
            "account_receivable_turnover_ratio": 1.37,
            "reinvestment_rate": 211.21,
            "research_to_sale_ratio": 14.3,
            "price_fair": 45.85,
            "eps_avg_yearly": 1.31,
            "eps_latest_yearly": 1.88,
            "eps_growth_yearly": 667.84
        },
        "20153": {
            "year_quarter": 20153,
            "year": 2015,
            "quarter": 3,
            "eps": -0.1,
            "eps_growth_year": null,
            "eps_4q": 0.01,
            "eps_4q_growth_year": -98.94,
            "roe": -1.56,
            "roe_4q": -2.63,
            "gross_profit": 170584,
            "gross_margin": 33.96,
            "gross_margin_4q_avg": 36.5,
            "net_income": -61071,
            "revenue": 502361,
            "common_shares": 1612712,
            "book_valuer_per_share": 19.55,
            "book_valuer_per_share_4q_avg": 20.13,
            "equity": 3866559,
            "current_ratio": 245.12,
            "debt_ratio": 36.13,
            "inventory_turnover_ratio": 0.43,
            "account_receivable_turnover_ratio": 1.25,
            "reinvestment_rate": 230.47,
            "research_to_sale_ratio": 19.21,
            "price_fair": 48.62,
            "eps_avg_yearly": 1.39,
            "eps_latest_yearly": 1.88,
            "eps_growth_yearly": 739.91
        },
        "20154": {
            "year_quarter": 20154,
            "year": 2015,
            "quarter": 4,
            "eps": 0.41,
            "eps_growth_year": 22.92,
            "eps_4q": 0.09,
            "eps_4q_growth_year": -91.46,
            "roe": 1.76,
            "roe_4q": -2.01,
            "gross_profit": 263499,
            "gross_margin": 40.56,
            "gross_margin_4q_avg": 35.56,
            "net_income": 68791,
            "revenue": 649702,
            "common_shares": 1612712,
            "book_valuer_per_share": 19.96,
            "book_valuer_per_share_4q_avg": 19.99,
            "equity": 3960391,
            "current_ratio": 226.98,
            "debt_ratio": 37.99,
            "inventory_turnover_ratio": 0.52,
            "account_receivable_turnover_ratio": 1.43,
            "reinvestment_rate": 94.63,
            "research_to_sale_ratio": 12.98,
            "price_fair": 52.08,
            "eps_avg_yearly": 1.49,
            "eps_latest_yearly": 1.88,
            "eps_growth_yearly": 817.54
        },
        "20161": {
            "year_quarter": 20161,
            "year": 2016,
            "quarter": 1,
            "eps": -0.1,
            "eps_growth_year": null,
            "eps_4q": 0.15,
            "eps_4q_growth_year": -68.67,
            "roe": -1.07,
            "roe_4q": -1.61,
            "gross_profit": 183634,
            "gross_margin": 36.63,
            "gross_margin_4q_avg": 36.73,
            "net_income": -41845,
            "revenue": 501366,
            "common_shares": 1612712,
            "book_valuer_per_share": 19.75,
            "book_valuer_per_share_4q_avg": 19.73,
            "equity": 3879770,
            "current_ratio": 219.6,
            "debt_ratio": 37.53,
            "inventory_turnover_ratio": 0.45,
            "account_receivable_turnover_ratio": 1.06,
            "reinvestment_rate": 172.09,
            "research_to_sale_ratio": 17.08,
            "price_fair": 55.53,
            "eps_avg_yearly": 1.59,
            "eps_latest_yearly": 1.88,
            "eps_growth_yearly": 886.16
        },
        "20162": {
            "year_quarter": 20162,
            "year": 2016,
            "quarter": 2,
            "eps": -0.02,
            "eps_growth_year": null,
            "eps_4q": 0.19,
            "eps_4q_growth_year": null,
            "roe": -0.9,
            "roe_4q": -1.7700000000000002,
            "gross_profit": 190472,
            "gross_margin": 37.64,
            "gross_margin_4q_avg": 37.2,
            "net_income": -34402,
            "revenue": 506014,
            "common_shares": 1612712,
            "book_valuer_per_share": 19.37,
            "book_valuer_per_share_4q_avg": 19.66,
            "equity": 3768103,
            "current_ratio": 228.23,
            "debt_ratio": 39.89,
            "inventory_turnover_ratio": 0.45,
            "account_receivable_turnover_ratio": 1.12,
            "reinvestment_rate": 60.46,
            "research_to_sale_ratio": 20.29,
            "price_fair": 58.1,
            "eps_avg_yearly": 1.66,
            "eps_latest_yearly": 1.88,
            "eps_growth_yearly": 963.59
        },
        "20163": {
            "year_quarter": 20163,
            "year": 2016,
            "quarter": 3,
            "eps": -0.04,
            "eps_growth_year": null,
            "eps_4q": 0.25,
            "eps_4q_growth_year": 2564.39,
            "roe": -0.93,
            "roe_4q": -1.1400000000000003,
            "gross_profit": 191103,
            "gross_margin": 35.87,
            "gross_margin_4q_avg": 37.68,
            "net_income": -35308,
            "revenue": 532729,
            "common_shares": 1677221,
            "book_valuer_per_share": 18.34,
            "book_valuer_per_share_4q_avg": 19.36,
            "equity": 3796212,
            "current_ratio": 228.36,
            "debt_ratio": 40.61,
            "inventory_turnover_ratio": 0.51,
            "account_receivable_turnover_ratio": 1.2,
            "reinvestment_rate": 22.05,
            "research_to_sale_ratio": 17.81,
            "price_fair": 58.8,
            "eps_avg_yearly": 1.68,
            "eps_latest_yearly": 1.88,
            "eps_growth_yearly": 1071.53
        },
        "20164": {
            "year_quarter": 20164,
            "year": 2016,
            "quarter": 4,
            "eps": 0.25,
            "eps_growth_year": -40,
            "eps_4q": 0.1,
            "eps_4q_growth_year": 14.02,
            "roe": 1.25,
            "roe_4q": -1.6500000000000001,
            "gross_profit": 224704,
            "gross_margin": 37.87,
            "gross_margin_4q_avg": 37,
            "net_income": 47382,
            "revenue": 593402,
            "common_shares": 1677221,
            "book_valuer_per_share": 18.43,
            "book_valuer_per_share_4q_avg": 18.97,
            "equity": 3782057,
            "current_ratio": 253.1,
            "debt_ratio": 39.06,
            "inventory_turnover_ratio": 0.59,
            "account_receivable_turnover_ratio": 1.2,
            "reinvestment_rate": 6.89,
            "research_to_sale_ratio": 16.76,
            "price_fair": 67.67,
            "eps_avg_yearly": 1.93,
            "eps_latest_yearly": 1.88,
            "eps_growth_yearly": 1309.77
        },
        "20171": {
            "year_quarter": 20171,
            "year": 2017,
            "quarter": 1,
            "eps": -0.05,
            "eps_growth_year": null,
            "eps_4q": 0.14,
            "eps_4q_growth_year": -2.65,
            "roe": -1.16,
            "roe_4q": -1.74,
            "gross_profit": 183436,
            "gross_margin": 36.1,
            "gross_margin_4q_avg": 36.87,
            "net_income": -43214,
            "revenue": 508089,
            "common_shares": 1677221,
            "book_valuer_per_share": 18.15,
            "book_valuer_per_share_4q_avg": 18.57,
            "equity": 3688228,
            "current_ratio": 260.23,
            "debt_ratio": 38.33,
            "inventory_turnover_ratio": 0.54,
            "account_receivable_turnover_ratio": 1.01,
            "reinvestment_rate": 150.62,
            "research_to_sale_ratio": 17.54,
            "price_fair": 58.52,
            "eps_avg_yearly": 1.67,
            "eps_latest_yearly": 1.88,
            "eps_growth_yearly": 31.73
        },
        "20172": {
            "year_quarter": 20172,
            "year": 2017,
            "quarter": 2,
            "eps": 0.06,
            "eps_growth_year": null,
            "eps_4q": 0.21,
            "eps_4q_growth_year": 15.66,
            "roe": -0.59,
            "roe_4q": -1.4300000000000002,
            "gross_profit": 195941,
            "gross_margin": 37.39,
            "gross_margin_4q_avg": 36.81,
            "net_income": -21798,
            "revenue": 523988,
            "common_shares": 1677221,
            "book_valuer_per_share": 18.11,
            "book_valuer_per_share_4q_avg": 18.26,
            "equity": 3644943,
            "current_ratio": 262.98,
            "debt_ratio": 38.96,
            "inventory_turnover_ratio": 0.56,
            "account_receivable_turnover_ratio": 1.16,
            "reinvestment_rate": 100,
            "research_to_sale_ratio": 17.65,
            "price_fair": 59.5,
            "eps_avg_yearly": 1.7,
            "eps_latest_yearly": 1.88,
            "eps_growth_yearly": 91.51
        },
        "20173": {
            "year_quarter": 20173,
            "year": 2017,
            "quarter": 3,
            "eps": 0.08,
            "eps_growth_year": null,
            "eps_4q": 0.33,
            "eps_4q_growth_year": 34.82,
            "roe": -0.48,
            "roe_4q": -0.9799999999999995,
            "gross_profit": 207867,
            "gross_margin": 38.95,
            "gross_margin_4q_avg": 37.58,
            "net_income": -17455,
            "revenue": 533634,
            "common_shares": 1677221,
            "book_valuer_per_share": 18.3,
            "book_valuer_per_share_4q_avg": 18.25,
            "equity": 3656334,
            "current_ratio": 262.7,
            "debt_ratio": 39.05,
            "inventory_turnover_ratio": 0.56,
            "account_receivable_turnover_ratio": 1.2,
            "reinvestment_rate": 105.08,
            "research_to_sale_ratio": 16.63,
            "price_fair": 41.3,
            "eps_avg_yearly": 1.18,
            "eps_latest_yearly": 0.32,
            "eps_growth_yearly": 71
        },
        "20174": {
            "year_quarter": 20174,
            "year": 2017,
            "quarter": 4,
            "eps": 0.13,
            "eps_growth_year": -46.63,
            "eps_4q": 0.22,
            "eps_4q_growth_year": 121.98,
            "roe": -0.21,
            "roe_4q": -2.4399999999999995,
            "gross_profit": 223015,
            "gross_margin": 39.23,
            "gross_margin_4q_avg": 37.92,
            "net_income": -7699,
            "revenue": 568452,
            "common_shares": 1677221,
            "book_valuer_per_share": 18.33,
            "book_valuer_per_share_4q_avg": 18.22,
            "equity": 3626764,
            "current_ratio": 265.33,
            "debt_ratio": 39.98,
            "inventory_turnover_ratio": 0.62,
            "account_receivable_turnover_ratio": 1.18,
            "reinvestment_rate": 86.34,
            "research_to_sale_ratio": 16.39,
            "price_fair": 38.15,
            "eps_avg_yearly": 1.09,
            "eps_latest_yearly": 0.52,
            "eps_growth_yearly": 196.83
        },
        "20181": {
            "year_quarter": 20181,
            "year": 2018,
            "quarter": 1,
            "eps": 0.1,
            "eps_growth_year": null,
            "eps_4q": 0.37,
            "eps_4q_growth_year": 157.95,
            "roe": -0.23,
            "roe_4q": -1.5099999999999998,
            "gross_profit": 208166,
            "gross_margin": 37.16,
            "gross_margin_4q_avg": 38.18,
            "net_income": -8156,
            "revenue": 560126,
            "common_shares": 1677221,
            "book_valuer_per_share": 18.44,
            "book_valuer_per_share_4q_avg": 18.3,
            "equity": 3619739,
            "current_ratio": 244.58,
            "debt_ratio": 39.83,
            "inventory_turnover_ratio": 0.67,
            "account_receivable_turnover_ratio": 1.09,
            "reinvestment_rate": 3.45,
            "research_to_sale_ratio": 12.8,
            "price_fair": 27.3,
            "eps_avg_yearly": 0.78,
            "eps_latest_yearly": 0.4,
            "eps_growth_yearly": 87.39
        },
        "20182": {
            "year_quarter": 20182,
            "year": 2018,
            "quarter": 2,
            "eps": -0.01,
            "eps_growth_year": -116.67,
            "eps_4q": 0.31,
            "eps_4q_growth_year": 43.76,
            "roe": -0.93,
            "roe_4q": -1.85,
            "gross_profit": 190641,
            "gross_margin": 36.01,
            "gross_margin_4q_avg": 37.84,
            "net_income": -33256,
            "revenue": 529340,
            "common_shares": 1677221,
            "book_valuer_per_share": 18.11,
            "book_valuer_per_share_4q_avg": 18.3,
            "equity": 3519457,
            "current_ratio": 221.8,
            "debt_ratio": 41.67,
            "inventory_turnover_ratio": 0.63,
            "account_receivable_turnover_ratio": 1.04,
            "reinvestment_rate": -24.64,
            "research_to_sale_ratio": 16.76,
            "price_fair": 14.47,
            "eps_avg_yearly": 0.41,
            "eps_latest_yearly": 0.4,
            "eps_growth_yearly": 97.01
        },
        "20183": {
            "year_quarter": 20183,
            "year": 2018,
            "quarter": 3,
            "eps": -0.09,
            "eps_growth_year": -212.5,
            "eps_4q": 0.14,
            "eps_4q_growth_year": -58.52,
            "roe": -1.43,
            "roe_4q": -2.8,
            "gross_profit": 191284,
            "gross_margin": 36.23,
            "gross_margin_4q_avg": 37.16,
            "net_income": -50007,
            "revenue": 527901,
            "common_shares": 1677221,
            "book_valuer_per_share": 17.5,
            "book_valuer_per_share_4q_avg": 18.1,
            "equity": 3484269,
            "current_ratio": 236.15,
            "debt_ratio": 41.36,
            "inventory_turnover_ratio": 0.62,
            "account_receivable_turnover_ratio": 1.04,
            "reinvestment_rate": -98.17,
            "research_to_sale_ratio": 18.59,
            "price_fair": 14.47,
            "eps_avg_yearly": 0.41,
            "eps_latest_yearly": 0.4,
            "eps_growth_yearly": 97.01
        },
        "20184": {
            "year_quarter": 20184,
            "year": 2018,
            "quarter": 4,
            "eps": 0.05,
            "eps_growth_year": -65.25,
            "eps_4q": 0.05,
            "eps_4q_growth_year": -76.08,
            "roe": -0.91,
            "roe_4q": -3.5,
            "gross_profit": 235291,
            "gross_margin": 39.32,
            "gross_margin_4q_avg": 37.18,
            "net_income": -31586,
            "revenue": 598470,
            "common_shares": 1677221,
            "book_valuer_per_share": 17.45,
            "book_valuer_per_share_4q_avg": 17.88,
            "equity": 3422826,
            "current_ratio": 238.58,
            "debt_ratio": 41.77,
            "inventory_turnover_ratio": 0.7,
            "account_receivable_turnover_ratio": 1.12,
            "reinvestment_rate": -77.67,
            "research_to_sale_ratio": 19.69,
            "price_fair": 14.47,
            "eps_avg_yearly": 0.41,
            "eps_latest_yearly": 0.4,
            "eps_growth_yearly": 97.01
        },
        "20191": {
            "year_quarter": 20191,
            "year": 2019,
            "quarter": 1,
            "eps": 0.09,
            "eps_growth_year": -10,
            "eps_4q": 0.04,
            "eps_4q_growth_year": -89.85,
            "roe": -0.39,
            "roe_4q": -3.66,
            "gross_profit": 217920,
            "gross_margin": 38.04,
            "gross_margin_4q_avg": 37.4,
            "net_income": -13287,
            "revenue": 572873,
            "common_shares": 1677221,
            "book_valuer_per_share": 17.61,
            "book_valuer_per_share_4q_avg": 17.67,
            "equity": 3428427,
            "current_ratio": 225.11,
            "debt_ratio": 42,
            "inventory_turnover_ratio": 0.7,
            "account_receivable_turnover_ratio": 0.99,
            "reinvestment_rate": -246.75,
            "research_to_sale_ratio": 14.96,
            "price_fair": 14,
            "eps_avg_yearly": 0.4,
            "eps_latest_yearly": 0.36,
            "eps_growth_yearly": 152.76
        },
        "20192": {
            "year_quarter": 20192,
            "year": 2019,
            "quarter": 2,
            "eps": -0.15,
            "eps_growth_year": null,
            "eps_4q": -0.1,
            "eps_4q_growth_year": -133.42,
            "roe": -2.3,
            "roe_4q": -5.03,
            "gross_profit": 216420,
            "gross_margin": 37.8,
            "gross_margin_4q_avg": 37.85,
            "net_income": -77724,
            "revenue": 572514,
            "common_shares": 1677221,
            "book_valuer_per_share": 17.29,
            "book_valuer_per_share_4q_avg": 17.46,
            "equity": 3316196,
            "current_ratio": 178.85,
            "debt_ratio": 46.78,
            "inventory_turnover_ratio": 0.66,
            "account_receivable_turnover_ratio": 0.98,
            "reinvestment_rate": -179.59,
            "research_to_sale_ratio": 24.34,
            "price_fair": 14,
            "eps_avg_yearly": 0.4,
            "eps_latest_yearly": 0.36,
            "eps_growth_yearly": 152.76
        },
        "20193": {
            "year_quarter": 20193,
            "year": 2019,
            "quarter": 3,
            "eps": -0.06,
            "eps_growth_year": null,
            "eps_4q": -0.08,
            "eps_4q_growth_year": -156.16,
            "roe": -1.62,
            "roe_4q": -5.22,
            "gross_profit": 218390,
            "gross_margin": 37.81,
            "gross_margin_4q_avg": 38.24,
            "net_income": -52973,
            "revenue": 577663,
            "common_shares": 1677221,
            "book_valuer_per_share": 16.5,
            "book_valuer_per_share_4q_avg": 17.21,
            "equity": 3234589,
            "current_ratio": 171.84,
            "debt_ratio": 46.5,
            "inventory_turnover_ratio": 0.65,
            "account_receivable_turnover_ratio": 1.03,
            "reinvestment_rate": -242.85,
            "research_to_sale_ratio": 26.41,
            "price_fair": 14,
            "eps_avg_yearly": 0.4,
            "eps_latest_yearly": 0.36,
            "eps_growth_yearly": 152.76
        },
        "20194": {
            "year_quarter": 20194,
            "year": 2019,
            "quarter": 4,
            "eps": 0.21,
            "eps_growth_year": 350.07,
            "eps_4q": 0.08,
            "eps_4q_growth_year": 58.92,
            "roe": -0.12,
            "roe_4q": -4.43,
            "gross_profit": 288115,
            "gross_margin": 42.9,
            "gross_margin_4q_avg": 39.14,
            "net_income": -3938,
            "revenue": 671539,
            "common_shares": 1677221,
            "book_valuer_per_share": 16.59,
            "book_valuer_per_share_4q_avg": 17,
            "equity": 3202811,
            "current_ratio": 195.71,
            "debt_ratio": 45.87,
            "inventory_turnover_ratio": 0.69,
            "account_receivable_turnover_ratio": 1.15,
            "reinvestment_rate": -425.08,
            "research_to_sale_ratio": 22.38,
            "price_fair": 14,
            "eps_avg_yearly": 0.4,
            "eps_latest_yearly": 0.36,
            "eps_growth_yearly": 152.76
        },
        "20201": {
            "year_quarter": 20201,
            "year": 2020,
            "quarter": 1,
            "eps": 0.16,
            "eps_growth_year": 77.78,
            "eps_4q": 0.16,
            "eps_4q_growth_year": 318.09,
            "roe": -0.2,
            "roe_4q": -4.24,
            "gross_profit": 247240,
            "gross_margin": 39.53,
            "gross_margin_4q_avg": 39.51,
            "net_income": -6325,
            "revenue": 625392,
            "common_shares": 1677221,
            "book_valuer_per_share": 16.71,
            "book_valuer_per_share_4q_avg": 16.77,
            "equity": 3184796,
            "current_ratio": 171.72,
            "debt_ratio": 48.54,
            "inventory_turnover_ratio": 0.66,
            "account_receivable_turnover_ratio": 1.04,
            "reinvestment_rate": -268.87,
            "research_to_sale_ratio": 16.77,
            "price_fair": 15.68,
            "eps_avg_yearly": 0.45,
            "eps_latest_yearly": 0.64,
            "eps_growth_yearly": 103.16
        },
        "20202": {
            "year_quarter": 20202,
            "year": 2020,
            "quarter": 2,
            "eps": 0.05,
            "eps_growth_year": null,
            "eps_4q": 0.36,
            "eps_4q_growth_year": null,
            "roe": -0.98,
            "roe_4q": -2.92,
            "gross_profit": 227004,
            "gross_margin": 38.93,
            "gross_margin_4q_avg": 39.79,
            "net_income": -30775,
            "revenue": 583059,
            "common_shares": 1677221,
            "book_valuer_per_share": 15.91,
            "book_valuer_per_share_4q_avg": 16.43,
            "equity": 3119993,
            "current_ratio": 167.74,
            "debt_ratio": 50.19,
            "inventory_turnover_ratio": 0.57,
            "account_receivable_turnover_ratio": 1.02,
            "reinvestment_rate": -248.27,
            "research_to_sale_ratio": 20.97,
            "price_fair": 14.23,
            "eps_avg_yearly": 0.41,
            "eps_latest_yearly": 0.2,
            "eps_growth_yearly": 40.13
        },
        "20203": {
            "year_quarter": 20203,
            "year": 2020,
            "quarter": 3,
            "eps": -0.06,
            "eps_growth_year": null,
            "eps_4q": 0.36,
            "eps_4q_growth_year": null,
            "roe": -1.48,
            "roe_4q": -2.7800000000000002,
            "gross_profit": 229021,
            "gross_margin": 35.81,
            "gross_margin_4q_avg": 39.29,
            "net_income": -46236,
            "revenue": 639511,
            "common_shares": 1677221,
            "book_valuer_per_share": 16.09,
            "book_valuer_per_share_4q_avg": 16.33,
            "equity": 3117349,
            "current_ratio": 187.73,
            "debt_ratio": 49.24,
            "inventory_turnover_ratio": 0.61,
            "account_receivable_turnover_ratio": 1.19,
            "reinvestment_rate": -248.89,
            "research_to_sale_ratio": 18.28,
            "price_fair": 14.23,
            "eps_avg_yearly": 0.41,
            "eps_latest_yearly": 0.2,
            "eps_growth_yearly": 40.13
        },
        "20204": {
            "year_quarter": 20204,
            "year": 2020,
            "quarter": 4,
            "eps": -0.32,
            "eps_growth_year": -255.48,
            "eps_4q": -0.17,
            "eps_4q_growth_year": -304.21,
            "roe": -2.85,
            "roe_4q": -5.510000000000001,
            "gross_profit": 172268,
            "gross_margin": 31.87,
            "gross_margin_4q_avg": 36.54,
            "net_income": -89223,
            "revenue": 540490,
            "common_shares": 1677221,
            "book_valuer_per_share": 16.36,
            "book_valuer_per_share_4q_avg": 16.27,
            "equity": 3143823,
            "current_ratio": 190.96,
            "debt_ratio": 48.69,
            "inventory_turnover_ratio": 0.54,
            "account_receivable_turnover_ratio": 1.1,
            "reinvestment_rate": -586.29,
            "research_to_sale_ratio": 21.89,
            "price_fair": 14.23,
            "eps_avg_yearly": 0.41,
            "eps_latest_yearly": 0.2,
            "eps_growth_yearly": 40.13
        },
        "20211": {
            "year_quarter": 20211,
            "year": 2021,
            "quarter": 1,
            "eps": 0.03,
            "eps_growth_year": -81.25,
            "eps_4q": -0.3,
            "eps_4q_growth_year": -290.04,
            "roe": -0.65,
            "roe_4q": -5.960000000000001,
            "gross_profit": 206598,
            "gross_margin": 33.49,
            "gross_margin_4q_avg": 35.03,
            "net_income": -20353,
            "revenue": 616844,
            "common_shares": 1677221,
            "book_valuer_per_share": 15.88,
            "book_valuer_per_share_4q_avg": 16.06,
            "equity": 3149108,
            "current_ratio": 173.25,
            "debt_ratio": 51,
            "inventory_turnover_ratio": 0.6,
            "account_receivable_turnover_ratio": 1.28,
            "reinvestment_rate": -387.88,
            "research_to_sale_ratio": 14.57,
            "price_fair": 14.23,
            "eps_avg_yearly": 0.41,
            "eps_latest_yearly": 0.2,
            "eps_growth_yearly": 40.13
        },
        "20212": {
            "year_quarter": 20212,
            "year": 2021,
            "quarter": 2,
            "eps": 0.03,
            "eps_growth_year": -40,
            "eps_4q": -0.32,
            "eps_4q_growth_year": -189.29,
            "roe": -0.7,
            "roe_4q": -5.68,
            "gross_profit": 229282,
            "gross_margin": 37.69,
            "gross_margin_4q_avg": 34.72,
            "net_income": -22389,
            "revenue": 608390,
            "common_shares": 1677221,
            "book_valuer_per_share": 16.44,
            "book_valuer_per_share_4q_avg": 16.19,
            "equity": 3227713,
            "current_ratio": 189.76,
            "debt_ratio": 48.95,
            "inventory_turnover_ratio": 0.54,
            "account_receivable_turnover_ratio": 1.19,
            "reinvestment_rate": -515.81,
            "research_to_sale_ratio": 15.56,
            "price_fair": 12.8,
            "eps_avg_yearly": 0.37,
            "eps_latest_yearly": 0.12,
            "eps_growth_yearly": 34.4
        },
        "20213": {
            "year_quarter": 20213,
            "year": 2021,
            "quarter": 3,
            "eps": -0.2,
            "eps_growth_year": null,
            "eps_4q": -0.46,
            "eps_4q_growth_year": -227.92,
            "roe": -3.75,
            "roe_4q": -7.950000000000001,
            "gross_profit": 213267,
            "gross_margin": 37.62,
            "gross_margin_4q_avg": 35.17,
            "net_income": -119103,
            "revenue": 566942,
            "common_shares": 1677221,
            "book_valuer_per_share": 16.29,
            "book_valuer_per_share_4q_avg": 16.24,
            "equity": 3121633,
            "current_ratio": 180.31,
            "debt_ratio": 49.65,
            "inventory_turnover_ratio": 0.49,
            "account_receivable_turnover_ratio": 1.11,
            "reinvestment_rate": null,
            "research_to_sale_ratio": 41.24,
            "price_fair": 10.42,
            "eps_avg_yearly": 0.37,
            "eps_latest_yearly": 0.12,
            "eps_growth_yearly": 17.91
        },
        "20214": {
            "year_quarter": 20214,
            "year": 2021,
            "quarter": 4,
            "eps": -0.09,
            "eps_growth_year": null,
            "eps_4q": -0.23,
            "eps_4q_growth_year": null,
            "roe": -1.39,
            "roe_4q": -6.49,
            "gross_profit": 239560,
            "gross_margin": 37.35,
            "gross_margin_4q_avg": 36.54,
            "net_income": -43114,
            "revenue": 641340,
            "common_shares": 1677221,
            "book_valuer_per_share": 16.23,
            "book_valuer_per_share_4q_avg": 16.21,
            "equity": 3077183,
            "current_ratio": 176.17,
            "debt_ratio": 50.54,
            "inventory_turnover_ratio": 0.56,
            "account_receivable_turnover_ratio": 1.17,
            "reinvestment_rate": null,
            "research_to_sale_ratio": 14.57,
            "price_fair": 1.03,
            "eps_avg_yearly": 0.34,
            "eps_latest_yearly": 0.12,
            "eps_growth_yearly": -28.51
        },
        "20221": {
            "year_quarter": 20221,
            "year": 2022,
            "quarter": 1,
            "eps": 0.35,
            "eps_growth_year": 1066.67,
            "eps_4q": 0.09,
            "eps_4q_growth_year": null,
            "roe": 1.44,
            "roe_4q": -4.4,
            "gross_profit": 259978,
            "gross_margin": 38.87,
            "gross_margin_4q_avg": 37.88,
            "net_income": 44828,
            "revenue": 668813,
            "common_shares": 1677221,
            "book_valuer_per_share": 16.75,
            "book_valuer_per_share_4q_avg": 16.43,
            "equity": 3159173,
            "current_ratio": 196.31,
            "debt_ratio": 50.3,
            "inventory_turnover_ratio": 0.59,
            "account_receivable_turnover_ratio": 1.11,
            "reinvestment_rate": null,
            "research_to_sale_ratio": 8.59,
            "price_fair": 0.99,
            "eps_avg_yearly": 0.33,
            "eps_latest_yearly": 0.12,
            "eps_growth_yearly": -12.56
        },
        "20222": {
            "year_quarter": 20222,
            "year": 2022,
            "quarter": 2,
            "eps": 0.52,
            "eps_growth_year": 1633.33,
            "eps_4q": 0.58,
            "eps_4q_growth_year": null,
            "roe": 2.58,
            "roe_4q": -1.12,
            "gross_profit": 287140,
            "gross_margin": 40.09,
            "gross_margin_4q_avg": 38.48,
            "net_income": 81948,
            "revenue": 716206,
            "common_shares": 1677221,
            "book_valuer_per_share": 16.97,
            "book_valuer_per_share_4q_avg": 16.56,
            "equity": 3185954,
            "current_ratio": 211.12,
            "debt_ratio": 48.8,
            "inventory_turnover_ratio": 0.6,
            "account_receivable_turnover_ratio": 1.2,
            "reinvestment_rate": -169.59,
            "research_to_sale_ratio": 7.7,
            "price_fair": 23.8,
            "eps_avg_yearly": 0.68,
            "eps_latest_yearly": 2.08,
            "eps_growth_yearly": 28.81
        },
        "20223": {
            "year_quarter": 20223,
            "year": 2022,
            "quarter": 3,
            "eps": 0.41,
            "eps_growth_year": null,
            "eps_4q": 1.18,
            "eps_4q_growth_year": null,
            "roe": 1.79,
            "roe_4q": 4.420000000000001,
            "gross_profit": 270166,
            "gross_margin": 38.1,
            "gross_margin_4q_avg": 38.6,
            "net_income": 57680,
            "revenue": 709125,
            "common_shares": 1677221,
            "book_valuer_per_share": 17.41,
            "book_valuer_per_share_4q_avg": 16.84,
            "equity": 3241028,
            "current_ratio": 217.8,
            "debt_ratio": 47.17,
            "inventory_turnover_ratio": 0.59,
            "account_receivable_turnover_ratio": 1.2,
            "reinvestment_rate": -64.8,
            "research_to_sale_ratio": 6.71,
            "price_fair": 16.72,
            "eps_avg_yearly": 0.84,
            "eps_latest_yearly": 1.64,
            "eps_growth_yearly": 9.91
        },
        "20224": {
            "year_quarter": 20224,
            "year": 2022,
            "quarter": 4,
            "eps": 0.07,
            "eps_growth_year": null,
            "eps_4q": 1.34,
            "eps_4q_growth_year": null,
            "roe": -0.63,
            "roe_4q": 5.18,
            "gross_profit": 274016,
            "gross_margin": 35.94,
            "gross_margin_4q_avg": 38.25,
            "net_income": -20282,
            "revenue": 762507,
            "common_shares": 1677221,
            "book_valuer_per_share": 17.47,
            "book_valuer_per_share_4q_avg": 17.15,
            "equity": 3216848,
            "current_ratio": 192.16,
            "debt_ratio": 47.99,
            "inventory_turnover_ratio": 0.66,
            "account_receivable_turnover_ratio": 1.19,
            "reinvestment_rate": -131.96,
            "research_to_sale_ratio": 14.69,
            "price_fair": 2.28,
            "eps_avg_yearly": 0.76,
            "eps_latest_yearly": 0.28,
            "eps_growth_yearly": -38.9
        },
        "20231": {
            "year_quarter": 20231,
            "year": 2023,
            "quarter": 1,
            "eps": 0.48,
            "eps_growth_year": 37.14,
            "eps_4q": 1.47,
            "eps_4q_growth_year": 1552.59,
            "roe": 2.17,
            "roe_4q": 5.91,
            "gross_profit": 287196,
            "gross_margin": 37.25,
            "gross_margin_4q_avg": 37.85,
            "net_income": 70470,
            "revenue": 771018,
            "common_shares": 1677221,
            "book_valuer_per_share": 17.96,
            "book_valuer_per_share_4q_avg": 17.45,
            "equity": 3290316,
            "current_ratio": 219.05,
            "debt_ratio": 44.88,
            "inventory_turnover_ratio": 0.63,
            "account_receivable_turnover_ratio": 1.13,
            "reinvestment_rate": -90.69,
            "research_to_sale_ratio": 5.85,
            "price_fair": 34.4,
            "eps_avg_yearly": 0.98,
            "eps_latest_yearly": 1.92,
            "eps_growth_yearly": 250.08
        }
    },
    "months": {
        "2002-08": {
            "month": "2002-08",
            "price": "18.00",
            "revenue": 71303
        },
        "2002-09": {
            "month": "2002-09",
            "price": "16.94",
            "revenue": 77231
        },
        "2002-10": {
            "month": "2002-10",
            "price": "16.21",
            "revenue": 62430
        },
        "2002-11": {
            "month": "2002-11",
            "price": "16.76",
            "revenue": 68262
        },
        "2002-12": {
            "month": "2002-12",
            "price": "17.29",
            "revenue": 86214
        },
        "2003-01": {
            "month": "2003-01",
            "price": "17.76",
            "revenue": 73010
        },
        "2003-02": {
            "month": "2003-02",
            "price": "17.22",
            "revenue": 67671
        },
        "2003-03": {
            "month": "2003-03",
            "price": "17.32",
            "revenue": 68026
        },
        "2003-04": {
            "month": "2003-04",
            "price": "17.28",
            "revenue": 78588
        },
        "2003-05": {
            "month": "2003-05",
            "price": "16.77",
            "revenue": 84757
        },
        "2003-06": {
            "month": "2003-06",
            "price": "17.16",
            "revenue": 78936
        },
        "2003-07": {
            "month": "2003-07",
            "price": "17.03",
            "revenue": 79856
        },
        "2003-08": {
            "month": "2003-08",
            "price": "16.77",
            "revenue": 73959
        },
        "2003-09": {
            "month": "2003-09",
            "price": "17.04",
            "revenue": 83083
        },
        "2003-10": {
            "month": "2003-10",
            "price": "17.08",
            "revenue": 78670
        },
        "2003-11": {
            "month": "2003-11",
            "price": "17.19",
            "revenue": 76881
        },
        "2003-12": {
            "month": "2003-12",
            "price": "17.49",
            "revenue": 97990
        },
        "2004-01": {
            "month": "2004-01",
            "price": "17.46",
            "revenue": 72182
        },
        "2004-02": {
            "month": "2004-02",
            "price": "18.46",
            "revenue": 77821
        },
        "2004-03": {
            "month": "2004-03",
            "price": "18.61",
            "revenue": 93717
        },
        "2004-04": {
            "month": "2004-04",
            "price": "17.62",
            "revenue": 90911
        },
        "2004-05": {
            "month": "2004-05",
            "price": "16.64",
            "revenue": 86558
        },
        "2004-06": {
            "month": "2004-06",
            "price": "16.35",
            "revenue": 93125
        },
        "2004-07": {
            "month": "2004-07",
            "price": "16.05",
            "revenue": 95268
        },
        "2004-08": {
            "month": "2004-08",
            "price": "15.96",
            "revenue": 100806
        },
        "2004-09": {
            "month": "2004-09",
            "price": "16.76",
            "revenue": 98344
        },
        "2004-10": {
            "month": "2004-10",
            "price": "16.85",
            "revenue": 100030
        },
        "2004-11": {
            "month": "2004-11",
            "price": "16.58",
            "revenue": 104971
        },
        "2004-12": {
            "month": "2004-12",
            "price": "17.30",
            "revenue": 117152
        },
        "2005-01": {
            "month": "2005-01",
            "price": "18.57",
            "revenue": 122902
        },
        "2005-02": {
            "month": "2005-02",
            "price": "20.20",
            "revenue": 84374
        },
        "2005-03": {
            "month": "2005-03",
            "price": "21.09",
            "revenue": 108648
        },
        "2005-04": {
            "month": "2005-04",
            "price": "20.64",
            "revenue": 102607
        },
        "2005-05": {
            "month": "2005-05",
            "price": "21.65",
            "revenue": 110004
        },
        "2005-06": {
            "month": "2005-06",
            "price": "21.50",
            "revenue": 109880
        },
        "2005-07": {
            "month": "2005-07",
            "price": "21.48",
            "revenue": 100776
        },
        "2005-08": {
            "month": "2005-08",
            "price": "21.04",
            "revenue": 103830
        },
        "2005-09": {
            "month": "2005-09",
            "price": "19.50",
            "revenue": 107231
        },
        "2005-10": {
            "month": "2005-10",
            "price": "21.10",
            "revenue": 108098
        },
        "2005-11": {
            "month": "2005-11",
            "price": "22.71",
            "revenue": 112247
        },
        "2005-12": {
            "month": "2005-12",
            "price": "20.95",
            "revenue": 131456
        },
        "2006-01": {
            "month": "2006-01",
            "price": "21.33",
            "revenue": 121184
        },
        "2006-02": {
            "month": "2006-02",
            "price": "21.04",
            "revenue": 90756
        },
        "2006-03": {
            "month": "2006-03",
            "price": "20.05",
            "revenue": 120866
        },
        "2006-04": {
            "month": "2006-04",
            "price": "19.66",
            "revenue": 105427
        },
        "2006-05": {
            "month": "2006-05",
            "price": "19.57",
            "revenue": 124717
        },
        "2006-06": {
            "month": "2006-06",
            "price": "17.93",
            "revenue": 115369
        },
        "2006-07": {
            "month": "2006-07",
            "price": "17.15",
            "revenue": 102216
        },
        "2006-08": {
            "month": "2006-08",
            "price": "16.59",
            "revenue": 124074
        },
        "2006-09": {
            "month": "2006-09",
            "price": "16.30",
            "revenue": 117976
        },
        "2006-10": {
            "month": "2006-10",
            "price": "17.01",
            "revenue": 113485
        },
        "2006-11": {
            "month": "2006-11",
            "price": "16.79",
            "revenue": 118347
        },
        "2006-12": {
            "month": "2006-12",
            "price": "17.02",
            "revenue": 137218
        },
        "2007-01": {
            "month": "2007-01",
            "price": "17.84",
            "revenue": 125051
        },
        "2007-02": {
            "month": "2007-02",
            "price": "17.57",
            "revenue": 91650
        },
        "2007-03": {
            "month": "2007-03",
            "price": "17.03",
            "revenue": 141591
        },
        "2007-04": {
            "month": "2007-04",
            "price": "18.07",
            "revenue": 129975
        },
        "2007-05": {
            "month": "2007-05",
            "price": "19.70",
            "revenue": 129798
        },
        "2007-06": {
            "month": "2007-06",
            "price": "20.36",
            "revenue": 113064
        },
        "2007-07": {
            "month": "2007-07",
            "price": "33.52",
            "revenue": 109795
        },
        "2007-08": {
            "month": "2007-08",
            "price": "36.64",
            "revenue": 112105
        },
        "2007-09": {
            "month": "2007-09",
            "price": "37.90",
            "revenue": 120928
        },
        "2007-10": {
            "month": "2007-10",
            "price": "36.92",
            "revenue": 119754
        },
        "2007-11": {
            "month": "2007-11",
            "price": "28.33",
            "revenue": 129402
        },
        "2007-12": {
            "month": "2007-12",
            "price": "26.42",
            "revenue": 133578
        },
        "2008-01": {
            "month": "2008-01",
            "price": "25.43",
            "revenue": 134996
        },
        "2008-02": {
            "month": "2008-02",
            "price": "27.23",
            "revenue": 103712
        },
        "2008-03": {
            "month": "2008-03",
            "price": "29.44",
            "revenue": 143939
        },
        "2008-04": {
            "month": "2008-04",
            "price": "31.83",
            "revenue": 107033
        },
        "2008-05": {
            "month": "2008-05",
            "price": "31.96",
            "revenue": 123202
        },
        "2008-06": {
            "month": "2008-06",
            "price": "26.99",
            "revenue": 123040
        },
        "2008-07": {
            "month": "2008-07",
            "price": "23.84",
            "revenue": 129417
        },
        "2008-08": {
            "month": "2008-08",
            "price": "26.29",
            "revenue": 113048
        },
        "2008-09": {
            "month": "2008-09",
            "price": "20.83",
            "revenue": 125607
        },
        "2008-10": {
            "month": "2008-10",
            "price": "19.01",
            "revenue": 130785
        },
        "2008-11": {
            "month": "2008-11",
            "price": "19.26",
            "revenue": 112892
        },
        "2008-12": {
            "month": "2008-12",
            "price": "19.28",
            "revenue": 144848
        },
        "2009-01": {
            "month": "2009-01",
            "price": "19.50",
            "revenue": 106035
        },
        "2009-02": {
            "month": "2009-02",
            "price": "18.89",
            "revenue": 120070
        },
        "2009-03": {
            "month": "2009-03",
            "price": "21.36",
            "revenue": 136528
        },
        "2009-04": {
            "month": "2009-04",
            "price": "30.28",
            "revenue": 133170
        },
        "2009-05": {
            "month": "2009-05",
            "price": "29.54",
            "revenue": 126481
        },
        "2009-06": {
            "month": "2009-06",
            "price": "26.87",
            "revenue": 131336
        },
        "2009-07": {
            "month": "2009-07",
            "price": "29.84",
            "revenue": 127193
        },
        "2009-08": {
            "month": "2009-08",
            "price": "29.58",
            "revenue": 116335
        },
        "2009-09": {
            "month": "2009-09",
            "price": "29.65",
            "revenue": 133519
        },
        "2009-10": {
            "month": "2009-10",
            "price": "29.59",
            "revenue": 133786
        },
        "2009-11": {
            "month": "2009-11",
            "price": "28.36",
            "revenue": 126657
        },
        "2009-12": {
            "month": "2009-12",
            "price": "30.86",
            "revenue": 143004
        },
        "2010-01": {
            "month": "2010-01",
            "price": "29.36",
            "revenue": 121176
        },
        "2010-02": {
            "month": "2010-02",
            "price": "26.22",
            "revenue": 103042
        },
        "2010-03": {
            "month": "2010-03",
            "price": "28.77",
            "revenue": 142213
        },
        "2010-04": {
            "month": "2010-04",
            "price": "31.64",
            "revenue": 133693
        },
        "2010-05": {
            "month": "2010-05",
            "price": "30.80",
            "revenue": 135371
        },
        "2010-06": {
            "month": "2010-06",
            "price": "31.12",
            "revenue": 141029
        },
        "2010-07": {
            "month": "2010-07",
            "price": "34.71",
            "revenue": 133668
        },
        "2010-08": {
            "month": "2010-08",
            "price": "38.20",
            "revenue": 123449
        },
        "2010-09": {
            "month": "2010-09",
            "price": "38.94",
            "revenue": 132301
        },
        "2010-10": {
            "month": "2010-10",
            "price": "39.80",
            "revenue": 140101
        },
        "2010-11": {
            "month": "2010-11",
            "price": "37.39",
            "revenue": 132599
        },
        "2010-12": {
            "month": "2010-12",
            "price": "36.90",
            "revenue": 137907
        },
        "2011-01": {
            "month": "2011-01",
            "price": "34.58",
            "revenue": 160818
        },
        "2011-02": {
            "month": "2011-02",
            "price": "33.47",
            "revenue": 98228
        },
        "2011-03": {
            "month": "2011-03",
            "price": "32.54",
            "revenue": 156954
        },
        "2011-04": {
            "month": "2011-04",
            "price": "33.15",
            "revenue": 130262
        },
        "2011-05": {
            "month": "2011-05",
            "price": "33.47",
            "revenue": 128363
        },
        "2011-06": {
            "month": "2011-06",
            "price": "29.40",
            "revenue": 119227
        },
        "2011-07": {
            "month": "2011-07",
            "price": "29.56",
            "revenue": 119059
        },
        "2011-08": {
            "month": "2011-08",
            "price": "28.30",
            "revenue": 132336
        },
        "2011-09": {
            "month": "2011-09",
            "price": "26.77",
            "revenue": 133733
        },
        "2011-10": {
            "month": "2011-10",
            "price": "25.42",
            "revenue": 133580
        },
        "2011-11": {
            "month": "2011-11",
            "price": "24.65",
            "revenue": 127194
        },
        "2011-12": {
            "month": "2011-12",
            "price": "21.91",
            "revenue": 142230
        },
        "2012-01": {
            "month": "2012-01",
            "price": "23.10",
            "revenue": 121116
        },
        "2012-02": {
            "month": "2012-02",
            "price": "26.75",
            "revenue": 123186
        },
        "2012-03": {
            "month": "2012-03",
            "price": "26.57",
            "revenue": 144025
        },
        "2012-04": {
            "month": "2012-04",
            "price": "23.75",
            "revenue": 150551
        },
        "2012-05": {
            "month": "2012-05",
            "price": "23.73",
            "revenue": 163445
        },
        "2012-06": {
            "month": "2012-06",
            "price": "23.25",
            "revenue": 165244
        },
        "2012-07": {
            "month": "2012-07",
            "price": "25.55",
            "revenue": 172702
        },
        "2012-08": {
            "month": "2012-08",
            "price": "26.27",
            "revenue": 156664
        },
        "2012-09": {
            "month": "2012-09",
            "price": "26.33",
            "revenue": 147183
        },
        "2012-10": {
            "month": "2012-10",
            "price": "30.50",
            "revenue": 141793
        },
        "2012-11": {
            "month": "2012-11",
            "price": "30.37",
            "revenue": 138449
        },
        "2012-12": {
            "month": "2012-12",
            "price": "31.97",
            "revenue": 149170
        },
        "2013-01": {
            "month": "2013-01",
            "price": "31.44",
            "revenue": 176638
        },
        "2013-02": {
            "month": "2013-02",
            "price": "34.70",
            "revenue": 131391
        },
        "2013-03": {
            "month": "2013-03",
            "price": "36.71",
            "revenue": 176292
        },
        "2013-04": {
            "month": "2013-04",
            "price": "38.20",
            "revenue": 214294
        },
        "2013-05": {
            "month": "2013-05",
            "price": "38.12",
            "revenue": 175010
        },
        "2013-06": {
            "month": "2013-06",
            "price": "36.82",
            "revenue": 236059
        },
        "2013-07": {
            "month": "2013-07",
            "price": "38.10",
            "revenue": 283440
        },
        "2013-08": {
            "month": "2013-08",
            "price": "46.45",
            "revenue": 285600
        },
        "2013-09": {
            "month": "2013-09",
            "price": "52.53",
            "revenue": 186650
        },
        "2013-10": {
            "month": "2013-10",
            "price": "52.32",
            "revenue": 213357
        },
        "2013-11": {
            "month": "2013-11",
            "price": "48.62",
            "revenue": 244693
        },
        "2013-12": {
            "month": "2013-12",
            "price": "48.74",
            "revenue": 247740
        },
        "2014-01": {
            "month": "2014-01",
            "price": "49.07",
            "revenue": 278632
        },
        "2014-02": {
            "month": "2014-02",
            "price": "51.08",
            "revenue": 192723
        },
        "2014-03": {
            "month": "2014-03",
            "price": "50.92",
            "revenue": 209910
        },
        "2014-04": {
            "month": "2014-04",
            "price": "49.83",
            "revenue": 229903
        },
        "2014-05": {
            "month": "2014-05",
            "price": "52.88",
            "revenue": 320504
        },
        "2014-06": {
            "month": "2014-06",
            "price": "54.51",
            "revenue": 210306
        },
        "2014-07": {
            "month": "2014-07",
            "price": "52.14",
            "revenue": 172095
        },
        "2014-08": {
            "month": "2014-08",
            "price": "45.61",
            "revenue": 146995
        },
        "2014-09": {
            "month": "2014-09",
            "price": "43.79",
            "revenue": 182945
        },
        "2014-10": {
            "month": "2014-10",
            "price": "44.63",
            "revenue": 221056
        },
        "2014-11": {
            "month": "2014-11",
            "price": "41.58",
            "revenue": 264584
        },
        "2014-12": {
            "month": "2014-12",
            "price": "42.18",
            "revenue": 218954
        },
        "2015-01": {
            "month": "2015-01",
            "price": "41.10",
            "revenue": 166480
        },
        "2015-02": {
            "month": "2015-02",
            "price": "40.37",
            "revenue": 132125
        },
        "2015-03": {
            "month": "2015-03",
            "price": "40.11",
            "revenue": 180970
        },
        "2015-04": {
            "month": "2015-04",
            "price": "39.07",
            "revenue": 171040
        },
        "2015-05": {
            "month": "2015-05",
            "price": "32.41",
            "revenue": 218621
        },
        "2015-06": {
            "month": "2015-06",
            "price": "28.88",
            "revenue": 165359
        },
        "2015-07": {
            "month": "2015-07",
            "price": "30.10",
            "revenue": 182604
        },
        "2015-08": {
            "month": "2015-08",
            "price": "25.05",
            "revenue": 161232
        },
        "2015-09": {
            "month": "2015-09",
            "price": "25.63",
            "revenue": 160363
        },
        "2015-10": {
            "month": "2015-10",
            "price": "28.21",
            "revenue": 216157
        },
        "2015-11": {
            "month": "2015-11",
            "price": "30.52",
            "revenue": 189863
        },
        "2015-12": {
            "month": "2015-12",
            "price": "29.48",
            "revenue": 242375
        },
        "2016-01": {
            "month": "2016-01",
            "price": "27.27",
            "revenue": 187800
        },
        "2016-02": {
            "month": "2016-02",
            "price": "28.18",
            "revenue": 109648
        },
        "2016-03": {
            "month": "2016-03",
            "price": "29.75",
            "revenue": 203694
        },
        "2016-04": {
            "month": "2016-04",
            "price": "28.61",
            "revenue": 150165
        },
        "2016-05": {
            "month": "2016-05",
            "price": "27.24",
            "revenue": 162258
        },
        "2016-06": {
            "month": "2016-06",
            "price": "27.15",
            "revenue": 193440
        },
        "2016-07": {
            "month": "2016-07",
            "price": "27.62",
            "revenue": 147060
        },
        "2016-08": {
            "month": "2016-08",
            "price": "27.11",
            "revenue": 208173
        },
        "2016-09": {
            "month": "2016-09",
            "price": "26.08",
            "revenue": 178367
        },
        "2016-10": {
            "month": "2016-10",
            "price": "25.86",
            "revenue": 167059
        },
        "2016-11": {
            "month": "2016-11",
            "price": "24.27",
            "revenue": 220417
        },
        "2016-12": {
            "month": "2016-12",
            "price": "24.24",
            "revenue": 203220
        },
        "2017-01": {
            "month": "2017-01",
            "price": "24.15",
            "revenue": 146388
        },
        "2017-02": {
            "month": "2017-02",
            "price": "24.63",
            "revenue": 144626
        },
        "2017-03": {
            "month": "2017-03",
            "price": "24.73",
            "revenue": 216455
        },
        "2017-04": {
            "month": "2017-04",
            "price": "23.49",
            "revenue": 145261
        },
        "2017-05": {
            "month": "2017-05",
            "price": "22.35",
            "revenue": 190742
        },
        "2017-06": {
            "month": "2017-06",
            "price": "22.27",
            "revenue": 189337
        },
        "2017-07": {
            "month": "2017-07",
            "price": "22.17",
            "revenue": 168247
        },
        "2017-08": {
            "month": "2017-08",
            "price": "21.36",
            "revenue": 179078
        },
        "2017-09": {
            "month": "2017-09",
            "price": "22.03",
            "revenue": 185674
        },
        "2017-10": {
            "month": "2017-10",
            "price": "22.00",
            "revenue": 174504
        },
        "2017-11": {
            "month": "2017-11",
            "price": "21.89",
            "revenue": 196136
        },
        "2017-12": {
            "month": "2017-12",
            "price": "21.50",
            "revenue": 197960
        },
        "2018-01": {
            "month": "2018-01",
            "price": "22.23",
            "revenue": 189039
        },
        "2018-02": {
            "month": "2018-02",
            "price": "21.53",
            "revenue": 135193
        },
        "2018-03": {
            "month": "2018-03",
            "price": "21.82",
            "revenue": 236191
        },
        "2018-04": {
            "month": "2018-04",
            "price": "23.43",
            "revenue": 150149
        },
        "2018-05": {
            "month": "2018-05",
            "price": "22.55",
            "revenue": 182298
        },
        "2018-06": {
            "month": "2018-06",
            "price": "22.26",
            "revenue": 195972
        },
        "2018-07": {
            "month": "2018-07",
            "price": "21.62",
            "revenue": 165414
        },
        "2018-08": {
            "month": "2018-08",
            "price": "20.86",
            "revenue": 187658
        },
        "2018-09": {
            "month": "2018-09",
            "price": "20.56",
            "revenue": 175660
        },
        "2018-10": {
            "month": "2018-10",
            "price": "19.39",
            "revenue": 201322
        },
        "2018-11": {
            "month": "2018-11",
            "price": "19.35",
            "revenue": 200776
        },
        "2018-12": {
            "month": "2018-12",
            "price": "19.71",
            "revenue": 192085
        },
        "2019-01": {
            "month": "2019-01",
            "price": "19.81",
            "revenue": 213815
        },
        "2019-02": {
            "month": "2019-02",
            "price": "20.11",
            "revenue": 128717
        },
        "2019-03": {
            "month": "2019-03",
            "price": "20.36",
            "revenue": 228404
        },
        "2019-04": {
            "month": "2019-04",
            "price": "20.17",
            "revenue": 167973
        },
        "2019-05": {
            "month": "2019-05",
            "price": "19.51",
            "revenue": 202196
        },
        "2019-06": {
            "month": "2019-06",
            "price": "19.39",
            "revenue": 204403
        },
        "2019-07": {
            "month": "2019-07",
            "price": "20.02",
            "revenue": 203090
        },
        "2019-08": {
            "month": "2019-08",
            "price": "19.43",
            "revenue": 184427
        },
        "2019-09": {
            "month": "2019-09",
            "price": "19.29",
            "revenue": 189657
        },
        "2019-10": {
            "month": "2019-10",
            "price": "19.24",
            "revenue": 190643
        },
        "2019-11": {
            "month": "2019-11",
            "price": "19.14",
            "revenue": 229946
        },
        "2019-12": {
            "month": "2019-12",
            "price": "19.20",
            "revenue": 250306
        },
        "2020-01": {
            "month": "2020-01",
            "price": "19.83",
            "revenue": 161834
        },
        "2020-02": {
            "month": "2020-02",
            "price": "22.06",
            "revenue": 214339
        },
        "2020-03": {
            "month": "2020-03",
            "price": "17.93",
            "revenue": 248999
        },
        "2020-04": {
            "month": "2020-04",
            "price": "18.39",
            "revenue": 197144
        },
        "2020-05": {
            "month": "2020-05",
            "price": "21.17",
            "revenue": 207854
        },
        "2020-06": {
            "month": "2020-06",
            "price": "26.98",
            "revenue": 177598
        },
        "2020-07": {
            "month": "2020-07",
            "price": "44.21",
            "revenue": 200095
        },
        "2020-08": {
            "month": "2020-08",
            "price": "47.09",
            "revenue": 204066
        },
        "2020-09": {
            "month": "2020-09",
            "price": "41.16",
            "revenue": 237151
        },
        "2020-10": {
            "month": "2020-10",
            "price": "35.22",
            "revenue": 180624
        },
        "2020-11": {
            "month": "2020-11",
            "price": "32.80",
            "revenue": 185698
        },
        "2020-12": {
            "month": "2020-12",
            "price": "30.26",
            "revenue": 174029
        },
        "2021-01": {
            "month": "2021-01",
            "price": "28.93",
            "revenue": 220867
        },
        "2021-02": {
            "month": "2021-02",
            "price": "29.26",
            "revenue": 187459
        },
        "2021-03": {
            "month": "2021-03",
            "price": "31.03",
            "revenue": 209831
        },
        "2021-04": {
            "month": "2021-04",
            "price": "31.21",
            "revenue": 202986
        },
        "2021-05": {
            "month": "2021-05",
            "price": "31.15",
            "revenue": 202915
        },
        "2021-06": {
            "month": "2021-06",
            "price": "30.28",
            "revenue": 200857
        },
        "2021-07": {
            "month": "2021-07",
            "price": "29.06",
            "revenue": 163286
        },
        "2021-08": {
            "month": "2021-08",
            "price": "38.15",
            "revenue": 192807
        },
        "2021-09": {
            "month": "2021-09",
            "price": "37.75",
            "revenue": 211669
        },
        "2021-10": {
            "month": "2021-10",
            "price": "35.58",
            "revenue": 197558
        },
        "2021-11": {
            "month": "2021-11",
            "price": "29.25",
            "revenue": 217091
        },
        "2021-12": {
            "month": "2021-12",
            "price": "28.80",
            "revenue": 226318
        },
        "2022-01": {
            "month": "2022-01",
            "price": "28.89",
            "revenue": 240274
        },
        "2022-02": {
            "month": "2022-02",
            "price": "29.14",
            "revenue": 166743
        },
        "2022-03": {
            "month": "2022-03",
            "price": "28.18",
            "revenue": 262316
        },
        "2022-04": {
            "month": "2022-04",
            "price": "29.82",
            "revenue": 217214
        },
        "2022-05": {
            "month": "2022-05",
            "price": "28.29",
            "revenue": 257980
        },
        "2022-06": {
            "month": "2022-06",
            "price": "28.73",
            "revenue": 239595
        },
        "2022-07": {
            "month": "2022-07",
            "price": "28.65",
            "revenue": 193219
        },
        "2022-08": {
            "month": "2022-08",
            "price": "30.39",
            "revenue": 240083
        },
        "2022-09": {
            "month": "2022-09",
            "price": "31.65",
            "revenue": 276864
        },
        "2022-10": {
            "month": "2022-10",
            "price": "28.21",
            "revenue": 254765
        },
        "2022-11": {
            "month": "2022-11",
            "price": "29.04",
            "revenue": 257236
        },
        "2022-12": {
            "month": "2022-12",
            "price": "33.16",
            "revenue": 250087
        },
        "2023-01": {
            "month": "2023-01",
            "price": "31.50",
            "revenue": 228663
        },
        "2023-02": {
            "month": "2023-02",
            "price": "31.87",
            "revenue": 212309
        },
        "2023-03": {
            "month": "2023-03",
            "price": "30.87",
            "revenue": 329968
        },
        "2023-04": {
            "month": "2023-04",
            "price": "31.69",
            "revenue": 239580
        },
        "2023-05": {
            "month": "2023-05",
            "price": "33.18",
            "revenue": 264870
        }
    }
}
