{
    "summary": {
        "stock_name": "日勝化",
        "stock_id": "1735",
        "category": "化工",
        "main_business": "PU樹脂",
        "website_url": "http://www.twemc.com",
        "ceo": "黃長澤",
        "pe_ratio": 22,
        "report_year_from": 2001,
        "report_year_to": 2023,
        "age": 23,
        "eps_negative_percentage": 4,
        "eps_growth_avg": {
            "last_all": -4.37,
            "last_2y": 37.84,
            "last_4y": 35.25,
            "last_8y": 11.58,
            "last_12y": 10.71,
            "last_16y": 4.72,
            "last_20y": -4.84,
            "at_2006_last_3y": -43.08,
            "at_2007_last_3y": -14.68,
            "at_2008_last_3y": -35.84,
            "at_2009_last_3y": -25,
            "at_2010_last_3y": -21.25,
            "at_2011_last_3y": -68.78,
            "at_2012_last_3y": -2.12,
            "at_2013_last_3y": -9.76,
            "at_2014_last_3y": 8.76,
            "at_2015_last_3y": 36.07,
            "at_2016_last_3y": 0.87,
            "at_2017_last_3y": 5.66,
            "at_2018_last_3y": -18.01,
            "at_2019_last_3y": -9.67,
            "at_2020_last_3y": -8.79,
            "at_2021_last_3y": -27.04,
            "at_2022_last_3y": 19.06,
            "at_2023_last_3y": 19.06,
            "at_2024_last_3y": 19.06,
            "at_2006_last_all": -33.47,
            "at_2007_last_all": -11.22,
            "at_2008_last_all": -23.9,
            "at_2009_last_all": -23.9,
            "at_2010_last_all": -28.89,
            "at_2011_last_all": -30.41,
            "at_2012_last_all": -17.37,
            "at_2013_last_all": -18.76,
            "at_2014_last_all": -16.34,
            "at_2015_last_all": -9.95,
            "at_2016_last_all": -12.16,
            "at_2017_last_all": -12.25,
            "at_2018_last_all": -16.76,
            "at_2019_last_all": -9.89,
            "at_2020_last_all": -11.41,
            "at_2021_last_all": -15.36,
            "at_2022_last_all": -9.59,
            "at_2023_last_all": -4.37,
            "at_2024_last_all": -4.37
        },
        "latest_eps": 0.76,
        "latest_price": 17,
        "latest_roe": 5.03,
        "latest_gross_margin": 20.81,
        "latest_equity": 1497654,
        "latest_revenue": 617486,
        "latest_gross_profit": 128502,
        "latest_net_income": 23584,
        "latest_debt_ratio": 54.58,
        "latest_current_ratio": 112.67,
        "latest_account_receivable_turnover_ratio": 1.02,
        "latest_inventory_turnover_ratio": 0.83,
        "latest_reinvestment_rate": 264.26,
        "latest_research_to_sale_ratio": 2.73
    },
    "eps_dividends": {
        "1999": {
            "cash": 0.5,
            "stock": 1.5,
            "eps": 0
        },
        "2000": {
            "cash": 1.25,
            "stock": 1.25,
            "eps": 0
        },
        "2001": {
            "cash": 1.88,
            "stock": 1.12,
            "eps": 2.8
        },
        "2002": {
            "cash": 0.6,
            "stock": 1.6,
            "eps": 2.94
        },
        "2003": {
            "cash": 1,
            "stock": 1.25,
            "eps": 2.54
        },
        "2004": {
            "cash": 1.4,
            "stock": 0.7,
            "eps": 2.15
        },
        "2005": {
            "cash": 0.6,
            "stock": 0.9,
            "eps": 0.68
        },
        "2006": {
            "cash": 0.7,
            "stock": 0,
            "eps": 0.17
        },
        "2007": {
            "cash": 0.3,
            "stock": 0,
            "eps": 1
        },
        "2008": {
            "cash": 0.4,
            "stock": 0.4,
            "eps": -0.38
        },
        "2009": {
            "cash": 0,
            "stock": 0,
            "eps": 1.49
        },
        "2010": {
            "cash": 1.1,
            "stock": 0,
            "eps": 0.54
        },
        "2011": {
            "cash": 0.78,
            "stock": 0,
            "eps": 0.31
        },
        "2012": {
            "cash": 0,
            "stock": 0,
            "eps": 1.01
        },
        "2013": {
            "cash": 0.6,
            "stock": 0,
            "eps": 0.68
        },
        "2014": {
            "cash": 0.5,
            "stock": 0,
            "eps": 0.75
        },
        "2015": {
            "cash": 0.6,
            "stock": 0,
            "eps": 1.25
        },
        "2016": {
            "cash": 1,
            "stock": 0,
            "eps": 0.74
        },
        "2017": {
            "cash": 0.5,
            "stock": 0,
            "eps": 0.64
        },
        "2018": {
            "cash": 0.5,
            "stock": 0,
            "eps": 0.1
        },
        "2019": {
            "cash": 0.15,
            "stock": 0,
            "eps": 1.18
        },
        "2020": {
            "cash": 0.65,
            "stock": 0,
            "eps": 0.74
        },
        "2021": {
            "cash": 0.5,
            "stock": 0,
            "eps": 0.1
        },
        "2022": {
            "cash": 0,
            "stock": 0,
            "eps": 0.36
        },
        "2023": {
            "cash": 0.5,
            "stock": 0,
            "eps": 0.76
        },
        "2024": {
            "cash": 0.5,
            "stock": 0,
            "eps": 0
        }
    },
    "dividends": {
        "1999-06-02": {
            "cash": 0.5,
            "stock": 1.5
        },
        "2000-05-24": {
            "cash": 1.25,
            "stock": 1.25
        },
        "2001-05-11": {
            "cash": 1.88,
            "stock": 1.12
        },
        "2002-04-16": {
            "cash": 0.6,
            "stock": 1.6
        },
        "2003-03-11": {
            "cash": 1,
            "stock": 1.25
        },
        "2004-03-16": {
            "cash": 1.4,
            "stock": 0.7
        },
        "2005-03-21": {
            "cash": 0.6,
            "stock": 0.9
        },
        "2006-03-20": {
            "cash": 0.7,
            "stock": 0
        },
        "2007-03-16": {
            "cash": 0.3,
            "stock": 0
        },
        "2008-03-21": {
            "cash": 0.4,
            "stock": 0.4
        },
        "2010-03-23": {
            "cash": 1.1,
            "stock": 0
        },
        "2011-01-01": {
            "cash": 0.28,
            "stock": 0
        },
        "2011-03-21": {
            "cash": 0.5,
            "stock": 0
        },
        "2013-03-18": {
            "cash": 0.6,
            "stock": 0
        },
        "2014-06-23": {
            "cash": 0.5,
            "stock": 0
        },
        "2015-08-21": {
            "cash": 0.6,
            "stock": 0
        },
        "2016-07-29": {
            "cash": 1,
            "stock": 0
        },
        "2017-07-28": {
            "cash": 0.5,
            "stock": 0
        },
        "2018-09-14": {
            "cash": 0.5,
            "stock": 0
        },
        "2019-08-09": {
            "cash": 0.15,
            "stock": 0
        },
        "2020-07-24": {
            "cash": 0.65,
            "stock": 0
        },
        "2021-08-31": {
            "cash": 0.5,
            "stock": 0
        },
        "2023-08-08": {
            "cash": 0.5,
            "stock": 0
        },
        "2024-03-12": {
            "cash": 0.5,
            "stock": 0
        }
    },
    "prices": {
        "200101": "無",
        "200102": "無",
        "200103": "無",
        "200104": "無",
        "200105": "無",
        "200106": "無",
        "200107": "無",
        "200108": "無",
        "200109": "無",
        "200110": "無",
        "200111": "無",
        "200112": "無",
        "200201": "無",
        "200202": "無",
        "200203": "無",
        "200204": "無",
        "200205": "無",
        "200206": "無",
        "200207": "無",
        "200208": "37.88",
        "200209": "34.72",
        "200210": "32.51",
        "200211": "33.52",
        "200212": "35.78",
        "200301": "35.84",
        "200302": "32.28",
        "200303": "30.19",
        "200304": "29.09",
        "200305": "25.55",
        "200306": "27.35",
        "200307": "28.36",
        "200308": "29.30",
        "200309": "24.16",
        "200310": "24.30",
        "200311": "24.96",
        "200312": "24.38",
        "200401": "24.64",
        "200402": "26.22",
        "200403": "25.66",
        "200404": "25.09",
        "200405": "21.85",
        "200406": "20.96",
        "200407": "20.69",
        "200408": "17.72",
        "200409": "18.42",
        "200410": "18.20",
        "200411": "17.73",
        "200412": "17.76",
        "200501": "18.35",
        "200502": "18.51",
        "200503": "18.36",
        "200504": "17.81",
        "200505": "17.62",
        "200506": "17.27",
        "200507": "16.72",
        "200508": "15.73",
        "200509": "14.34",
        "200510": "13.99",
        "200511": "13.76",
        "200512": "13.10",
        "200601": "12.70",
        "200602": "12.92",
        "200603": "13.29",
        "200604": "13.79",
        "200605": "14.21",
        "200606": "13.60",
        "200607": "13.14",
        "200608": "13.30",
        "200609": "13.01",
        "200610": "13.12",
        "200611": "13.20",
        "200612": "14.15",
        "200701": "16.38",
        "200702": "15.13",
        "200703": "14.73",
        "200704": "15.44",
        "200705": "14.72",
        "200706": "14.86",
        "200707": "16.39",
        "200708": "14.28",
        "200709": "14.38",
        "200710": "14.14",
        "200711": "13.55",
        "200712": "12.77",
        "200801": "11.82",
        "200802": "11.10",
        "200803": "11.85",
        "200804": "13.81",
        "200805": "15.39",
        "200806": "13.82",
        "200807": "11.93",
        "200808": "10.27",
        "200809": "7.61",
        "200810": "8.33",
        "200811": "8.36",
        "200812": "6.86",
        "200901": "6.38",
        "200902": "6.63",
        "200903": "7.63",
        "200904": "9.18",
        "200905": "9.59",
        "200906": "9.80",
        "200907": "10.12",
        "200908": "11.06",
        "200909": "13.24",
        "200910": "14.41",
        "200911": "15.47",
        "200912": "15.80",
        "201001": "17.56",
        "201002": "15.51",
        "201003": "16.37",
        "201004": "20.38",
        "201005": "17.89",
        "201006": "18.06",
        "201007": "17.50",
        "201008": "18.30",
        "201009": "16.66",
        "201010": "16.20",
        "201011": "14.22",
        "201012": "15.00",
        "201101": "15.06",
        "201102": "14.49",
        "201103": "13.99",
        "201104": "15.52",
        "201105": "14.46",
        "201106": "14.10",
        "201107": "12.73",
        "201108": "10.67",
        "201109": "9.94",
        "201110": "9.97",
        "201111": "9.84",
        "201112": "9.97",
        "201201": "11.65",
        "201202": "12.19",
        "201203": "11.70",
        "201204": "10.56",
        "201205": "10.43",
        "201206": "10.35",
        "201207": "10.36",
        "201208": "10.85",
        "201209": "11.14",
        "201210": "10.54",
        "201211": "10.71",
        "201212": "11.51",
        "201301": "12.89",
        "201302": "13.14",
        "201303": "12.63",
        "201304": "12.35",
        "201305": "12.52",
        "201306": "12.72",
        "201307": "11.91",
        "201308": "11.76",
        "201309": "12.18",
        "201310": "12.52",
        "201311": "12.28",
        "201312": "12.43",
        "201401": "12.69",
        "201402": "12.53",
        "201403": "12.65",
        "201404": "12.68",
        "201405": "12.56",
        "201406": "12.52",
        "201407": "12.45",
        "201408": "12.10",
        "201409": "11.95",
        "201410": "11.14",
        "201411": "10.72",
        "201412": "10.96",
        "201501": "11.54",
        "201502": "11.55",
        "201503": "11.87",
        "201504": "12.15",
        "201505": "12.05",
        "201506": "11.80",
        "201507": "11.47",
        "201508": "11.04",
        "201509": "11.27",
        "201510": "12.06",
        "201511": "11.90",
        "201512": "11.88",
        "201601": "11.75",
        "201602": "11.73",
        "201603": "13.19",
        "201604": "14.70",
        "201605": "13.52",
        "201606": "13.24",
        "201607": "12.65",
        "201608": "12.06",
        "201609": "12.13",
        "201610": "12.12",
        "201611": "12.01",
        "201612": "12.45",
        "201701": "12.46",
        "201702": "12.70",
        "201703": "13.15",
        "201704": "12.88",
        "201705": "12.69",
        "201706": "12.64",
        "201707": "12.47",
        "201708": "12.56",
        "201709": "13.38",
        "201710": "15.64",
        "201711": "18.85",
        "201712": "19.17",
        "201801": "16.91",
        "201802": "14.87",
        "201803": "14.96",
        "201804": "15.86",
        "201805": "16.36",
        "201806": "16.59",
        "201807": "16.96",
        "201808": "16.62",
        "201809": "15.83",
        "201810": "14.91",
        "201811": "14.59",
        "201812": "15.02",
        "201901": "15.29",
        "201902": "15.75",
        "201903": "15.55",
        "201904": "15.18",
        "201905": "15.43",
        "201906": "16.02",
        "201907": "16.10",
        "201908": "15.85",
        "201909": "15.97",
        "201910": "17.08",
        "201911": "17.65",
        "201912": "17.56",
        "202001": "17.54",
        "202002": "17.54",
        "202003": "16.45",
        "202004": "16.28",
        "202005": "16.73",
        "202006": "16.91",
        "202007": "16.98",
        "202008": "16.94",
        "202009": "16.61",
        "202010": "16.98",
        "202011": "17.07",
        "202012": "16.99",
        "202101": "16.80",
        "202102": "16.65",
        "202103": "16.51",
        "202104": "18.68",
        "202105": "17.89",
        "202106": "18.35",
        "202107": "18.18",
        "202108": "17.79",
        "202109": "17.87",
        "202110": "17.80",
        "202111": "17.96",
        "202112": "18.28",
        "202201": "18.27",
        "202202": "18.25",
        "202203": "18.07",
        "202204": "17.89",
        "202205": "17.25",
        "202206": "15.71",
        "202207": "14.08",
        "202208": "14.27",
        "202209": "14.88",
        "202210": "14.41",
        "202211": "14.54",
        "202212": "15.00",
        "202301": "15.08",
        "202302": "15.06",
        "202303": "15.18",
        "202304": "15.79",
        "202305": "16.61",
        "202306": "16.63",
        "202307": "16.77",
        "202308": "16.75",
        "202309": "16.85",
        "202310": "16.79",
        "202311": "16.81",
        "202312": "17.27"
    },
    "quarters": {
        "20011": {
            "year_quarter": 20011,
            "year": 2001,
            "quarter": 1,
            "eps": 0.58,
            "eps_growth_year": -12.12,
            "eps_4q": 3.56,
            "eps_4q_growth_year": 0.62,
            "roe": 3.77,
            "roe_4q": 3.77,
            "gross_profit": 38218,
            "gross_margin": 16.06,
            "gross_margin_4q_avg": 16.06,
            "net_income": 27096,
            "net_income_4q": null,
            "revenue": 237974,
            "revenue_4q": null,
            "common_shares": 465750,
            "book_valuer_per_share": 15.9,
            "book_valuer_per_share_4q_avg": 15.9,
            "equity": 740614,
            "current_ratio": 223.48,
            "debt_ratio": 25.26,
            "inventory_turnover_ratio": 1.4,
            "account_receivable_turnover_ratio": null,
            "reinvestment_rate": null,
            "research_to_sale_ratio": null,
            "price_fair": 0,
            "eps_avg_yearly": 0,
            "eps_latest_yearly": 0,
            "eps_growth_yearly": 0
        },
        "20012": {
            "year_quarter": 20012,
            "year": 2001,
            "quarter": 2,
            "eps": 0.64,
            "eps_growth_year": -18.99,
            "eps_4q": 3.42,
            "eps_4q_growth_year": 14.06,
            "roe": 4.22,
            "roe_4q": 7.99,
            "gross_profit": 47272,
            "gross_margin": 15.55,
            "gross_margin_4q_avg": 15.81,
            "net_income": 29811,
            "net_income_4q": null,
            "revenue": 304001,
            "revenue_4q": null,
            "common_shares": 465750,
            "book_valuer_per_share": 14.44,
            "book_valuer_per_share_4q_avg": 15.17,
            "equity": 672614,
            "current_ratio": 143.14,
            "debt_ratio": 36.11,
            "inventory_turnover_ratio": 1.82,
            "account_receivable_turnover_ratio": null,
            "reinvestment_rate": null,
            "research_to_sale_ratio": null,
            "price_fair": 0,
            "eps_avg_yearly": 0,
            "eps_latest_yearly": 0,
            "eps_growth_yearly": 0
        },
        "20013": {
            "year_quarter": 20013,
            "year": 2001,
            "quarter": 3,
            "eps": 0.88,
            "eps_growth_year": -47.93,
            "eps_4q": 2.44,
            "eps_4q_growth_year": -39.99,
            "roe": 6.56,
            "roe_4q": 14.549999999999999,
            "gross_profit": 54511,
            "gross_margin": 18.7,
            "gross_margin_4q_avg": 16.77,
            "net_income": 45631,
            "net_income_4q": null,
            "revenue": 291493,
            "revenue_4q": null,
            "common_shares": 518000,
            "book_valuer_per_share": 13.87,
            "book_valuer_per_share_4q_avg": 14.74,
            "equity": 718244,
            "current_ratio": 183.77,
            "debt_ratio": 30.43,
            "inventory_turnover_ratio": 1.71,
            "account_receivable_turnover_ratio": null,
            "reinvestment_rate": null,
            "research_to_sale_ratio": null,
            "price_fair": 0,
            "eps_avg_yearly": 0,
            "eps_latest_yearly": 0,
            "eps_growth_yearly": 0
        },
        "20014": {
            "year_quarter": 20014,
            "year": 2001,
            "quarter": 4,
            "eps": 0.7,
            "eps_growth_year": 37.25,
            "eps_4q": 2.69,
            "eps_4q_growth_year": -24.31,
            "roe": 4.89,
            "roe_4q": 19.439999999999998,
            "gross_profit": 58716,
            "gross_margin": 20.7,
            "gross_margin_4q_avg": 17.75,
            "net_income": 36034,
            "net_income_4q": null,
            "revenue": 283696,
            "revenue_4q": null,
            "common_shares": 518000,
            "book_valuer_per_share": 14.56,
            "book_valuer_per_share_4q_avg": 14.69,
            "equity": 755329,
            "current_ratio": 209.79,
            "debt_ratio": 31.04,
            "inventory_turnover_ratio": 1.67,
            "account_receivable_turnover_ratio": null,
            "reinvestment_rate": null,
            "research_to_sale_ratio": null,
            "price_fair": 0,
            "eps_avg_yearly": 0,
            "eps_latest_yearly": 0,
            "eps_growth_yearly": 0
        },
        "20021": {
            "year_quarter": 20021,
            "year": 2002,
            "quarter": 1,
            "eps": 0.85,
            "eps_growth_year": 46.55,
            "eps_4q": 3.03,
            "eps_4q_growth_year": -14.85,
            "roe": 5.6,
            "roe_4q": 21.269999999999996,
            "gross_profit": 64058,
            "gross_margin": 23.9,
            "gross_margin_4q_avg": 19.71,
            "net_income": 43460,
            "net_income_4q": null,
            "revenue": 268013,
            "revenue_4q": null,
            "common_shares": 518000,
            "book_valuer_per_share": 15.36,
            "book_valuer_per_share_4q_avg": 14.56,
            "equity": 795810,
            "current_ratio": 211.74,
            "debt_ratio": 24.88,
            "inventory_turnover_ratio": 1.47,
            "account_receivable_turnover_ratio": null,
            "reinvestment_rate": null,
            "research_to_sale_ratio": null,
            "price_fair": 119,
            "eps_avg_yearly": 3.4,
            "eps_latest_yearly": 3.4,
            "eps_growth_yearly": 85.71
        },
        "20022": {
            "year_quarter": 20022,
            "year": 2002,
            "quarter": 2,
            "eps": 0.91,
            "eps_growth_year": 42.19,
            "eps_4q": 3.02,
            "eps_4q_growth_year": -11.75,
            "roe": 6.68,
            "roe_4q": 23.729999999999997,
            "gross_profit": 88296,
            "gross_margin": 24.56,
            "gross_margin_4q_avg": 21.97,
            "net_income": 53962,
            "net_income_4q": null,
            "revenue": 359558,
            "revenue_4q": null,
            "common_shares": 600880,
            "book_valuer_per_share": 13.63,
            "book_valuer_per_share_4q_avg": 14.36,
            "equity": 819270,
            "current_ratio": 185.35,
            "debt_ratio": 30.85,
            "inventory_turnover_ratio": 1.81,
            "account_receivable_turnover_ratio": null,
            "reinvestment_rate": null,
            "research_to_sale_ratio": null,
            "price_fair": 123.2,
            "eps_avg_yearly": 3.52,
            "eps_latest_yearly": 3.64,
            "eps_growth_yearly": 56.97
        },
        "20023": {
            "year_quarter": 20023,
            "year": 2002,
            "quarter": 3,
            "eps": 0.52,
            "eps_growth_year": -40.91,
            "eps_4q": 2.76,
            "eps_4q_growth_year": 13.34,
            "roe": 3.71,
            "roe_4q": 20.88,
            "gross_profit": 61173,
            "gross_margin": 20.82,
            "gross_margin_4q_avg": 22.5,
            "net_income": 30932,
            "net_income_4q": null,
            "revenue": 293865,
            "revenue_4q": null,
            "common_shares": 600880,
            "book_valuer_per_share": 14.15,
            "book_valuer_per_share_4q_avg": 14.43,
            "equity": 850203,
            "current_ratio": 202.27,
            "debt_ratio": 28.02,
            "inventory_turnover_ratio": 1.24,
            "account_receivable_turnover_ratio": null,
            "reinvestment_rate": null,
            "research_to_sale_ratio": null,
            "price_fair": 9.12,
            "eps_avg_yearly": 3.04,
            "eps_latest_yearly": 2.08,
            "eps_growth_yearly": -19.16
        },
        "20024": {
            "year_quarter": 20024,
            "year": 2002,
            "quarter": 4,
            "eps": 0.66,
            "eps_growth_year": -5.71,
            "eps_4q": 2.82,
            "eps_4q_growth_year": 4.63,
            "roe": 4.52,
            "roe_4q": 20.509999999999998,
            "gross_profit": 73059,
            "gross_margin": 19.59,
            "gross_margin_4q_avg": 22.22,
            "net_income": 39283,
            "net_income_4q": null,
            "revenue": 372947,
            "revenue_4q": null,
            "common_shares": 600880,
            "book_valuer_per_share": 14.75,
            "book_valuer_per_share_4q_avg": 14.47,
            "equity": 886817,
            "current_ratio": 184.07,
            "debt_ratio": 35.14,
            "inventory_turnover_ratio": 1.49,
            "account_receivable_turnover_ratio": null,
            "reinvestment_rate": 40.27,
            "research_to_sale_ratio": null,
            "price_fair": 66.31,
            "eps_avg_yearly": 2.94,
            "eps_latest_yearly": 2.64,
            "eps_growth_yearly": 12.55
        },
        "20031": {
            "year_quarter": 20031,
            "year": 2003,
            "quarter": 1,
            "eps": 0.57,
            "eps_growth_year": -32.94,
            "eps_4q": 2.67,
            "eps_4q_growth_year": -11.92,
            "roe": 3.73,
            "roe_4q": 18.64,
            "gross_profit": 53988,
            "gross_margin": 17.08,
            "gross_margin_4q_avg": 20.51,
            "net_income": 33720,
            "net_income_4q": null,
            "revenue": 316016,
            "revenue_4q": null,
            "common_shares": 600880,
            "book_valuer_per_share": 15.31,
            "book_valuer_per_share_4q_avg": 14.46,
            "equity": 919733,
            "current_ratio": 149.09,
            "debt_ratio": 33.7,
            "inventory_turnover_ratio": 1.32,
            "account_receivable_turnover_ratio": null,
            "reinvestment_rate": 41.99,
            "research_to_sale_ratio": null,
            "price_fair": 8.42,
            "eps_avg_yearly": 2.81,
            "eps_latest_yearly": 2.28,
            "eps_growth_yearly": -0.87
        },
        "20032": {
            "year_quarter": 20032,
            "year": 2003,
            "quarter": 2,
            "eps": 0.61,
            "eps_growth_year": -32.97,
            "eps_4q": 2.34,
            "eps_4q_growth_year": -22.43,
            "roe": 4,
            "roe_4q": 15.96,
            "gross_profit": 62105,
            "gross_margin": 18.54,
            "gross_margin_4q_avg": 19.01,
            "net_income": 36593,
            "net_income_4q": null,
            "revenue": 334999,
            "revenue_4q": null,
            "common_shares": 600880,
            "book_valuer_per_share": 15.15,
            "book_valuer_per_share_4q_avg": 14.84,
            "equity": 910212,
            "current_ratio": 145.55,
            "debt_ratio": 36.64,
            "inventory_turnover_ratio": 1.31,
            "account_receivable_turnover_ratio": null,
            "reinvestment_rate": 44.19,
            "research_to_sale_ratio": null,
            "price_fair": 38.33,
            "eps_avg_yearly": 2.75,
            "eps_latest_yearly": 2.44,
            "eps_growth_yearly": 3.96
        },
        "20033": {
            "year_quarter": 20033,
            "year": 2003,
            "quarter": 3,
            "eps": 0.62,
            "eps_growth_year": 19.23,
            "eps_4q": 2.23,
            "eps_4q_growth_year": -19.41,
            "roe": 4.55,
            "roe_4q": 16.8,
            "gross_profit": 50906,
            "gross_margin": 16.78,
            "gross_margin_4q_avg": 18,
            "net_income": 42282,
            "net_income_4q": null,
            "revenue": 303399,
            "revenue_4q": null,
            "common_shares": 679000,
            "book_valuer_per_share": 13.98,
            "book_valuer_per_share_4q_avg": 14.8,
            "equity": 949279,
            "current_ratio": 197.33,
            "debt_ratio": 35.41,
            "inventory_turnover_ratio": 1.17,
            "account_receivable_turnover_ratio": null,
            "reinvestment_rate": 44.37,
            "research_to_sale_ratio": null,
            "price_fair": 38.81,
            "eps_avg_yearly": 2.71,
            "eps_latest_yearly": 2.48,
            "eps_growth_yearly": 4.33
        },
        "20034": {
            "year_quarter": 20034,
            "year": 2003,
            "quarter": 4,
            "eps": 0.74,
            "eps_growth_year": 12.12,
            "eps_4q": 2.41,
            "eps_4q_growth_year": -14.6,
            "roe": 5.13,
            "roe_4q": 17.41,
            "gross_profit": 66889,
            "gross_margin": 16.42,
            "gross_margin_4q_avg": 17.21,
            "net_income": 50033,
            "net_income_4q": null,
            "revenue": 407333,
            "revenue_4q": null,
            "common_shares": 679000,
            "book_valuer_per_share": 14.72,
            "book_valuer_per_share_4q_avg": 14.79,
            "equity": 999484,
            "current_ratio": 201.83,
            "debt_ratio": 35.66,
            "inventory_turnover_ratio": 1.74,
            "account_receivable_turnover_ratio": null,
            "reinvestment_rate": 45.01,
            "research_to_sale_ratio": null,
            "price_fair": 64.29,
            "eps_avg_yearly": 2.74,
            "eps_latest_yearly": 2.96,
            "eps_growth_yearly": 13.46
        },
        "20041": {
            "year_quarter": 20041,
            "year": 2004,
            "quarter": 1,
            "eps": 0.41,
            "eps_growth_year": -28.07,
            "eps_4q": 2.33,
            "eps_4q_growth_year": -12.86,
            "roe": 2.73,
            "roe_4q": 16.41,
            "gross_profit": 46523,
            "gross_margin": 13.85,
            "gross_margin_4q_avg": 16.4,
            "net_income": 27586,
            "net_income_4q": null,
            "revenue": 336020,
            "revenue_4q": null,
            "common_shares": 679000,
            "book_valuer_per_share": 15,
            "book_valuer_per_share_4q_avg": 14.71,
            "equity": 1018467,
            "current_ratio": 187.5,
            "debt_ratio": 35.68,
            "inventory_turnover_ratio": 1.59,
            "account_receivable_turnover_ratio": null,
            "reinvestment_rate": 46.64,
            "research_to_sale_ratio": null,
            "price_fair": 7.85,
            "eps_avg_yearly": 2.62,
            "eps_latest_yearly": 1.64,
            "eps_growth_yearly": -7.85
        },
        "20042": {
            "year_quarter": 20042,
            "year": 2004,
            "quarter": 2,
            "eps": 0.65,
            "eps_growth_year": 6.56,
            "eps_4q": 2.4,
            "eps_4q_growth_year": 2.59,
            "roe": 4.47,
            "roe_4q": 16.88,
            "gross_profit": 55248,
            "gross_margin": 12.98,
            "gross_margin_4q_avg": 15.01,
            "net_income": 44453,
            "net_income_4q": null,
            "revenue": 425547,
            "revenue_4q": null,
            "common_shares": 679000,
            "book_valuer_per_share": 14.28,
            "book_valuer_per_share_4q_avg": 14.5,
            "equity": 969753,
            "current_ratio": 142.57,
            "debt_ratio": 43.32,
            "inventory_turnover_ratio": 1.72,
            "account_receivable_turnover_ratio": null,
            "reinvestment_rate": 43.54,
            "research_to_sale_ratio": null,
            "price_fair": 68.93,
            "eps_avg_yearly": 2.62,
            "eps_latest_yearly": 2.6,
            "eps_growth_yearly": 16.35
        },
        "20043": {
            "year_quarter": 20043,
            "year": 2004,
            "quarter": 3,
            "eps": 0.4,
            "eps_growth_year": -35.48,
            "eps_4q": 2.08,
            "eps_4q_growth_year": -6.5,
            "roe": 2.95,
            "roe_4q": 15.280000000000001,
            "gross_profit": 34900,
            "gross_margin": 8.54,
            "gross_margin_4q_avg": 12.95,
            "net_income": 29025,
            "net_income_4q": null,
            "revenue": 408534,
            "revenue_4q": null,
            "common_shares": 729000,
            "book_valuer_per_share": 13.73,
            "book_valuer_per_share_4q_avg": 14.43,
            "equity": 1001003,
            "current_ratio": 139.99,
            "debt_ratio": 44.1,
            "inventory_turnover_ratio": 1.37,
            "account_receivable_turnover_ratio": null,
            "reinvestment_rate": 42.19,
            "research_to_sale_ratio": null,
            "price_fair": 25.24,
            "eps_avg_yearly": 2.52,
            "eps_latest_yearly": 1.6,
            "eps_growth_yearly": 0.88
        },
        "20044": {
            "year_quarter": 20044,
            "year": 2004,
            "quarter": 4,
            "eps": 0.69,
            "eps_growth_year": -6.76,
            "eps_4q": 2.07,
            "eps_4q_growth_year": -13.76,
            "roe": 4.95,
            "roe_4q": 15.100000000000001,
            "gross_profit": 62888,
            "gross_margin": 12.53,
            "gross_margin_4q_avg": 11.98,
            "net_income": 50371,
            "net_income_4q": null,
            "revenue": 502081,
            "revenue_4q": null,
            "common_shares": 729000,
            "book_valuer_per_share": 14.1,
            "book_valuer_per_share_4q_avg": 14.28,
            "equity": 1034486,
            "current_ratio": 174.42,
            "debt_ratio": 45.11,
            "inventory_turnover_ratio": 1.38,
            "account_receivable_turnover_ratio": null,
            "reinvestment_rate": 25.28,
            "research_to_sale_ratio": null,
            "price_fair": 88.94,
            "eps_avg_yearly": 2.54,
            "eps_latest_yearly": 2.76,
            "eps_growth_yearly": 24.97
        },
        "20051": {
            "year_quarter": 20051,
            "year": 2005,
            "quarter": 1,
            "eps": 0.25,
            "eps_growth_year": -39.02,
            "eps_4q": 1.92,
            "eps_4q_growth_year": -17.49,
            "roe": 1.79,
            "roe_4q": 14.16,
            "gross_profit": 36949,
            "gross_margin": 8.96,
            "gross_margin_4q_avg": 10.75,
            "net_income": 18550,
            "net_income_4q": null,
            "revenue": 412331,
            "revenue_4q": null,
            "common_shares": 729000,
            "book_valuer_per_share": 14.3,
            "book_valuer_per_share_4q_avg": 14.1,
            "equity": 1042206,
            "current_ratio": 162.41,
            "debt_ratio": 43.48,
            "inventory_turnover_ratio": 1.18,
            "account_receivable_turnover_ratio": null,
            "reinvestment_rate": 34.22,
            "research_to_sale_ratio": null,
            "price_fair": 32.56,
            "eps_avg_yearly": 2.42,
            "eps_latest_yearly": 1,
            "eps_growth_yearly": 3.43
        },
        "20052": {
            "year_quarter": 20052,
            "year": 2005,
            "quarter": 2,
            "eps": -0.14,
            "eps_growth_year": -121.54,
            "eps_4q": 1.2,
            "eps_4q_growth_year": -49.87,
            "roe": -1,
            "roe_4q": 8.690000000000001,
            "gross_profit": 33976,
            "gross_margin": 8.25,
            "gross_margin_4q_avg": 9.57,
            "net_income": -10117,
            "net_income_4q": null,
            "revenue": 412023,
            "revenue_4q": null,
            "common_shares": 729000,
            "book_valuer_per_share": 13.52,
            "book_valuer_per_share_4q_avg": 13.91,
            "equity": 985580,
            "current_ratio": 161.42,
            "debt_ratio": 42.51,
            "inventory_turnover_ratio": 1.38,
            "account_receivable_turnover_ratio": null,
            "reinvestment_rate": 26.38,
            "research_to_sale_ratio": null,
            "price_fair": 32.56,
            "eps_avg_yearly": 2.42,
            "eps_latest_yearly": 1,
            "eps_growth_yearly": 3.43
        },
        "20053": {
            "year_quarter": 20053,
            "year": 2005,
            "quarter": 3,
            "eps": 0.28,
            "eps_growth_year": -30,
            "eps_4q": 1.02,
            "eps_4q_growth_year": -51.24,
            "roe": 2.23,
            "roe_4q": 7.970000000000001,
            "gross_profit": 36866,
            "gross_margin": 10,
            "gross_margin_4q_avg": 9.94,
            "net_income": 22392,
            "net_income_4q": null,
            "revenue": 368485,
            "revenue_4q": null,
            "common_shares": 797000,
            "book_valuer_per_share": 12.89,
            "book_valuer_per_share_4q_avg": 13.7,
            "equity": 1027047,
            "current_ratio": 175.6,
            "debt_ratio": 38.94,
            "inventory_turnover_ratio": 1.46,
            "account_receivable_turnover_ratio": null,
            "reinvestment_rate": 27.21,
            "research_to_sale_ratio": null,
            "price_fair": 32.56,
            "eps_avg_yearly": 2.42,
            "eps_latest_yearly": 1,
            "eps_growth_yearly": 3.43
        },
        "20054": {
            "year_quarter": 20054,
            "year": 2005,
            "quarter": 4,
            "eps": 0.29,
            "eps_growth_year": -57.97,
            "eps_4q": 0.68,
            "eps_4q_growth_year": -67.13,
            "roe": 2.18,
            "roe_4q": 5.2,
            "gross_profit": 44982,
            "gross_margin": 10.6,
            "gross_margin_4q_avg": 9.45,
            "net_income": 22817,
            "net_income_4q": null,
            "revenue": 424161,
            "revenue_4q": null,
            "common_shares": 797000,
            "book_valuer_per_share": 13.23,
            "book_valuer_per_share_4q_avg": 13.49,
            "equity": 1064842,
            "current_ratio": 183.64,
            "debt_ratio": 42.78,
            "inventory_turnover_ratio": 1.65,
            "account_receivable_turnover_ratio": null,
            "reinvestment_rate": 27.85,
            "research_to_sale_ratio": null,
            "price_fair": 33.16,
            "eps_avg_yearly": 2.33,
            "eps_latest_yearly": 1.16,
            "eps_growth_yearly": 4.2
        },
        "20061": {
            "year_quarter": 20061,
            "year": 2006,
            "quarter": 1,
            "eps": 0.15,
            "eps_growth_year": -40,
            "eps_4q": 0.6,
            "eps_4q_growth_year": -68.88,
            "roe": 1.11,
            "roe_4q": 4.52,
            "gross_profit": 40739,
            "gross_margin": 10.47,
            "gross_margin_4q_avg": 9.83,
            "net_income": 11772,
            "net_income_4q": null,
            "revenue": 389228,
            "revenue_4q": null,
            "common_shares": 797000,
            "book_valuer_per_share": 13.31,
            "book_valuer_per_share_4q_avg": 13.24,
            "equity": 1061066,
            "current_ratio": 155.97,
            "debt_ratio": 41.66,
            "inventory_turnover_ratio": 1.55,
            "account_receivable_turnover_ratio": null,
            "reinvestment_rate": 23.42,
            "research_to_sale_ratio": null,
            "price_fair": 6.4,
            "eps_avg_yearly": 2.13,
            "eps_latest_yearly": 0.6,
            "eps_growth_yearly": -15.71
        },
        "20062": {
            "year_quarter": 20062,
            "year": 2006,
            "quarter": 2,
            "eps": 0.14,
            "eps_growth_year": null,
            "eps_4q": 0.87,
            "eps_4q_growth_year": -28.18,
            "roe": 1.06,
            "roe_4q": 6.58,
            "gross_profit": 58134,
            "gross_margin": 10.72,
            "gross_margin_4q_avg": 10.45,
            "net_income": 10999,
            "net_income_4q": null,
            "revenue": 542475,
            "revenue_4q": null,
            "common_shares": 797000,
            "book_valuer_per_share": 12.76,
            "book_valuer_per_share_4q_avg": 13.05,
            "equity": 1016771,
            "current_ratio": 129.37,
            "debt_ratio": 48.89,
            "inventory_turnover_ratio": 2.09,
            "account_receivable_turnover_ratio": null,
            "reinvestment_rate": 23.9,
            "research_to_sale_ratio": null,
            "price_fair": 5.74,
            "eps_avg_yearly": 1.91,
            "eps_latest_yearly": 0.56,
            "eps_growth_yearly": -19.63
        },
        "20063": {
            "year_quarter": 20063,
            "year": 2006,
            "quarter": 3,
            "eps": -0.05,
            "eps_growth_year": -117.86,
            "eps_4q": 0.47,
            "eps_4q_growth_year": -54.1,
            "roe": -0.35,
            "roe_4q": 4,
            "gross_profit": 62159,
            "gross_margin": 11.23,
            "gross_margin_4q_avg": 10.76,
            "net_income": -3783,
            "net_income_4q": null,
            "revenue": 553302,
            "revenue_4q": null,
            "common_shares": 897000,
            "book_valuer_per_share": 12.9,
            "book_valuer_per_share_4q_avg": 13.05,
            "equity": 1156953,
            "current_ratio": 188.06,
            "debt_ratio": 44.26,
            "inventory_turnover_ratio": 1.75,
            "account_receivable_turnover_ratio": null,
            "reinvestment_rate": 25.3,
            "research_to_sale_ratio": null,
            "price_fair": 5.7,
            "eps_avg_yearly": 1.9,
            "eps_latest_yearly": 0.56,
            "eps_growth_yearly": -7.96
        },
        "20064": {
            "year_quarter": 20064,
            "year": 2006,
            "quarter": 4,
            "eps": -0.07,
            "eps_growth_year": -124.14,
            "eps_4q": 0.1,
            "eps_4q_growth_year": -85.01,
            "roe": -0.48,
            "roe_4q": 1.3400000000000003,
            "gross_profit": 50741,
            "gross_margin": 8.42,
            "gross_margin_4q_avg": 10.21,
            "net_income": -6129,
            "net_income_4q": null,
            "revenue": 602313,
            "revenue_4q": null,
            "common_shares": 897000,
            "book_valuer_per_share": 13.16,
            "book_valuer_per_share_4q_avg": 13.03,
            "equity": 1380752,
            "current_ratio": 152.29,
            "debt_ratio": 56.47,
            "inventory_turnover_ratio": 1.31,
            "account_receivable_turnover_ratio": null,
            "reinvestment_rate": 70.69,
            "research_to_sale_ratio": null,
            "price_fair": 5.52,
            "eps_avg_yearly": 1.84,
            "eps_latest_yearly": 0.56,
            "eps_growth_yearly": -17.59
        },
        "20071": {
            "year_quarter": 20071,
            "year": 2007,
            "quarter": 1,
            "eps": -0.01,
            "eps_growth_year": -106.67,
            "eps_4q": 0,
            "eps_4q_growth_year": -99.35,
            "roe": -0.06,
            "roe_4q": 0.17000000000000004,
            "gross_profit": 52954,
            "gross_margin": 9.75,
            "gross_margin_4q_avg": 10.03,
            "net_income": -782,
            "net_income_4q": null,
            "revenue": 542915,
            "revenue_4q": null,
            "common_shares": 897000,
            "book_valuer_per_share": 13.26,
            "book_valuer_per_share_4q_avg": 13.02,
            "equity": 1189628,
            "current_ratio": 173.74,
            "debt_ratio": 47.58,
            "inventory_turnover_ratio": 1.15,
            "account_receivable_turnover_ratio": null,
            "reinvestment_rate": -4.45,
            "research_to_sale_ratio": null,
            "price_fair": 5.4,
            "eps_avg_yearly": 1.8,
            "eps_latest_yearly": 0.56,
            "eps_growth_yearly": -14.24
        },
        "20072": {
            "year_quarter": 20072,
            "year": 2007,
            "quarter": 2,
            "eps": 0.29,
            "eps_growth_year": 107.14,
            "eps_4q": 0.17,
            "eps_4q_growth_year": -80.42,
            "roe": 2.16,
            "roe_4q": 1.27,
            "gross_profit": 71607,
            "gross_margin": 11.85,
            "gross_margin_4q_avg": 10.31,
            "net_income": 25716,
            "net_income_4q": null,
            "revenue": 604254,
            "revenue_4q": null,
            "common_shares": 897000,
            "book_valuer_per_share": 13.23,
            "book_valuer_per_share_4q_avg": 13.14,
            "equity": 1187074,
            "current_ratio": 165.6,
            "debt_ratio": 49.02,
            "inventory_turnover_ratio": 1.63,
            "account_receivable_turnover_ratio": null,
            "reinvestment_rate": -9.93,
            "research_to_sale_ratio": null,
            "price_fair": 5.21,
            "eps_avg_yearly": 1.74,
            "eps_latest_yearly": 0.56,
            "eps_growth_yearly": -18.47
        },
        "20073": {
            "year_quarter": 20073,
            "year": 2007,
            "quarter": 3,
            "eps": 0.26,
            "eps_growth_year": null,
            "eps_4q": 0.47,
            "eps_4q_growth_year": 0.7,
            "roe": 1.95,
            "roe_4q": 3.5700000000000007,
            "gross_profit": 54837,
            "gross_margin": 9.66,
            "gross_margin_4q_avg": 9.92,
            "net_income": 23358,
            "net_income_4q": null,
            "revenue": 567745,
            "revenue_4q": null,
            "common_shares": 897000,
            "book_valuer_per_share": 13.47,
            "book_valuer_per_share_4q_avg": 13.28,
            "equity": 1208042,
            "current_ratio": 171.94,
            "debt_ratio": 48.17,
            "inventory_turnover_ratio": 1.47,
            "account_receivable_turnover_ratio": null,
            "reinvestment_rate": -14.57,
            "research_to_sale_ratio": null,
            "price_fair": 4.78,
            "eps_avg_yearly": 1.59,
            "eps_latest_yearly": 1.04,
            "eps_growth_yearly": -23.26
        },
        "20074": {
            "year_quarter": 20074,
            "year": 2007,
            "quarter": 4,
            "eps": 0.46,
            "eps_growth_year": null,
            "eps_4q": 1,
            "eps_4q_growth_year": 876.07,
            "roe": 2.95,
            "roe_4q": 7.000000000000001,
            "gross_profit": 69622,
            "gross_margin": 9.67,
            "gross_margin_4q_avg": 10.23,
            "net_income": 41332,
            "net_income_4q": null,
            "revenue": 719788,
            "revenue_4q": null,
            "common_shares": 897000,
            "book_valuer_per_share": 13.97,
            "book_valuer_per_share_4q_avg": 13.48,
            "equity": 1594279,
            "current_ratio": 134.01,
            "debt_ratio": 65.14,
            "inventory_turnover_ratio": 1.01,
            "account_receivable_turnover_ratio": null,
            "reinvestment_rate": 167.59,
            "research_to_sale_ratio": null,
            "price_fair": 4.44,
            "eps_avg_yearly": 1.48,
            "eps_latest_yearly": 1.84,
            "eps_growth_yearly": -0.23
        },
        "20081": {
            "year_quarter": 20081,
            "year": 2008,
            "quarter": 1,
            "eps": -0.01,
            "eps_growth_year": null,
            "eps_4q": 0.1,
            "eps_4q_growth_year": 2375.1,
            "roe": -0.59,
            "roe_4q": 6.470000000000001,
            "gross_profit": 116204,
            "gross_margin": 6.93,
            "gross_margin_4q_avg": 9.53,
            "net_income": -9302,
            "net_income_4q": null,
            "revenue": 1676112,
            "revenue_4q": null,
            "common_shares": 897000,
            "book_valuer_per_share": 13.6,
            "book_valuer_per_share_4q_avg": 13.57,
            "equity": 1563305,
            "current_ratio": 137.16,
            "debt_ratio": 63.22,
            "inventory_turnover_ratio": 1.66,
            "account_receivable_turnover_ratio": null,
            "reinvestment_rate": 178.99,
            "research_to_sale_ratio": null,
            "price_fair": 43.23,
            "eps_avg_yearly": 1.46,
            "eps_latest_yearly": 1.84,
            "eps_growth_yearly": 19.56
        },
        "20082": {
            "year_quarter": 20082,
            "year": 2008,
            "quarter": 2,
            "eps": 0.07,
            "eps_growth_year": -75.86,
            "eps_4q": 0.49,
            "eps_4q_growth_year": 190.88,
            "roe": -0.65,
            "roe_4q": 3.66,
            "gross_profit": 143660,
            "gross_margin": 10.37,
            "gross_margin_4q_avg": 9.16,
            "net_income": -10051,
            "net_income_4q": null,
            "revenue": 1384895,
            "revenue_4q": null,
            "common_shares": 897000,
            "book_valuer_per_share": 13.38,
            "book_valuer_per_share_4q_avg": 13.61,
            "equity": 1506652,
            "current_ratio": 131.14,
            "debt_ratio": 65.48,
            "inventory_turnover_ratio": 1.32,
            "account_receivable_turnover_ratio": null,
            "reinvestment_rate": 213.5,
            "research_to_sale_ratio": null,
            "price_fair": 3.96,
            "eps_avg_yearly": 1.32,
            "eps_latest_yearly": 1.84,
            "eps_growth_yearly": -7.26
        },
        "20083": {
            "year_quarter": 20083,
            "year": 2008,
            "quarter": 3,
            "eps": -0.05,
            "eps_growth_year": -119.23,
            "eps_4q": 0.46,
            "eps_4q_growth_year": -1.71,
            "roe": -1.65,
            "roe_4q": 0.0600000000000005,
            "gross_profit": 85668,
            "gross_margin": 4.88,
            "gross_margin_4q_avg": 7.96,
            "net_income": -25001,
            "net_income_4q": null,
            "revenue": 1754080,
            "revenue_4q": null,
            "common_shares": 932880,
            "book_valuer_per_share": 13.1,
            "book_valuer_per_share_4q_avg": 13.51,
            "equity": 1524067,
            "current_ratio": 131.23,
            "debt_ratio": 65.27,
            "inventory_turnover_ratio": 1.79,
            "account_receivable_turnover_ratio": null,
            "reinvestment_rate": 306.23,
            "research_to_sale_ratio": null,
            "price_fair": 30.31,
            "eps_avg_yearly": 1.28,
            "eps_latest_yearly": 1.84,
            "eps_growth_yearly": 13.68
        },
        "20084": {
            "year_quarter": 20084,
            "year": 2008,
            "quarter": 4,
            "eps": -0.39,
            "eps_growth_year": -184.78,
            "eps_4q": -0.12,
            "eps_4q_growth_year": -111.9,
            "roe": -4.21,
            "roe_4q": -7.1,
            "gross_profit": 89919,
            "gross_margin": 5.1,
            "gross_margin_4q_avg": 6.82,
            "net_income": -63941,
            "net_income_4q": null,
            "revenue": 1762193,
            "revenue_4q": null,
            "common_shares": 932880,
            "book_valuer_per_share": 12.57,
            "book_valuer_per_share_4q_avg": 13.16,
            "equity": 1511479,
            "current_ratio": 142.28,
            "debt_ratio": 60.74,
            "inventory_turnover_ratio": 2.1,
            "account_receivable_turnover_ratio": 2.37,
            "reinvestment_rate": 1008.27,
            "research_to_sale_ratio": null,
            "price_fair": 3.1,
            "eps_avg_yearly": 1.03,
            "eps_latest_yearly": 1.84,
            "eps_growth_yearly": -32.37
        },
        "20091": {
            "year_quarter": 20091,
            "year": 2009,
            "quarter": 1,
            "eps": 0.19,
            "eps_growth_year": null,
            "eps_4q": -0.52,
            "eps_4q_growth_year": -637.25,
            "roe": 0.41,
            "roe_4q": -6.1,
            "gross_profit": 107955,
            "gross_margin": 11.86,
            "gross_margin_4q_avg": 8.05,
            "net_income": 6196,
            "net_income_4q": null,
            "revenue": 910252,
            "revenue_4q": null,
            "common_shares": 932880,
            "book_valuer_per_share": 12.93,
            "book_valuer_per_share_4q_avg": 13,
            "equity": 1539047,
            "current_ratio": 147,
            "debt_ratio": 59.44,
            "inventory_turnover_ratio": 1.26,
            "account_receivable_turnover_ratio": 0.64,
            "reinvestment_rate": 1312.99,
            "research_to_sale_ratio": null,
            "price_fair": 23.05,
            "eps_avg_yearly": 1.04,
            "eps_latest_yearly": 1.84,
            "eps_growth_yearly": 12.17
        },
        "20092": {
            "year_quarter": 20092,
            "year": 2009,
            "quarter": 2,
            "eps": 0.66,
            "eps_growth_year": 842.86,
            "eps_4q": 0.34,
            "eps_4q_growth_year": -30.68,
            "roe": 4.46,
            "roe_4q": -0.9899999999999998,
            "gross_profit": 197452,
            "gross_margin": 17.57,
            "gross_margin_4q_avg": 9.85,
            "net_income": 69530,
            "net_income_4q": null,
            "revenue": 1123748,
            "revenue_4q": null,
            "common_shares": 932880,
            "book_valuer_per_share": 13.39,
            "book_valuer_per_share_4q_avg": 13,
            "equity": 1579503,
            "current_ratio": 135.94,
            "debt_ratio": 58.39,
            "inventory_turnover_ratio": 1.5,
            "account_receivable_turnover_ratio": 0.83,
            "reinvestment_rate": 387.94,
            "research_to_sale_ratio": null,
            "price_fair": 45.73,
            "eps_avg_yearly": 1.31,
            "eps_latest_yearly": 2.64,
            "eps_growth_yearly": 175.05
        },
        "20093": {
            "year_quarter": 20093,
            "year": 2009,
            "quarter": 3,
            "eps": 0.45,
            "eps_growth_year": null,
            "eps_4q": 0.73,
            "eps_4q_growth_year": 58.13,
            "roe": 3.11,
            "roe_4q": 3.7700000000000005,
            "gross_profit": 182693,
            "gross_margin": 12.55,
            "gross_margin_4q_avg": 11.77,
            "net_income": 49709,
            "net_income_4q": null,
            "revenue": 1455384,
            "revenue_4q": null,
            "common_shares": 932880,
            "book_valuer_per_share": 13.72,
            "book_valuer_per_share_4q_avg": 13.15,
            "equity": 1613501,
            "current_ratio": 132.36,
            "debt_ratio": 59.52,
            "inventory_turnover_ratio": 2.02,
            "account_receivable_turnover_ratio": 1.08,
            "reinvestment_rate": 299.44,
            "research_to_sale_ratio": null,
            "price_fair": 48.2,
            "eps_avg_yearly": 1.38,
            "eps_latest_yearly": 1.8,
            "eps_growth_yearly": 131.86
        },
        "20094": {
            "year_quarter": 20094,
            "year": 2009,
            "quarter": 4,
            "eps": 0.19,
            "eps_growth_year": null,
            "eps_4q": 1.49,
            "eps_4q_growth_year": null,
            "roe": 0.59,
            "roe_4q": 8.57,
            "gross_profit": 179591,
            "gross_margin": 17.73,
            "gross_margin_4q_avg": 14.93,
            "net_income": 9428,
            "net_income_4q": null,
            "revenue": 1012650,
            "revenue_4q": null,
            "common_shares": 932880,
            "book_valuer_per_share": 14.27,
            "book_valuer_per_share_4q_avg": 13.58,
            "equity": 1577691,
            "current_ratio": 142.02,
            "debt_ratio": 56.4,
            "inventory_turnover_ratio": 1.32,
            "account_receivable_turnover_ratio": 1.65,
            "reinvestment_rate": 894.78,
            "research_to_sale_ratio": null,
            "price_fair": 46.2,
            "eps_avg_yearly": 1.32,
            "eps_latest_yearly": 0.76,
            "eps_growth_yearly": 96.8
        },
        "20101": {
            "year_quarter": 20101,
            "year": 2010,
            "quarter": 1,
            "eps": 0.15,
            "eps_growth_year": -21.05,
            "eps_4q": 1.43,
            "eps_4q_growth_year": null,
            "roe": 0.92,
            "roe_4q": 9.08,
            "gross_profit": 128907,
            "gross_margin": 11.02,
            "gross_margin_4q_avg": 14.72,
            "net_income": 14661,
            "net_income_4q": null,
            "revenue": 1170129,
            "revenue_4q": null,
            "common_shares": 932880,
            "book_valuer_per_share": 14.42,
            "book_valuer_per_share_4q_avg": 13.95,
            "equity": 1598899,
            "current_ratio": 135.63,
            "debt_ratio": 56.4,
            "inventory_turnover_ratio": 1.62,
            "account_receivable_turnover_ratio": 0.93,
            "reinvestment_rate": 806.34,
            "research_to_sale_ratio": 1,
            "price_fair": 46.2,
            "eps_avg_yearly": 1.32,
            "eps_latest_yearly": 0.6,
            "eps_growth_yearly": 112.36
        },
        "20102": {
            "year_quarter": 20102,
            "year": 2010,
            "quarter": 2,
            "eps": 0.26,
            "eps_growth_year": -60.02,
            "eps_4q": 1.04,
            "eps_4q_growth_year": 204.68,
            "roe": 1.21,
            "roe_4q": 5.83,
            "gross_profit": 175077,
            "gross_margin": 11.35,
            "gross_margin_4q_avg": 13.16,
            "net_income": 18848,
            "net_income_4q": null,
            "revenue": 1542050,
            "revenue_4q": null,
            "common_shares": 932880,
            "book_valuer_per_share": 13.55,
            "book_valuer_per_share_4q_avg": 13.99,
            "equity": 1525100,
            "current_ratio": 124.06,
            "debt_ratio": 62.71,
            "inventory_turnover_ratio": 1.92,
            "account_receivable_turnover_ratio": 1.06,
            "reinvestment_rate": 741.94,
            "research_to_sale_ratio": 0.46,
            "price_fair": 48.6,
            "eps_avg_yearly": 1.39,
            "eps_latest_yearly": 1.04,
            "eps_growth_yearly": 158.08
        },
        "20103": {
            "year_quarter": 20103,
            "year": 2010,
            "quarter": 3,
            "eps": 0.07,
            "eps_growth_year": -84.08,
            "eps_4q": 0.67,
            "eps_4q_growth_year": -7.61,
            "roe": 0.52,
            "roe_4q": 3.2399999999999998,
            "gross_profit": 117450,
            "gross_margin": 7.3,
            "gross_margin_4q_avg": 11.85,
            "net_income": 7887,
            "net_income_4q": null,
            "revenue": 1607799,
            "revenue_4q": null,
            "common_shares": 932880,
            "book_valuer_per_share": 13.51,
            "book_valuer_per_share_4q_avg": 13.94,
            "equity": 1518015,
            "current_ratio": 124.9,
            "debt_ratio": 62,
            "inventory_turnover_ratio": 1.94,
            "account_receivable_turnover_ratio": 1.05,
            "reinvestment_rate": 704.3,
            "research_to_sale_ratio": 1.27,
            "price_fair": 43.75,
            "eps_avg_yearly": 1.25,
            "eps_latest_yearly": 0.28,
            "eps_growth_yearly": 101.78
        },
        "20104": {
            "year_quarter": 20104,
            "year": 2010,
            "quarter": 4,
            "eps": 0.06,
            "eps_growth_year": -70.33,
            "eps_4q": 0.54,
            "eps_4q_growth_year": -63.44,
            "roe": 0.22,
            "roe_4q": 2.87,
            "gross_profit": 172824,
            "gross_margin": 12.9,
            "gross_margin_4q_avg": 10.64,
            "net_income": 3239,
            "net_income_4q": null,
            "revenue": 1339750,
            "revenue_4q": null,
            "common_shares": 932880,
            "book_valuer_per_share": 13.27,
            "book_valuer_per_share_4q_avg": 13.69,
            "equity": 1480762,
            "current_ratio": 125.19,
            "debt_ratio": 60.91,
            "inventory_turnover_ratio": 1.58,
            "account_receivable_turnover_ratio": 0.93,
            "reinvestment_rate": 442.06,
            "research_to_sale_ratio": 0.1,
            "price_fair": 39.82,
            "eps_avg_yearly": 1.14,
            "eps_latest_yearly": 0.24,
            "eps_growth_yearly": 84.12
        },
        "20111": {
            "year_quarter": 20111,
            "year": 2011,
            "quarter": 1,
            "eps": 0.2,
            "eps_growth_year": 33.33,
            "eps_4q": 0.59,
            "eps_4q_growth_year": -58.59,
            "roe": 0.94,
            "roe_4q": 2.8899999999999997,
            "gross_profit": 115163,
            "gross_margin": 8.77,
            "gross_margin_4q_avg": 10.08,
            "net_income": 13978,
            "net_income_4q": null,
            "revenue": 1313145,
            "revenue_4q": null,
            "common_shares": 932880,
            "book_valuer_per_share": 13.54,
            "book_valuer_per_share_4q_avg": 13.47,
            "equity": 1504537,
            "current_ratio": 124.63,
            "debt_ratio": 61.76,
            "inventory_turnover_ratio": 1.59,
            "account_receivable_turnover_ratio": 0.9,
            "reinvestment_rate": 552.89,
            "research_to_sale_ratio": 0.96,
            "price_fair": 38.64,
            "eps_avg_yearly": 1.1,
            "eps_latest_yearly": 0.8,
            "eps_growth_yearly": 169.04
        },
        "20112": {
            "year_quarter": 20112,
            "year": 2011,
            "quarter": 2,
            "eps": -0.03,
            "eps_growth_year": -110.05,
            "eps_4q": 0.3,
            "eps_4q_growth_year": -71.18,
            "roe": -0.81,
            "roe_4q": 0.8699999999999999,
            "gross_profit": 118326,
            "gross_margin": 9.57,
            "gross_margin_4q_avg": 9.64,
            "net_income": -11906,
            "net_income_4q": null,
            "revenue": 1236811,
            "revenue_4q": null,
            "common_shares": 932880,
            "book_valuer_per_share": 12.93,
            "book_valuer_per_share_4q_avg": 13.31,
            "equity": 1427773,
            "current_ratio": 123.56,
            "debt_ratio": 61.14,
            "inventory_turnover_ratio": 1.44,
            "account_receivable_turnover_ratio": 0.87,
            "reinvestment_rate": 629.14,
            "research_to_sale_ratio": 0.64,
            "price_fair": 38.64,
            "eps_avg_yearly": 1.1,
            "eps_latest_yearly": 0.8,
            "eps_growth_yearly": 169.04
        },
        "20113": {
            "year_quarter": 20113,
            "year": 2011,
            "quarter": 3,
            "eps": 0.02,
            "eps_growth_year": -76.51,
            "eps_4q": 0.25,
            "eps_4q_growth_year": -63.62,
            "roe": -0.14,
            "roe_4q": 0.20999999999999988,
            "gross_profit": 87872,
            "gross_margin": 6.9,
            "gross_margin_4q_avg": 9.54,
            "net_income": -1994,
            "net_income_4q": null,
            "revenue": 1273123,
            "revenue_4q": null,
            "common_shares": 932880,
            "book_valuer_per_share": 13.24,
            "book_valuer_per_share_4q_avg": 13.25,
            "equity": 1464888,
            "current_ratio": 122.84,
            "debt_ratio": 62.22,
            "inventory_turnover_ratio": 1.51,
            "account_receivable_turnover_ratio": 0.92,
            "reinvestment_rate": 796.2,
            "research_to_sale_ratio": 1.65,
            "price_fair": 38.89,
            "eps_avg_yearly": 1.11,
            "eps_latest_yearly": 0.8,
            "eps_growth_yearly": 192.42
        },
        "20114": {
            "year_quarter": 20114,
            "year": 2011,
            "quarter": 4,
            "eps": 0.12,
            "eps_growth_year": 120.77,
            "eps_4q": 0.32,
            "eps_4q_growth_year": -42.03,
            "roe": 1.52,
            "roe_4q": 1.5099999999999998,
            "gross_profit": 183621,
            "gross_margin": 13.16,
            "gross_margin_4q_avg": 9.6,
            "net_income": 22386,
            "net_income_4q": null,
            "revenue": 1395487,
            "revenue_4q": null,
            "common_shares": 917880,
            "book_valuer_per_share": 13.39,
            "book_valuer_per_share_4q_avg": 13.28,
            "equity": 1478162,
            "current_ratio": 122.88,
            "debt_ratio": 62.08,
            "inventory_turnover_ratio": 1.55,
            "account_receivable_turnover_ratio": 0.96,
            "reinvestment_rate": 480.65,
            "research_to_sale_ratio": 0.1,
            "price_fair": 33.6,
            "eps_avg_yearly": 0.96,
            "eps_latest_yearly": 0.48,
            "eps_growth_yearly": 380.46
        },
        "20121": {
            "year_quarter": 20121,
            "year": 2012,
            "quarter": 1,
            "eps": 0.16,
            "eps_growth_year": -20,
            "eps_4q": 0.27,
            "eps_4q_growth_year": -53.49,
            "roe": 0.97,
            "roe_4q": 1.54,
            "gross_profit": 134589,
            "gross_margin": 11.88,
            "gross_margin_4q_avg": 10.38,
            "net_income": 14228,
            "net_income_4q": null,
            "revenue": 1133273,
            "revenue_4q": null,
            "common_shares": 917880,
            "book_valuer_per_share": 13.47,
            "book_valuer_per_share_4q_avg": 13.26,
            "equity": 1451929,
            "current_ratio": 124.16,
            "debt_ratio": 61.37,
            "inventory_turnover_ratio": 1.38,
            "account_receivable_turnover_ratio": 0.78,
            "reinvestment_rate": 365.44,
            "research_to_sale_ratio": 1.19,
            "price_fair": 32.48,
            "eps_avg_yearly": 0.93,
            "eps_latest_yearly": 0.64,
            "eps_growth_yearly": 355.74
        },
        "20122": {
            "year_quarter": 20122,
            "year": 2012,
            "quarter": 2,
            "eps": 0.11,
            "eps_growth_year": null,
            "eps_4q": 0.41,
            "eps_4q_growth_year": 37.62,
            "roe": 0.68,
            "roe_4q": 3.03,
            "gross_profit": 138914,
            "gross_margin": 11.87,
            "gross_margin_4q_avg": 10.95,
            "net_income": 9824,
            "net_income_4q": null,
            "revenue": 1170716,
            "revenue_4q": null,
            "common_shares": 917880,
            "book_valuer_per_share": 13.33,
            "book_valuer_per_share_4q_avg": 13.36,
            "equity": 1441664,
            "current_ratio": 123.4,
            "debt_ratio": 62.01,
            "inventory_turnover_ratio": 1.43,
            "account_receivable_turnover_ratio": 0.86,
            "reinvestment_rate": 320.28,
            "research_to_sale_ratio": 0.52,
            "price_fair": 30.93,
            "eps_avg_yearly": 0.88,
            "eps_latest_yearly": 0.44,
            "eps_growth_yearly": 312.04
        },
        "20123": {
            "year_quarter": 20123,
            "year": 2012,
            "quarter": 3,
            "eps": 0.52,
            "eps_growth_year": 3007.86,
            "eps_4q": 0.92,
            "eps_4q_growth_year": 274.51,
            "roe": 3.48,
            "roe_4q": 6.65,
            "gross_profit": 113379,
            "gross_margin": 10.42,
            "gross_margin_4q_avg": 11.83,
            "net_income": 50892,
            "net_income_4q": null,
            "revenue": 1088465,
            "revenue_4q": null,
            "common_shares": 917880,
            "book_valuer_per_share": 13.78,
            "book_valuer_per_share_4q_avg": 13.49,
            "equity": 1482860,
            "current_ratio": 129.04,
            "debt_ratio": 60.52,
            "inventory_turnover_ratio": 1.41,
            "account_receivable_turnover_ratio": 0.82,
            "reinvestment_rate": 219.31,
            "research_to_sale_ratio": 2.09,
            "price_fair": 34.42,
            "eps_avg_yearly": 0.98,
            "eps_latest_yearly": 2.08,
            "eps_growth_yearly": 410.28
        },
        "20124": {
            "year_quarter": 20124,
            "year": 2012,
            "quarter": 4,
            "eps": 0.22,
            "eps_growth_year": 73.71,
            "eps_4q": 1.01,
            "eps_4q_growth_year": 219.64,
            "roe": 1.78,
            "roe_4q": 6.909999999999999,
            "gross_profit": 163670,
            "gross_margin": 11.27,
            "gross_margin_4q_avg": 11.36,
            "net_income": 26513,
            "net_income_4q": null,
            "revenue": 1451837,
            "revenue_4q": null,
            "common_shares": 917880,
            "book_valuer_per_share": 13.88,
            "book_valuer_per_share_4q_avg": 13.62,
            "equity": 1497867,
            "current_ratio": 128.24,
            "debt_ratio": 61.39,
            "inventory_turnover_ratio": 1.93,
            "account_receivable_turnover_ratio": 1.03,
            "reinvestment_rate": 160.34,
            "research_to_sale_ratio": -0.21,
            "price_fair": 34.14,
            "eps_avg_yearly": 0.98,
            "eps_latest_yearly": 0.88,
            "eps_growth_yearly": 360.97
        },
        "20131": {
            "year_quarter": 20131,
            "year": 2013,
            "quarter": 1,
            "eps": 0.11,
            "eps_growth_year": -31.25,
            "eps_4q": 0.86,
            "eps_4q_growth_year": 213.37,
            "roe": 0.02,
            "roe_4q": 5.96,
            "gross_profit": 100882,
            "gross_margin": 9.64,
            "gross_margin_4q_avg": 10.8,
            "net_income": 253,
            "net_income_4q": null,
            "revenue": 1046562,
            "revenue_4q": null,
            "common_shares": 1023880,
            "book_valuer_per_share": 13.62,
            "book_valuer_per_share_4q_avg": 13.65,
            "equity": 1503984,
            "current_ratio": 128.98,
            "debt_ratio": 59.68,
            "inventory_turnover_ratio": 1.36,
            "account_receivable_turnover_ratio": 0.74,
            "reinvestment_rate": -44.51,
            "research_to_sale_ratio": 1.24,
            "price_fair": 32.8,
            "eps_avg_yearly": 0.94,
            "eps_latest_yearly": 0.44,
            "eps_growth_yearly": 320.9
        },
        "20132": {
            "year_quarter": 20132,
            "year": 2013,
            "quarter": 2,
            "eps": 0.24,
            "eps_growth_year": 116.6,
            "eps_4q": 1,
            "eps_4q_growth_year": 142.83,
            "roe": 1.58,
            "roe_4q": 6.859999999999999,
            "gross_profit": 145930,
            "gross_margin": 12.06,
            "gross_margin_4q_avg": 10.85,
            "net_income": 23512,
            "net_income_4q": null,
            "revenue": 1209788,
            "revenue_4q": null,
            "common_shares": 1023880,
            "book_valuer_per_share": 13.29,
            "book_valuer_per_share_4q_avg": 13.64,
            "equity": 1472030,
            "current_ratio": 128.88,
            "debt_ratio": 59.73,
            "inventory_turnover_ratio": 1.45,
            "account_receivable_turnover_ratio": 0.88,
            "reinvestment_rate": -48.67,
            "research_to_sale_ratio": 1.26,
            "price_fair": 28.6,
            "eps_avg_yearly": 0.82,
            "eps_latest_yearly": 0.96,
            "eps_growth_yearly": 283.99
        },
        "20133": {
            "year_quarter": 20133,
            "year": 2013,
            "quarter": 3,
            "eps": 0.15,
            "eps_growth_year": -71.31,
            "eps_4q": 0.69,
            "eps_4q_growth_year": -25.19,
            "roe": 1.35,
            "roe_4q": 4.73,
            "gross_profit": 160936,
            "gross_margin": 13.09,
            "gross_margin_4q_avg": 11.52,
            "net_income": 20023,
            "net_income_4q": null,
            "revenue": 1229291,
            "revenue_4q": null,
            "common_shares": 1023880,
            "book_valuer_per_share": 13.41,
            "book_valuer_per_share_4q_avg": 13.55,
            "equity": 1487251,
            "current_ratio": 140.49,
            "debt_ratio": 58.78,
            "inventory_turnover_ratio": 1.46,
            "account_receivable_turnover_ratio": 0.85,
            "reinvestment_rate": -30.22,
            "research_to_sale_ratio": 1.34,
            "price_fair": 25.6,
            "eps_avg_yearly": 0.73,
            "eps_latest_yearly": 0.6,
            "eps_growth_yearly": 282.36
        },
        "20134": {
            "year_quarter": 20134,
            "year": 2013,
            "quarter": 4,
            "eps": 0.18,
            "eps_growth_year": -16.8,
            "eps_4q": 0.67,
            "eps_4q_growth_year": -33.1,
            "roe": 0.9,
            "roe_4q": 3.85,
            "gross_profit": 156569,
            "gross_margin": 12.62,
            "gross_margin_4q_avg": 11.85,
            "net_income": 13534,
            "net_income_4q": null,
            "revenue": 1240801,
            "revenue_4q": null,
            "common_shares": 1023880,
            "book_valuer_per_share": 13.62,
            "book_valuer_per_share_4q_avg": 13.49,
            "equity": 1505172,
            "current_ratio": 137,
            "debt_ratio": 59.54,
            "inventory_turnover_ratio": 1.56,
            "account_receivable_turnover_ratio": 0.83,
            "reinvestment_rate": -308.34,
            "research_to_sale_ratio": 1.44,
            "price_fair": 25.5,
            "eps_avg_yearly": 0.73,
            "eps_latest_yearly": 0.72,
            "eps_growth_yearly": 304.59
        },
        "20141": {
            "year_quarter": 20141,
            "year": 2014,
            "quarter": 1,
            "eps": -0.02,
            "eps_growth_year": -118.18,
            "eps_4q": 0.56,
            "eps_4q_growth_year": -35.43,
            "roe": -0.52,
            "roe_4q": 3.31,
            "gross_profit": 117069,
            "gross_margin": 11.66,
            "gross_margin_4q_avg": 12.36,
            "net_income": -7579,
            "net_income_4q": null,
            "revenue": 1003981,
            "revenue_4q": null,
            "common_shares": 1023880,
            "book_valuer_per_share": 13.61,
            "book_valuer_per_share_4q_avg": 13.48,
            "equity": 1425773,
            "current_ratio": 133.89,
            "debt_ratio": 60,
            "inventory_turnover_ratio": 1.28,
            "account_receivable_turnover_ratio": 0.7,
            "reinvestment_rate": -322.55,
            "research_to_sale_ratio": 1.55,
            "price_fair": 25.85,
            "eps_avg_yearly": 0.74,
            "eps_latest_yearly": 0.72,
            "eps_growth_yearly": 334.49
        },
        "20142": {
            "year_quarter": 20142,
            "year": 2014,
            "quarter": 2,
            "eps": 0.06,
            "eps_growth_year": -75,
            "eps_4q": 0.37,
            "eps_4q_growth_year": -62.93,
            "roe": 0.26,
            "roe_4q": 1.9900000000000002,
            "gross_profit": 152179,
            "gross_margin": 12.29,
            "gross_margin_4q_avg": 12.42,
            "net_income": 3573,
            "net_income_4q": null,
            "revenue": 1238441,
            "revenue_4q": null,
            "common_shares": 1023880,
            "book_valuer_per_share": 13.09,
            "book_valuer_per_share_4q_avg": 13.43,
            "equity": 1370384,
            "current_ratio": 129.33,
            "debt_ratio": 62.24,
            "inventory_turnover_ratio": 1.55,
            "account_receivable_turnover_ratio": 0.89,
            "reinvestment_rate": -359.85,
            "research_to_sale_ratio": 1.46,
            "price_fair": 24.97,
            "eps_avg_yearly": 0.71,
            "eps_latest_yearly": 0.72,
            "eps_growth_yearly": 337.92
        },
        "20143": {
            "year_quarter": 20143,
            "year": 2014,
            "quarter": 3,
            "eps": 0.21,
            "eps_growth_year": 40,
            "eps_4q": 0.43,
            "eps_4q_growth_year": -37.36,
            "roe": 1.17,
            "roe_4q": 1.81,
            "gross_profit": 139582,
            "gross_margin": 12.57,
            "gross_margin_4q_avg": 12.29,
            "net_income": 16197,
            "net_income_4q": null,
            "revenue": 1110236,
            "revenue_4q": null,
            "common_shares": 1023880,
            "book_valuer_per_share": 13.39,
            "book_valuer_per_share_4q_avg": 13.43,
            "equity": 1397274,
            "current_ratio": 132.32,
            "debt_ratio": 60.34,
            "inventory_turnover_ratio": 1.33,
            "account_receivable_turnover_ratio": 0.82,
            "reinvestment_rate": -346.41,
            "research_to_sale_ratio": 1.67,
            "price_fair": 26.6,
            "eps_avg_yearly": 0.76,
            "eps_latest_yearly": 0.84,
            "eps_growth_yearly": 445.62
        },
        "20144": {
            "year_quarter": 20144,
            "year": 2014,
            "quarter": 4,
            "eps": 0.5,
            "eps_growth_year": 176.38,
            "eps_4q": 0.75,
            "eps_4q_growth_year": 10.97,
            "roe": 3.12,
            "roe_4q": 4.029999999999999,
            "gross_profit": 174824,
            "gross_margin": 15.33,
            "gross_margin_4q_avg": 12.96,
            "net_income": 44589,
            "net_income_4q": null,
            "revenue": 1140188,
            "revenue_4q": null,
            "common_shares": 1023880,
            "book_valuer_per_share": 14.05,
            "book_valuer_per_share_4q_avg": 13.54,
            "equity": 1460016,
            "current_ratio": 135.95,
            "debt_ratio": 58.68,
            "inventory_turnover_ratio": 1.28,
            "account_receivable_turnover_ratio": 0.87,
            "reinvestment_rate": -262.13,
            "research_to_sale_ratio": 1.67,
            "price_fair": 31.73,
            "eps_avg_yearly": 0.91,
            "eps_latest_yearly": 2,
            "eps_growth_yearly": 496.41
        },
        "20151": {
            "year_quarter": 20151,
            "year": 2015,
            "quarter": 1,
            "eps": 0.24,
            "eps_growth_year": null,
            "eps_4q": 1,
            "eps_4q_growth_year": 80.21,
            "roe": 1.26,
            "roe_4q": 5.81,
            "gross_profit": 157686,
            "gross_margin": 17.9,
            "gross_margin_4q_avg": 14.52,
            "net_income": 18515,
            "net_income_4q": null,
            "revenue": 881162,
            "revenue_4q": null,
            "common_shares": 993880,
            "book_valuer_per_share": 14.24,
            "book_valuer_per_share_4q_avg": 13.69,
            "equity": 1472800,
            "current_ratio": 137.77,
            "debt_ratio": 55.86,
            "inventory_turnover_ratio": 1,
            "account_receivable_turnover_ratio": 0.7,
            "reinvestment_rate": -247.58,
            "research_to_sale_ratio": 1.95,
            "price_fair": 32.2,
            "eps_avg_yearly": 0.92,
            "eps_latest_yearly": 0.96,
            "eps_growth_yearly": 401.3
        },
        "20152": {
            "year_quarter": 20152,
            "year": 2015,
            "quarter": 2,
            "eps": 0.36,
            "eps_growth_year": 500,
            "eps_4q": 1.31,
            "eps_4q_growth_year": 252.32,
            "roe": 2.59,
            "roe_4q": 8.14,
            "gross_profit": 200793,
            "gross_margin": 21.04,
            "gross_margin_4q_avg": 16.71,
            "net_income": 37019,
            "net_income_4q": null,
            "revenue": 954462,
            "revenue_4q": null,
            "common_shares": 993880,
            "book_valuer_per_share": 13.92,
            "book_valuer_per_share_4q_avg": 13.9,
            "equity": 1383939,
            "current_ratio": 141.59,
            "debt_ratio": 53.82,
            "inventory_turnover_ratio": 1.12,
            "account_receivable_turnover_ratio": 0.88,
            "reinvestment_rate": -221.28,
            "research_to_sale_ratio": 2.01,
            "price_fair": 33.6,
            "eps_avg_yearly": 0.96,
            "eps_latest_yearly": 1.44,
            "eps_growth_yearly": 385.81
        },
        "20153": {
            "year_quarter": 20153,
            "year": 2015,
            "quarter": 3,
            "eps": 0.29,
            "eps_growth_year": 38.1,
            "eps_4q": 1.39,
            "eps_4q_growth_year": 223.09,
            "roe": 2.05,
            "roe_4q": 9.02,
            "gross_profit": 143364,
            "gross_margin": 19.16,
            "gross_margin_4q_avg": 18.36,
            "net_income": 28938,
            "net_income_4q": null,
            "revenue": 748376,
            "revenue_4q": null,
            "common_shares": 993880,
            "book_valuer_per_share": 14.48,
            "book_valuer_per_share_4q_avg": 14.17,
            "equity": 1438809,
            "current_ratio": 151.34,
            "debt_ratio": 49.95,
            "inventory_turnover_ratio": 0.99,
            "account_receivable_turnover_ratio": 0.77,
            "reinvestment_rate": -225.47,
            "research_to_sale_ratio": 3.41,
            "price_fair": 34.1,
            "eps_avg_yearly": 0.97,
            "eps_latest_yearly": 1.16,
            "eps_growth_yearly": 352.7
        },
        "20154": {
            "year_quarter": 20154,
            "year": 2015,
            "quarter": 4,
            "eps": 0.36,
            "eps_growth_year": -28.11,
            "eps_4q": 1.25,
            "eps_4q_growth_year": 67.28,
            "roe": 2.44,
            "roe_4q": 8.34,
            "gross_profit": 169333,
            "gross_margin": 21.78,
            "gross_margin_4q_avg": 19.97,
            "net_income": 35519,
            "net_income_4q": null,
            "revenue": 777317,
            "revenue_4q": null,
            "common_shares": 993880,
            "book_valuer_per_share": 14.79,
            "book_valuer_per_share_4q_avg": 14.36,
            "equity": 1470163,
            "current_ratio": 160.8,
            "debt_ratio": 46.27,
            "inventory_turnover_ratio": 1.09,
            "account_receivable_turnover_ratio": 0.86,
            "reinvestment_rate": -205.1,
            "research_to_sale_ratio": 2.12,
            "price_fair": 36.5,
            "eps_avg_yearly": 1.04,
            "eps_latest_yearly": 1.44,
            "eps_growth_yearly": 216.74
        },
        "20161": {
            "year_quarter": 20161,
            "year": 2016,
            "quarter": 1,
            "eps": 0.16,
            "eps_growth_year": -33.33,
            "eps_4q": 1.17,
            "eps_4q_growth_year": 17.11,
            "roe": 1.08,
            "roe_4q": 8.16,
            "gross_profit": 124983,
            "gross_margin": 19.59,
            "gross_margin_4q_avg": 20.39,
            "net_income": 15853,
            "net_income_4q": null,
            "revenue": 637957,
            "revenue_4q": null,
            "common_shares": 993880,
            "book_valuer_per_share": 14.87,
            "book_valuer_per_share_4q_avg": 14.52,
            "equity": 1477976,
            "current_ratio": 161.07,
            "debt_ratio": 46.2,
            "inventory_turnover_ratio": 0.98,
            "account_receivable_turnover_ratio": 0.74,
            "reinvestment_rate": -195.3,
            "research_to_sale_ratio": 2.78,
            "price_fair": 36.5,
            "eps_avg_yearly": 1.04,
            "eps_latest_yearly": 0.64,
            "eps_growth_yearly": 191.34
        },
        "20162": {
            "year_quarter": 20162,
            "year": 2016,
            "quarter": 2,
            "eps": 0.27,
            "eps_growth_year": -25,
            "eps_4q": 1.08,
            "eps_4q_growth_year": -17.6,
            "roe": 1.87,
            "roe_4q": 7.44,
            "gross_profit": 147278,
            "gross_margin": 19.35,
            "gross_margin_4q_avg": 19.97,
            "net_income": 26907,
            "net_income_4q": null,
            "revenue": 760946,
            "revenue_4q": null,
            "common_shares": 993880,
            "book_valuer_per_share": 14.13,
            "book_valuer_per_share_4q_avg": 14.57,
            "equity": 1404759,
            "current_ratio": 147.31,
            "debt_ratio": 50.16,
            "inventory_turnover_ratio": 1.2,
            "account_receivable_turnover_ratio": 0.87,
            "reinvestment_rate": -182,
            "research_to_sale_ratio": 2.84,
            "price_fair": 38.1,
            "eps_avg_yearly": 1.09,
            "eps_latest_yearly": 1.08,
            "eps_growth_yearly": 219.91
        },
        "20163": {
            "year_quarter": 20163,
            "year": 2016,
            "quarter": 3,
            "eps": 0.17,
            "eps_growth_year": -41.38,
            "eps_4q": 0.95,
            "eps_4q_growth_year": -31.37,
            "roe": 1.18,
            "roe_4q": 6.57,
            "gross_profit": 136627,
            "gross_margin": 18.34,
            "gross_margin_4q_avg": 19.77,
            "net_income": 16543,
            "net_income_4q": null,
            "revenue": 744949,
            "revenue_4q": null,
            "common_shares": 993880,
            "book_valuer_per_share": 14.16,
            "book_valuer_per_share_4q_avg": 14.49,
            "equity": 1407444,
            "current_ratio": 148.62,
            "debt_ratio": 49.74,
            "inventory_turnover_ratio": 1.24,
            "account_receivable_turnover_ratio": 0.84,
            "reinvestment_rate": -212.5,
            "research_to_sale_ratio": 2.57,
            "price_fair": 34.6,
            "eps_avg_yearly": 0.99,
            "eps_latest_yearly": 0.68,
            "eps_growth_yearly": 102.84
        },
        "20164": {
            "year_quarter": 20164,
            "year": 2016,
            "quarter": 4,
            "eps": 0.14,
            "eps_growth_year": -60.78,
            "eps_4q": 0.74,
            "eps_4q_growth_year": -41.07,
            "roe": 0.98,
            "roe_4q": 5.11,
            "gross_profit": 140894,
            "gross_margin": 16.32,
            "gross_margin_4q_avg": 18.4,
            "net_income": 13929,
            "net_income_4q": null,
            "revenue": 863481,
            "revenue_4q": null,
            "common_shares": 993880,
            "book_valuer_per_share": 14.39,
            "book_valuer_per_share_4q_avg": 14.39,
            "equity": 1430507,
            "current_ratio": 145.17,
            "debt_ratio": 49.37,
            "inventory_turnover_ratio": 1.37,
            "account_receivable_turnover_ratio": 1.03,
            "reinvestment_rate": -208.83,
            "research_to_sale_ratio": 2.57,
            "price_fair": 33.8,
            "eps_avg_yearly": 0.97,
            "eps_latest_yearly": 0.56,
            "eps_growth_yearly": 114.28
        },
        "20171": {
            "year_quarter": 20171,
            "year": 2017,
            "quarter": 1,
            "eps": 0.02,
            "eps_growth_year": -87.5,
            "eps_4q": 0.59,
            "eps_4q_growth_year": -49.34,
            "roe": 0.12,
            "roe_4q": 4.15,
            "gross_profit": 104971,
            "gross_margin": 13.28,
            "gross_margin_4q_avg": 16.82,
            "net_income": 1661,
            "net_income_4q": null,
            "revenue": 790277,
            "revenue_4q": null,
            "common_shares": 993880,
            "book_valuer_per_share": 14.14,
            "book_valuer_per_share_4q_avg": 14.21,
            "equity": 1405154,
            "current_ratio": 132.95,
            "debt_ratio": 51.71,
            "inventory_turnover_ratio": 1.25,
            "account_receivable_turnover_ratio": 0.98,
            "reinvestment_rate": 36.01,
            "research_to_sale_ratio": 2.42,
            "price_fair": 32.9,
            "eps_avg_yearly": 0.94,
            "eps_latest_yearly": 0.08,
            "eps_growth_yearly": 104.08
        },
        "20172": {
            "year_quarter": 20172,
            "year": 2017,
            "quarter": 2,
            "eps": 0.07,
            "eps_growth_year": -74.07,
            "eps_4q": 0.39,
            "eps_4q_growth_year": -63.73,
            "roe": 0.49,
            "roe_4q": 2.7699999999999996,
            "gross_profit": 93927,
            "gross_margin": 12.57,
            "gross_margin_4q_avg": 15.13,
            "net_income": 6751,
            "net_income_4q": null,
            "revenue": 747386,
            "revenue_4q": null,
            "common_shares": 993880,
            "book_valuer_per_share": 13.73,
            "book_valuer_per_share_4q_avg": 14.11,
            "equity": 1364973,
            "current_ratio": 137.84,
            "debt_ratio": 52.89,
            "inventory_turnover_ratio": 1.21,
            "account_receivable_turnover_ratio": 0.89,
            "reinvestment_rate": 39.53,
            "research_to_sale_ratio": 2.49,
            "price_fair": 31.2,
            "eps_avg_yearly": 0.89,
            "eps_latest_yearly": 0.28,
            "eps_growth_yearly": 141.74
        },
        "20173": {
            "year_quarter": 20173,
            "year": 2017,
            "quarter": 3,
            "eps": 0.29,
            "eps_growth_year": 70.59,
            "eps_4q": 0.51,
            "eps_4q_growth_year": -46.47,
            "roe": 2.06,
            "roe_4q": 3.65,
            "gross_profit": 129046,
            "gross_margin": 14.56,
            "gross_margin_4q_avg": 14.18,
            "net_income": 28417,
            "net_income_4q": null,
            "revenue": 886573,
            "revenue_4q": null,
            "common_shares": 993880,
            "book_valuer_per_share": 14.02,
            "book_valuer_per_share_4q_avg": 14.07,
            "equity": 1393001,
            "current_ratio": 137.89,
            "debt_ratio": 53.8,
            "inventory_turnover_ratio": 1.25,
            "account_receivable_turnover_ratio": 0.97,
            "reinvestment_rate": 41.97,
            "research_to_sale_ratio": 2.09,
            "price_fair": 32.6,
            "eps_avg_yearly": 0.93,
            "eps_latest_yearly": 1.16,
            "eps_growth_yearly": 242.25
        },
        "20174": {
            "year_quarter": 20174,
            "year": 2017,
            "quarter": 4,
            "eps": 0.26,
            "eps_growth_year": 85.76,
            "eps_4q": 0.63,
            "eps_4q_growth_year": -14.38,
            "roe": 1.84,
            "roe_4q": 4.510000000000001,
            "gross_profit": 138132,
            "gross_margin": 15.33,
            "gross_margin_4q_avg": 13.94,
            "net_income": 25874,
            "net_income_4q": null,
            "revenue": 900888,
            "revenue_4q": null,
            "common_shares": 993880,
            "book_valuer_per_share": 14.22,
            "book_valuer_per_share_4q_avg": 14.03,
            "equity": 1413098,
            "current_ratio": 138.89,
            "debt_ratio": 54.03,
            "inventory_turnover_ratio": 1.16,
            "account_receivable_turnover_ratio": 0.92,
            "reinvestment_rate": 36.06,
            "research_to_sale_ratio": 2.35,
            "price_fair": 33.4,
            "eps_avg_yearly": 0.95,
            "eps_latest_yearly": 1.04,
            "eps_growth_yearly": 233.58
        },
        "20181": {
            "year_quarter": 20181,
            "year": 2018,
            "quarter": 1,
            "eps": 0.04,
            "eps_growth_year": 100,
            "eps_4q": 0.66,
            "eps_4q_growth_year": 10.89,
            "roe": 0.31,
            "roe_4q": 4.7,
            "gross_profit": 98185,
            "gross_margin": 11.13,
            "gross_margin_4q_avg": 13.4,
            "net_income": 4425,
            "net_income_4q": null,
            "revenue": 882167,
            "revenue_4q": null,
            "common_shares": 993880,
            "book_valuer_per_share": 14.21,
            "book_valuer_per_share_4q_avg": 14.05,
            "equity": 1411937,
            "current_ratio": 140.49,
            "debt_ratio": 53.81,
            "inventory_turnover_ratio": 1.2,
            "account_receivable_turnover_ratio": 0.86,
            "reinvestment_rate": 32.56,
            "research_to_sale_ratio": 1.98,
            "price_fair": 31.55,
            "eps_avg_yearly": 0.9,
            "eps_latest_yearly": 0.16,
            "eps_growth_yearly": 195.44
        },
        "20182": {
            "year_quarter": 20182,
            "year": 2018,
            "quarter": 2,
            "eps": -0.02,
            "eps_growth_year": -128.57,
            "eps_4q": 0.57,
            "eps_4q_growth_year": 46.24,
            "roe": -0.13,
            "roe_4q": 4.08,
            "gross_profit": 102715,
            "gross_margin": 10.83,
            "gross_margin_4q_avg": 12.96,
            "net_income": -1853,
            "net_income_4q": null,
            "revenue": 948095,
            "revenue_4q": null,
            "common_shares": 993880,
            "book_valuer_per_share": 13.84,
            "book_valuer_per_share_4q_avg": 14.07,
            "equity": 1375182,
            "current_ratio": 138.95,
            "debt_ratio": 54.06,
            "inventory_turnover_ratio": 1.31,
            "account_receivable_turnover_ratio": 0.89,
            "reinvestment_rate": 29.64,
            "research_to_sale_ratio": 2.03,
            "price_fair": 31.55,
            "eps_avg_yearly": 0.9,
            "eps_latest_yearly": 0.16,
            "eps_growth_yearly": 195.44
        },
        "20183": {
            "year_quarter": 20183,
            "year": 2018,
            "quarter": 3,
            "eps": 0.02,
            "eps_growth_year": -93.1,
            "eps_4q": 0.3,
            "eps_4q_growth_year": -40.97,
            "roe": 0.11,
            "roe_4q": 2.13,
            "gross_profit": 125942,
            "gross_margin": 13.82,
            "gross_margin_4q_avg": 12.78,
            "net_income": 1517,
            "net_income_4q": null,
            "revenue": 911105,
            "revenue_4q": null,
            "common_shares": 993880,
            "book_valuer_per_share": 13.81,
            "book_valuer_per_share_4q_avg": 14.02,
            "equity": 1372210,
            "current_ratio": 137.26,
            "debt_ratio": 55.27,
            "inventory_turnover_ratio": 1.14,
            "account_receivable_turnover_ratio": 0.85,
            "reinvestment_rate": 24.72,
            "research_to_sale_ratio": 2.03,
            "price_fair": 31.7,
            "eps_avg_yearly": 0.91,
            "eps_latest_yearly": 0.16,
            "eps_growth_yearly": 137.97
        },
        "20184": {
            "year_quarter": 20184,
            "year": 2018,
            "quarter": 4,
            "eps": 0.06,
            "eps_growth_year": -75.74,
            "eps_4q": 0.1,
            "eps_4q_growth_year": -83.47,
            "roe": 0.46,
            "roe_4q": 0.75,
            "gross_profit": 115725,
            "gross_margin": 12.38,
            "gross_margin_4q_avg": 12.04,
            "net_income": 6278,
            "net_income_4q": null,
            "revenue": 934402,
            "revenue_4q": null,
            "common_shares": 993880,
            "book_valuer_per_share": 13.9,
            "book_valuer_per_share_4q_avg": 13.94,
            "equity": 1381656,
            "current_ratio": 139.69,
            "debt_ratio": 53.68,
            "inventory_turnover_ratio": 1.15,
            "account_receivable_turnover_ratio": 0.9,
            "reinvestment_rate": 24.25,
            "research_to_sale_ratio": 2.02,
            "price_fair": 27.3,
            "eps_avg_yearly": 0.78,
            "eps_latest_yearly": 0.24,
            "eps_growth_yearly": 155.66
        },
        "20191": {
            "year_quarter": 20191,
            "year": 2019,
            "quarter": 1,
            "eps": 0.26,
            "eps_growth_year": 550,
            "eps_4q": 0.32,
            "eps_4q_growth_year": -51.69,
            "roe": 1.84,
            "roe_4q": 2.2800000000000002,
            "gross_profit": 133602,
            "gross_margin": 18.88,
            "gross_margin_4q_avg": 13.98,
            "net_income": 25687,
            "net_income_4q": null,
            "revenue": 707529,
            "revenue_4q": null,
            "common_shares": 993880,
            "book_valuer_per_share": 14.2,
            "book_valuer_per_share_4q_avg": 13.94,
            "equity": 1411548,
            "current_ratio": 142.74,
            "debt_ratio": 52.29,
            "inventory_turnover_ratio": 0.8,
            "account_receivable_turnover_ratio": 0.72,
            "reinvestment_rate": 2.53,
            "research_to_sale_ratio": 2.64,
            "price_fair": 27.5,
            "eps_avg_yearly": 0.79,
            "eps_latest_yearly": 1.04,
            "eps_growth_yearly": 265.76
        },
        "20192": {
            "year_quarter": 20192,
            "year": 2019,
            "quarter": 2,
            "eps": 0.26,
            "eps_growth_year": null,
            "eps_4q": 0.6,
            "eps_4q_growth_year": 5.02,
            "roe": 1.85,
            "roe_4q": 4.260000000000001,
            "gross_profit": 159067,
            "gross_margin": 19.46,
            "gross_margin_4q_avg": 16.14,
            "net_income": 26236,
            "net_income_4q": null,
            "revenue": 817462,
            "revenue_4q": null,
            "common_shares": 993880,
            "book_valuer_per_share": 14.4,
            "book_valuer_per_share_4q_avg": 14.08,
            "equity": 1430700,
            "current_ratio": 143.38,
            "debt_ratio": 50.97,
            "inventory_turnover_ratio": 0.93,
            "account_receivable_turnover_ratio": 0.87,
            "reinvestment_rate": 18.25,
            "research_to_sale_ratio": 2.4,
            "price_fair": 26.5,
            "eps_avg_yearly": 0.76,
            "eps_latest_yearly": 1.04,
            "eps_growth_yearly": 251.47
        },
        "20193": {
            "year_quarter": 20193,
            "year": 2019,
            "quarter": 3,
            "eps": 0.43,
            "eps_growth_year": 2050,
            "eps_4q": 1.02,
            "eps_4q_growth_year": 238.31,
            "roe": 3,
            "roe_4q": 7.1499999999999995,
            "gross_profit": 175849,
            "gross_margin": 21.68,
            "gross_margin_4q_avg": 18.1,
            "net_income": 43166,
            "net_income_4q": null,
            "revenue": 811196,
            "revenue_4q": null,
            "common_shares": 993880,
            "book_valuer_per_share": 14.52,
            "book_valuer_per_share_4q_avg": 14.26,
            "equity": 1442638,
            "current_ratio": 146.12,
            "debt_ratio": 49.87,
            "inventory_turnover_ratio": 0.92,
            "account_receivable_turnover_ratio": 0.89,
            "reinvestment_rate": 9.77,
            "research_to_sale_ratio": 2.51,
            "price_fair": 27.9,
            "eps_avg_yearly": 0.8,
            "eps_latest_yearly": 1.72,
            "eps_growth_yearly": 275.71
        },
        "20194": {
            "year_quarter": 20194,
            "year": 2019,
            "quarter": 4,
            "eps": 0.23,
            "eps_growth_year": 262.44,
            "eps_4q": 1.19,
            "eps_4q_growth_year": 1036.72,
            "roe": 1.56,
            "roe_4q": 8.25,
            "gross_profit": 179641,
            "gross_margin": 21.42,
            "gross_margin_4q_avg": 20.36,
            "net_income": 22754,
            "net_income_4q": null,
            "revenue": 838511,
            "revenue_4q": null,
            "common_shares": 993880,
            "book_valuer_per_share": 14.74,
            "book_valuer_per_share_4q_avg": 14.47,
            "equity": 1465150,
            "current_ratio": 140.68,
            "debt_ratio": 49.53,
            "inventory_turnover_ratio": 1.02,
            "account_receivable_turnover_ratio": 0.93,
            "reinvestment_rate": -1.74,
            "research_to_sale_ratio": 2.39,
            "price_fair": 26.6,
            "eps_avg_yearly": 0.76,
            "eps_latest_yearly": 0.92,
            "eps_growth_yearly": 255.52
        },
        "20201": {
            "year_quarter": 20201,
            "year": 2020,
            "quarter": 1,
            "eps": 0.33,
            "eps_growth_year": 26.92,
            "eps_4q": 1.26,
            "eps_4q_growth_year": 296.43,
            "roe": 2.25,
            "roe_4q": 8.66,
            "gross_profit": 110514,
            "gross_margin": 20.8,
            "gross_margin_4q_avg": 20.84,
            "net_income": 33231,
            "net_income_4q": null,
            "revenue": 531219,
            "revenue_4q": null,
            "common_shares": 993880,
            "book_valuer_per_share": 14.98,
            "book_valuer_per_share_4q_avg": 14.66,
            "equity": 1489327,
            "current_ratio": 144.23,
            "debt_ratio": 46.81,
            "inventory_turnover_ratio": 0.69,
            "account_receivable_turnover_ratio": 0.62,
            "reinvestment_rate": 7.22,
            "research_to_sale_ratio": 3.11,
            "price_fair": 28.3,
            "eps_avg_yearly": 0.81,
            "eps_latest_yearly": 1.32,
            "eps_growth_yearly": 283.82
        },
        "20202": {
            "year_quarter": 20202,
            "year": 2020,
            "quarter": 2,
            "eps": -0.45,
            "eps_growth_year": -273.08,
            "eps_4q": 0.55,
            "eps_4q_growth_year": -8.46,
            "roe": -3.11,
            "roe_4q": 3.7,
            "gross_profit": 67829,
            "gross_margin": 15.65,
            "gross_margin_4q_avg": 19.89,
            "net_income": -44486,
            "net_income_4q": null,
            "revenue": 433489,
            "revenue_4q": null,
            "common_shares": 993880,
            "book_valuer_per_share": 13.8,
            "book_valuer_per_share_4q_avg": 14.51,
            "equity": 1371485,
            "current_ratio": 127.82,
            "debt_ratio": 51.25,
            "inventory_turnover_ratio": 0.61,
            "account_receivable_turnover_ratio": 0.6,
            "reinvestment_rate": 17.28,
            "research_to_sale_ratio": 3.75,
            "price_fair": 27.57,
            "eps_avg_yearly": 0.79,
            "eps_latest_yearly": 1.32,
            "eps_growth_yearly": 284.5
        },
        "20203": {
            "year_quarter": 20203,
            "year": 2020,
            "quarter": 3,
            "eps": 0.34,
            "eps_growth_year": -20.93,
            "eps_4q": 0.46,
            "eps_4q_growth_year": -55.31,
            "roe": 2.42,
            "roe_4q": 3.12,
            "gross_profit": 144469,
            "gross_margin": 21.86,
            "gross_margin_4q_avg": 19.93,
            "net_income": 33797,
            "net_income_4q": null,
            "revenue": 660925,
            "revenue_4q": null,
            "common_shares": 993880,
            "book_valuer_per_share": 14.27,
            "book_valuer_per_share_4q_avg": 14.45,
            "equity": 1418317,
            "current_ratio": 118.63,
            "debt_ratio": 52.74,
            "inventory_turnover_ratio": 0.91,
            "account_receivable_turnover_ratio": 1.05,
            "reinvestment_rate": 88.93,
            "research_to_sale_ratio": 2.78,
            "price_fair": 27.88,
            "eps_avg_yearly": 0.8,
            "eps_latest_yearly": 1.32,
            "eps_growth_yearly": 320.55
        },
        "20204": {
            "year_quarter": 20204,
            "year": 2020,
            "quarter": 4,
            "eps": 0.52,
            "eps_growth_year": 126.19,
            "eps_4q": 0.74,
            "eps_4q_growth_year": -37.2,
            "roe": 3.55,
            "roe_4q": 5.109999999999999,
            "gross_profit": 134417,
            "gross_margin": 18.22,
            "gross_margin_4q_avg": 19.13,
            "net_income": 51468,
            "net_income_4q": null,
            "revenue": 737782,
            "revenue_4q": null,
            "common_shares": 993880,
            "book_valuer_per_share": 14.94,
            "book_valuer_per_share_4q_avg": 14.5,
            "equity": 1484544,
            "current_ratio": 137.38,
            "debt_ratio": 51.41,
            "inventory_turnover_ratio": 1.02,
            "account_receivable_turnover_ratio": 1.09,
            "reinvestment_rate": 67.95,
            "research_to_sale_ratio": 2.59,
            "price_fair": 32.32,
            "eps_avg_yearly": 0.92,
            "eps_latest_yearly": 2.08,
            "eps_growth_yearly": 344.08
        },
        "20211": {
            "year_quarter": 20211,
            "year": 2021,
            "quarter": 1,
            "eps": 0.02,
            "eps_growth_year": -93.94,
            "eps_4q": 0.43,
            "eps_4q_growth_year": -65.77,
            "roe": 0.14,
            "roe_4q": 2.9999999999999996,
            "gross_profit": 98813,
            "gross_margin": 14.5,
            "gross_margin_4q_avg": 17.56,
            "net_income": 2137,
            "net_income_4q": null,
            "revenue": 681553,
            "revenue_4q": null,
            "common_shares": 993880,
            "book_valuer_per_share": 14.9,
            "book_valuer_per_share_4q_avg": 14.48,
            "equity": 1480923,
            "current_ratio": 124.46,
            "debt_ratio": 53.64,
            "inventory_turnover_ratio": 0.92,
            "account_receivable_turnover_ratio": 0.96,
            "reinvestment_rate": 1.12,
            "research_to_sale_ratio": 2.43,
            "price_fair": 32.32,
            "eps_avg_yearly": 0.92,
            "eps_latest_yearly": 0.08,
            "eps_growth_yearly": 340.6
        },
        "20212": {
            "year_quarter": 20212,
            "year": 2021,
            "quarter": 2,
            "eps": 0.11,
            "eps_growth_year": null,
            "eps_4q": 0.99,
            "eps_4q_growth_year": 80.17,
            "roe": 0.76,
            "roe_4q": 6.87,
            "gross_profit": 121151,
            "gross_margin": 13.92,
            "gross_margin_4q_avg": 17.13,
            "net_income": 11090,
            "net_income_4q": null,
            "revenue": 870429,
            "revenue_4q": null,
            "common_shares": 993880,
            "book_valuer_per_share": 14.41,
            "book_valuer_per_share_4q_avg": 14.63,
            "equity": 1432344,
            "current_ratio": 138.97,
            "debt_ratio": 58.08,
            "inventory_turnover_ratio": 1.14,
            "account_receivable_turnover_ratio": 1.13,
            "reinvestment_rate": 1.38,
            "research_to_sale_ratio": 2.19,
            "price_fair": 32.78,
            "eps_avg_yearly": 0.94,
            "eps_latest_yearly": 0.44,
            "eps_growth_yearly": 407.27
        },
        "20213": {
            "year_quarter": 20213,
            "year": 2021,
            "quarter": 3,
            "eps": -0.03,
            "eps_growth_year": -108.82,
            "eps_4q": 0.62,
            "eps_4q_growth_year": 36.15,
            "roe": -0.21,
            "roe_4q": 4.24,
            "gross_profit": 103314,
            "gross_margin": 13.29,
            "gross_margin_4q_avg": 14.98,
            "net_income": -3026,
            "net_income_4q": null,
            "revenue": 777662,
            "revenue_4q": null,
            "common_shares": 993880,
            "book_valuer_per_share": 14.37,
            "book_valuer_per_share_4q_avg": 14.66,
            "equity": 1428464,
            "current_ratio": 115.71,
            "debt_ratio": 61.83,
            "inventory_turnover_ratio": 0.89,
            "account_receivable_turnover_ratio": 0.89,
            "reinvestment_rate": 158.15,
            "research_to_sale_ratio": 2.22,
            "price_fair": 32.07,
            "eps_avg_yearly": 0.92,
            "eps_latest_yearly": 0.44,
            "eps_growth_yearly": 330
        },
        "20214": {
            "year_quarter": 20214,
            "year": 2021,
            "quarter": 4,
            "eps": -0,
            "eps_growth_year": -100.28,
            "eps_4q": 0.1,
            "eps_4q_growth_year": -86.41,
            "roe": -0.01,
            "roe_4q": 0.68,
            "gross_profit": 109915,
            "gross_margin": 12.61,
            "gross_margin_4q_avg": 13.58,
            "net_income": -144,
            "net_income_4q": null,
            "revenue": 871462,
            "revenue_4q": null,
            "common_shares": 993880,
            "book_valuer_per_share": 14.41,
            "book_valuer_per_share_4q_avg": 14.52,
            "equity": 1432218,
            "current_ratio": 114.72,
            "debt_ratio": 61.47,
            "inventory_turnover_ratio": 0.96,
            "account_receivable_turnover_ratio": 0.93,
            "reinvestment_rate": 184.22,
            "research_to_sale_ratio": 2.02,
            "price_fair": 31.64,
            "eps_avg_yearly": 0.9,
            "eps_latest_yearly": 0.44,
            "eps_growth_yearly": 367.14
        },
        "20221": {
            "year_quarter": 20221,
            "year": 2022,
            "quarter": 1,
            "eps": -0.08,
            "eps_growth_year": -500,
            "eps_4q": -0,
            "eps_4q_growth_year": -100.15,
            "roe": -0.55,
            "roe_4q": -0.010000000000000009,
            "gross_profit": 111517,
            "gross_margin": 13.93,
            "gross_margin_4q_avg": 13.44,
            "net_income": -7985,
            "net_income_4q": null,
            "revenue": 800540,
            "revenue_4q": null,
            "common_shares": 993880,
            "book_valuer_per_share": 14.6,
            "book_valuer_per_share_4q_avg": 14.45,
            "equity": 1450605,
            "current_ratio": 112.92,
            "debt_ratio": 62.45,
            "inventory_turnover_ratio": 0.84,
            "account_receivable_turnover_ratio": 0.85,
            "reinvestment_rate": 218.2,
            "research_to_sale_ratio": 2.13,
            "price_fair": 34.53,
            "eps_avg_yearly": 0.99,
            "eps_latest_yearly": 0.44,
            "eps_growth_yearly": 445.54
        },
        "20222": {
            "year_quarter": 20222,
            "year": 2022,
            "quarter": 2,
            "eps": 0.17,
            "eps_growth_year": 54.55,
            "eps_4q": 0.06,
            "eps_4q_growth_year": -93.89,
            "roe": 1.18,
            "roe_4q": 0.4099999999999999,
            "gross_profit": 110443,
            "gross_margin": 13.5,
            "gross_margin_4q_avg": 13.33,
            "net_income": 17175,
            "net_income_4q": null,
            "revenue": 817897,
            "revenue_4q": null,
            "common_shares": 993880,
            "book_valuer_per_share": 14.74,
            "book_valuer_per_share_4q_avg": 14.53,
            "equity": 1465298,
            "current_ratio": 112.04,
            "debt_ratio": 63.09,
            "inventory_turnover_ratio": 0.79,
            "account_receivable_turnover_ratio": 0.85,
            "reinvestment_rate": 213.92,
            "research_to_sale_ratio": 2.31,
            "price_fair": 34.53,
            "eps_avg_yearly": 0.99,
            "eps_latest_yearly": 0.44,
            "eps_growth_yearly": 445.54
        },
        "20223": {
            "year_quarter": 20223,
            "year": 2022,
            "quarter": 3,
            "eps": 0.04,
            "eps_growth_year": null,
            "eps_4q": 0.13,
            "eps_4q_growth_year": -79.52,
            "roe": 0.24,
            "roe_4q": 0.8599999999999999,
            "gross_profit": 77300,
            "gross_margin": 10.9,
            "gross_margin_4q_avg": 12.74,
            "net_income": 3586,
            "net_income_4q": null,
            "revenue": 709318,
            "revenue_4q": null,
            "common_shares": 993880,
            "book_valuer_per_share": 14.96,
            "book_valuer_per_share_4q_avg": 14.68,
            "equity": 1486365,
            "current_ratio": 113.23,
            "debt_ratio": 61.36,
            "inventory_turnover_ratio": 0.72,
            "account_receivable_turnover_ratio": 0.76,
            "reinvestment_rate": 218.69,
            "research_to_sale_ratio": 2.64,
            "price_fair": 31.64,
            "eps_avg_yearly": 0.9,
            "eps_latest_yearly": 0.16,
            "eps_growth_yearly": 370.4
        },
        "20224": {
            "year_quarter": 20224,
            "year": 2022,
            "quarter": 4,
            "eps": 0.23,
            "eps_growth_year": null,
            "eps_4q": 0.35,
            "eps_4q_growth_year": 250.11,
            "roe": 1.5,
            "roe_4q": 2.37,
            "gross_profit": 86754,
            "gross_margin": 13.78,
            "gross_margin_4q_avg": 13.03,
            "net_income": 22434,
            "net_income_4q": null,
            "revenue": 629436,
            "revenue_4q": null,
            "common_shares": 993880,
            "book_valuer_per_share": 15.05,
            "book_valuer_per_share_4q_avg": 14.84,
            "equity": 1495499,
            "current_ratio": 117.92,
            "debt_ratio": 55.87,
            "inventory_turnover_ratio": 0.72,
            "account_receivable_turnover_ratio": 0.78,
            "reinvestment_rate": 202.27,
            "research_to_sale_ratio": 2.62,
            "price_fair": 34.02,
            "eps_avg_yearly": 0.97,
            "eps_latest_yearly": 0.92,
            "eps_growth_yearly": 480.4
        },
        "20231": {
            "year_quarter": 20231,
            "year": 2023,
            "quarter": 1,
            "eps": 0.21,
            "eps_growth_year": null,
            "eps_4q": 0.64,
            "eps_4q_growth_year": null,
            "roe": 1.36,
            "roe_4q": 4.28,
            "gross_profit": 113793,
            "gross_margin": 19.94,
            "gross_margin_4q_avg": 14.53,
            "net_income": 20482,
            "net_income_4q": null,
            "revenue": 570752,
            "revenue_4q": null,
            "common_shares": 993880,
            "book_valuer_per_share": 15.27,
            "book_valuer_per_share_4q_avg": 15.01,
            "equity": 1517207,
            "current_ratio": 119.3,
            "debt_ratio": 55.44,
            "inventory_turnover_ratio": 0.67,
            "account_receivable_turnover_ratio": 0.84,
            "reinvestment_rate": 209.47,
            "research_to_sale_ratio": 2.69,
            "price_fair": 33.32,
            "eps_avg_yearly": 0.95,
            "eps_latest_yearly": 0.84,
            "eps_growth_yearly": 343.59
        },
        "20232": {
            "year_quarter": 20232,
            "year": 2023,
            "quarter": 2,
            "eps": 0.01,
            "eps_growth_year": -94.12,
            "eps_4q": 0.48,
            "eps_4q_growth_year": 695.74,
            "roe": 0.09,
            "roe_4q": 3.1900000000000004,
            "gross_profit": 78727,
            "gross_margin": 14.33,
            "gross_margin_4q_avg": 14.74,
            "net_income": 1402,
            "net_income_4q": null,
            "revenue": 549221,
            "revenue_4q": null,
            "common_shares": 993880,
            "book_valuer_per_share": 14.64,
            "book_valuer_per_share_4q_avg": 14.98,
            "equity": 1455055,
            "current_ratio": 112.87,
            "debt_ratio": 55.68,
            "inventory_turnover_ratio": 0.75,
            "account_receivable_turnover_ratio": 0.92,
            "reinvestment_rate": 237.8,
            "research_to_sale_ratio": 2.84,
            "price_fair": 29.82,
            "eps_avg_yearly": 0.85,
            "eps_latest_yearly": 0.04,
            "eps_growth_yearly": 305.49
        },
        "20233": {
            "year_quarter": 20233,
            "year": 2023,
            "quarter": 3,
            "eps": 0.3,
            "eps_growth_year": 650,
            "eps_4q": 0.75,
            "eps_4q_growth_year": 486.33,
            "roe": 2.02,
            "roe_4q": 4.97,
            "gross_profit": 118827,
            "gross_margin": 18.86,
            "gross_margin_4q_avg": 16.73,
            "net_income": 29747,
            "net_income_4q": null,
            "revenue": 630053,
            "revenue_4q": null,
            "common_shares": 993880,
            "book_valuer_per_share": 15.04,
            "book_valuer_per_share_4q_avg": 15,
            "equity": 1495121,
            "current_ratio": 113.9,
            "debt_ratio": 55.3,
            "inventory_turnover_ratio": 0.87,
            "account_receivable_turnover_ratio": 1.06,
            "reinvestment_rate": 258.37,
            "research_to_sale_ratio": 2.6,
            "price_fair": 28,
            "eps_avg_yearly": 0.8,
            "eps_latest_yearly": 1.2,
            "eps_growth_yearly": 1439.34
        },
        "20234": {
            "year_quarter": 20234,
            "year": 2023,
            "quarter": 4,
            "eps": 0.24,
            "eps_growth_year": 5.13,
            "eps_4q": 0.76,
            "eps_4q_growth_year": 113.62,
            "roe": 1.58,
            "roe_4q": 5.05,
            "gross_profit": 128502,
            "gross_margin": 20.81,
            "gross_margin_4q_avg": 18.49,
            "net_income": 23584,
            "net_income_4q": null,
            "revenue": 617486,
            "revenue_4q": null,
            "common_shares": 993880,
            "book_valuer_per_share": 15.07,
            "book_valuer_per_share_4q_avg": 15.01,
            "equity": 1497654,
            "current_ratio": 112.67,
            "debt_ratio": 54.58,
            "inventory_turnover_ratio": 0.83,
            "account_receivable_turnover_ratio": 1.02,
            "reinvestment_rate": 264.26,
            "research_to_sale_ratio": 2.73,
            "price_fair": 28.14,
            "eps_avg_yearly": 0.8,
            "eps_latest_yearly": 0.96,
            "eps_growth_yearly": 1449.94
        }
    },
    "months": {
        "2002-08": {
            "month": "2002-08",
            "price": "37.88",
            "revenue": 104138
        },
        "2002-09": {
            "month": "2002-09",
            "price": "34.72",
            "revenue": 94021
        },
        "2002-10": {
            "month": "2002-10",
            "price": "32.51",
            "revenue": 122072
        },
        "2002-11": {
            "month": "2002-11",
            "price": "33.52",
            "revenue": 134802
        },
        "2002-12": {
            "month": "2002-12",
            "price": "35.78",
            "revenue": 116072
        },
        "2003-01": {
            "month": "2003-01",
            "price": "35.84",
            "revenue": 88310
        },
        "2003-02": {
            "month": "2003-02",
            "price": "32.28",
            "revenue": 94883
        },
        "2003-03": {
            "month": "2003-03",
            "price": "30.19",
            "revenue": 132823
        },
        "2003-04": {
            "month": "2003-04",
            "price": "29.09",
            "revenue": 124678
        },
        "2003-05": {
            "month": "2003-05",
            "price": "25.55",
            "revenue": 104194
        },
        "2003-06": {
            "month": "2003-06",
            "price": "27.35",
            "revenue": 106127
        },
        "2003-07": {
            "month": "2003-07",
            "price": "28.36",
            "revenue": 103239
        },
        "2003-08": {
            "month": "2003-08",
            "price": "29.30",
            "revenue": 95550
        },
        "2003-09": {
            "month": "2003-09",
            "price": "24.16",
            "revenue": 104609
        },
        "2003-10": {
            "month": "2003-10",
            "price": "24.30",
            "revenue": 136529
        },
        "2003-11": {
            "month": "2003-11",
            "price": "24.96",
            "revenue": 134337
        },
        "2003-12": {
            "month": "2003-12",
            "price": "24.38",
            "revenue": 136466
        },
        "2004-01": {
            "month": "2004-01",
            "price": "24.64",
            "revenue": 72418
        },
        "2004-02": {
            "month": "2004-02",
            "price": "26.22",
            "revenue": 124749
        },
        "2004-03": {
            "month": "2004-03",
            "price": "25.66",
            "revenue": 138854
        },
        "2004-04": {
            "month": "2004-04",
            "price": "25.09",
            "revenue": 144293
        },
        "2004-05": {
            "month": "2004-05",
            "price": "21.85",
            "revenue": 152886
        },
        "2004-06": {
            "month": "2004-06",
            "price": "20.96",
            "revenue": 128367
        },
        "2004-07": {
            "month": "2004-07",
            "price": "20.69",
            "revenue": 119862
        },
        "2004-08": {
            "month": "2004-08",
            "price": "17.72",
            "revenue": 134666
        },
        "2004-09": {
            "month": "2004-09",
            "price": "18.42",
            "revenue": 154005
        },
        "2004-10": {
            "month": "2004-10",
            "price": "18.20",
            "revenue": 182451
        },
        "2004-11": {
            "month": "2004-11",
            "price": "17.73",
            "revenue": 174031
        },
        "2004-12": {
            "month": "2004-12",
            "price": "17.76",
            "revenue": 145880
        },
        "2005-01": {
            "month": "2005-01",
            "price": "18.35",
            "revenue": 112734
        },
        "2005-02": {
            "month": "2005-02",
            "price": "18.51",
            "revenue": 102127
        },
        "2005-03": {
            "month": "2005-03",
            "price": "18.36",
            "revenue": 197470
        },
        "2005-04": {
            "month": "2005-04",
            "price": "17.81",
            "revenue": 137747
        },
        "2005-05": {
            "month": "2005-05",
            "price": "17.62",
            "revenue": 151837
        },
        "2005-06": {
            "month": "2005-06",
            "price": "17.27",
            "revenue": 122439
        },
        "2005-07": {
            "month": "2005-07",
            "price": "16.72",
            "revenue": 118873
        },
        "2005-08": {
            "month": "2005-08",
            "price": "15.73",
            "revenue": 135251
        },
        "2005-09": {
            "month": "2005-09",
            "price": "14.34",
            "revenue": 114361
        },
        "2005-10": {
            "month": "2005-10",
            "price": "13.99",
            "revenue": 140222
        },
        "2005-11": {
            "month": "2005-11",
            "price": "13.76",
            "revenue": 147649
        },
        "2005-12": {
            "month": "2005-12",
            "price": "13.10",
            "revenue": 136289
        },
        "2006-01": {
            "month": "2006-01",
            "price": "12.70",
            "revenue": 94578
        },
        "2006-02": {
            "month": "2006-02",
            "price": "12.92",
            "revenue": 102879
        },
        "2006-03": {
            "month": "2006-03",
            "price": "13.29",
            "revenue": 191771
        },
        "2006-04": {
            "month": "2006-04",
            "price": "13.79",
            "revenue": 151561
        },
        "2006-05": {
            "month": "2006-05",
            "price": "14.21",
            "revenue": 203666
        },
        "2006-06": {
            "month": "2006-06",
            "price": "13.60",
            "revenue": 187246
        },
        "2006-07": {
            "month": "2006-07",
            "price": "13.14",
            "revenue": 189449
        },
        "2006-08": {
            "month": "2006-08",
            "price": "13.30",
            "revenue": 194181
        },
        "2006-09": {
            "month": "2006-09",
            "price": "13.01",
            "revenue": 169673
        },
        "2006-10": {
            "month": "2006-10",
            "price": "13.12",
            "revenue": 197405
        },
        "2006-11": {
            "month": "2006-11",
            "price": "13.20",
            "revenue": 187695
        },
        "2006-12": {
            "month": "2006-12",
            "price": "14.15",
            "revenue": 217213
        },
        "2007-01": {
            "month": "2007-01",
            "price": "16.38",
            "revenue": 207761
        },
        "2007-02": {
            "month": "2007-02",
            "price": "15.13",
            "revenue": 100498
        },
        "2007-03": {
            "month": "2007-03",
            "price": "14.73",
            "revenue": 234656
        },
        "2007-04": {
            "month": "2007-04",
            "price": "15.44",
            "revenue": 190870
        },
        "2007-05": {
            "month": "2007-05",
            "price": "14.72",
            "revenue": 239354
        },
        "2007-06": {
            "month": "2007-06",
            "price": "14.86",
            "revenue": 174030
        },
        "2007-07": {
            "month": "2007-07",
            "price": "16.39",
            "revenue": 198514
        },
        "2007-08": {
            "month": "2007-08",
            "price": "14.28",
            "revenue": 216796
        },
        "2007-09": {
            "month": "2007-09",
            "price": "14.38",
            "revenue": 152435
        },
        "2007-10": {
            "month": "2007-10",
            "price": "14.14",
            "revenue": 271347
        },
        "2007-11": {
            "month": "2007-11",
            "price": "13.55",
            "revenue": 241809
        },
        "2007-12": {
            "month": "2007-12",
            "price": "12.77",
            "revenue": 206632
        },
        "2008-01": {
            "month": "2008-01",
            "price": "11.82",
            "revenue": 184873
        },
        "2008-02": {
            "month": "2008-02",
            "price": "11.10",
            "revenue": 153039
        },
        "2008-03": {
            "month": "2008-03",
            "price": "11.85",
            "revenue": 200056
        },
        "2008-04": {
            "month": "2008-04",
            "price": "13.81",
            "revenue": 226574
        },
        "2008-05": {
            "month": "2008-05",
            "price": "15.39",
            "revenue": 255298
        },
        "2008-06": {
            "month": "2008-06",
            "price": "13.82",
            "revenue": 223456
        },
        "2008-07": {
            "month": "2008-07",
            "price": "11.93",
            "revenue": 195555
        },
        "2008-08": {
            "month": "2008-08",
            "price": "10.27",
            "revenue": 159686
        },
        "2008-09": {
            "month": "2008-09",
            "price": "7.61",
            "revenue": 147762
        },
        "2008-10": {
            "month": "2008-10",
            "price": "8.33",
            "revenue": 154005
        },
        "2008-11": {
            "month": "2008-11",
            "price": "8.36",
            "revenue": 131285
        },
        "2008-12": {
            "month": "2008-12",
            "price": "6.86",
            "revenue": 139724
        },
        "2009-01": {
            "month": "2009-01",
            "price": "6.38",
            "revenue": 161536
        },
        "2009-02": {
            "month": "2009-02",
            "price": "6.63",
            "revenue": 317367
        },
        "2009-03": {
            "month": "2009-03",
            "price": "7.63",
            "revenue": 370975
        },
        "2009-04": {
            "month": "2009-04",
            "price": "9.18",
            "revenue": 429884
        },
        "2009-05": {
            "month": "2009-05",
            "price": "9.59",
            "revenue": 378533
        },
        "2009-06": {
            "month": "2009-06",
            "price": "9.80",
            "revenue": 390649
        },
        "2009-07": {
            "month": "2009-07",
            "price": "10.12",
            "revenue": 380040
        },
        "2009-08": {
            "month": "2009-08",
            "price": "11.06",
            "revenue": 392415
        },
        "2009-09": {
            "month": "2009-09",
            "price": "13.24",
            "revenue": 464196
        },
        "2009-10": {
            "month": "2009-10",
            "price": "14.41",
            "revenue": 391865
        },
        "2009-11": {
            "month": "2009-11",
            "price": "15.47",
            "revenue": 397081
        },
        "2009-12": {
            "month": "2009-12",
            "price": "15.80",
            "revenue": 454462368
        },
        "2010-01": {
            "month": "2010-01",
            "price": "17.56",
            "revenue": 403495
        },
        "2010-02": {
            "month": "2010-02",
            "price": "15.51",
            "revenue": 225849
        },
        "2010-03": {
            "month": "2010-03",
            "price": "16.37",
            "revenue": 541787
        },
        "2010-04": {
            "month": "2010-04",
            "price": "20.38",
            "revenue": 573897
        },
        "2010-05": {
            "month": "2010-05",
            "price": "17.89",
            "revenue": 523149
        },
        "2010-06": {
            "month": "2010-06",
            "price": "18.06",
            "revenue": 472451
        },
        "2010-07": {
            "month": "2010-07",
            "price": "17.50",
            "revenue": 455432
        },
        "2010-08": {
            "month": "2010-08",
            "price": "18.30",
            "revenue": 437091
        },
        "2010-09": {
            "month": "2010-09",
            "price": "16.66",
            "revenue": 480873
        },
        "2010-10": {
            "month": "2010-10",
            "price": "16.20",
            "revenue": 535896
        },
        "2010-11": {
            "month": "2010-11",
            "price": "14.22",
            "revenue": 594783
        },
        "2010-12": {
            "month": "2010-12",
            "price": "15.00",
            "revenue": 497750
        },
        "2011-01": {
            "month": "2011-01",
            "price": "15.06",
            "revenue": 382520
        },
        "2011-02": {
            "month": "2011-02",
            "price": "14.49",
            "revenue": 292955
        },
        "2011-03": {
            "month": "2011-03",
            "price": "13.99",
            "revenue": 642465
        },
        "2011-04": {
            "month": "2011-04",
            "price": "15.52",
            "revenue": 480855
        },
        "2011-05": {
            "month": "2011-05",
            "price": "14.46",
            "revenue": 408453
        },
        "2011-06": {
            "month": "2011-06",
            "price": "14.10",
            "revenue": 390516
        },
        "2011-07": {
            "month": "2011-07",
            "price": "12.73",
            "revenue": 383665
        },
        "2011-08": {
            "month": "2011-08",
            "price": "10.67",
            "revenue": 457089
        },
        "2011-09": {
            "month": "2011-09",
            "price": "9.94",
            "revenue": 454531
        },
        "2011-10": {
            "month": "2011-10",
            "price": "9.97",
            "revenue": 454365
        },
        "2011-11": {
            "month": "2011-11",
            "price": "9.84",
            "revenue": 474237
        },
        "2011-12": {
            "month": "2011-12",
            "price": "9.97",
            "revenue": 487094
        },
        "2012-01": {
            "month": "2012-01",
            "price": "11.65",
            "revenue": 221819
        },
        "2012-02": {
            "month": "2012-02",
            "price": "12.19",
            "revenue": 411989
        },
        "2012-03": {
            "month": "2012-03",
            "price": "11.70",
            "revenue": 513235
        },
        "2012-04": {
            "month": "2012-04",
            "price": "10.56",
            "revenue": 412229
        },
        "2012-05": {
            "month": "2012-05",
            "price": "10.43",
            "revenue": 401919
        },
        "2012-06": {
            "month": "2012-06",
            "price": "10.35",
            "revenue": 361754
        },
        "2012-07": {
            "month": "2012-07",
            "price": "10.36",
            "revenue": 384201
        },
        "2012-08": {
            "month": "2012-08",
            "price": "10.85",
            "revenue": 398381
        },
        "2012-09": {
            "month": "2012-09",
            "price": "11.14",
            "revenue": 408690
        },
        "2012-10": {
            "month": "2012-10",
            "price": "10.54",
            "revenue": 470923
        },
        "2012-11": {
            "month": "2012-11",
            "price": "10.71",
            "revenue": 468983
        },
        "2012-12": {
            "month": "2012-12",
            "price": "11.51",
            "revenue": 431600
        },
        "2013-01": {
            "month": "2013-01",
            "price": "12.89",
            "revenue": 405262
        },
        "2013-02": {
            "month": "2013-02",
            "price": "13.14",
            "revenue": 184688
        },
        "2013-03": {
            "month": "2013-03",
            "price": "12.63",
            "revenue": 462711
        },
        "2013-04": {
            "month": "2013-04",
            "price": "12.35",
            "revenue": 422536
        },
        "2013-05": {
            "month": "2013-05",
            "price": "12.52",
            "revenue": 438741
        },
        "2013-06": {
            "month": "2013-06",
            "price": "12.72",
            "revenue": 335717
        },
        "2013-07": {
            "month": "2013-07",
            "price": "11.91",
            "revenue": 388936
        },
        "2013-08": {
            "month": "2013-08",
            "price": "11.76",
            "revenue": 410883
        },
        "2013-09": {
            "month": "2013-09",
            "price": "12.18",
            "revenue": 406261
        },
        "2013-10": {
            "month": "2013-10",
            "price": "12.52",
            "revenue": 436904
        },
        "2013-11": {
            "month": "2013-11",
            "price": "12.28",
            "revenue": 416267
        },
        "2013-12": {
            "month": "2013-12",
            "price": "12.43",
            "revenue": 407801
        },
        "2014-01": {
            "month": "2014-01",
            "price": "12.69",
            "revenue": 298119
        },
        "2014-02": {
            "month": "2014-02",
            "price": "12.53",
            "revenue": 265268
        },
        "2014-03": {
            "month": "2014-03",
            "price": "12.65",
            "revenue": 439992
        },
        "2014-04": {
            "month": "2014-04",
            "price": "12.68",
            "revenue": 457853
        },
        "2014-05": {
            "month": "2014-05",
            "price": "12.56",
            "revenue": 404421
        },
        "2014-06": {
            "month": "2014-06",
            "price": "12.52",
            "revenue": 376601
        },
        "2014-07": {
            "month": "2014-07",
            "price": "12.45",
            "revenue": 388320
        },
        "2014-08": {
            "month": "2014-08",
            "price": "12.10",
            "revenue": 349073
        },
        "2014-09": {
            "month": "2014-09",
            "price": "11.95",
            "revenue": 372547
        },
        "2014-10": {
            "month": "2014-10",
            "price": "11.14",
            "revenue": 382434
        },
        "2014-11": {
            "month": "2014-11",
            "price": "10.72",
            "revenue": 358494
        },
        "2014-12": {
            "month": "2014-12",
            "price": "10.96",
            "revenue": 398889
        },
        "2015-01": {
            "month": "2015-01",
            "price": "11.54",
            "revenue": 322456
        },
        "2015-02": {
            "month": "2015-02",
            "price": "11.55",
            "revenue": 190706
        },
        "2015-03": {
            "month": "2015-03",
            "price": "11.87",
            "revenue": 368149
        },
        "2015-04": {
            "month": "2015-04",
            "price": "12.15",
            "revenue": 420013
        },
        "2015-05": {
            "month": "2015-05",
            "price": "12.05",
            "revenue": 262555
        },
        "2015-06": {
            "month": "2015-06",
            "price": "11.80",
            "revenue": 272112
        },
        "2015-07": {
            "month": "2015-07",
            "price": "11.47",
            "revenue": 269888
        },
        "2015-08": {
            "month": "2015-08",
            "price": "11.04",
            "revenue": 224017
        },
        "2015-09": {
            "month": "2015-09",
            "price": "11.27",
            "revenue": 254084
        },
        "2015-10": {
            "month": "2015-10",
            "price": "12.06",
            "revenue": 258500
        },
        "2015-11": {
            "month": "2015-11",
            "price": "11.90",
            "revenue": 254593
        },
        "2015-12": {
            "month": "2015-12",
            "price": "11.88",
            "revenue": 264115
        },
        "2016-01": {
            "month": "2016-01",
            "price": "11.75",
            "revenue": 230605
        },
        "2016-02": {
            "month": "2016-02",
            "price": "11.73",
            "revenue": 119878
        },
        "2016-03": {
            "month": "2016-03",
            "price": "13.19",
            "revenue": 286731
        },
        "2016-04": {
            "month": "2016-04",
            "price": "14.70",
            "revenue": 273366
        },
        "2016-05": {
            "month": "2016-05",
            "price": "13.52",
            "revenue": 251209
        },
        "2016-06": {
            "month": "2016-06",
            "price": "13.24",
            "revenue": 236473
        },
        "2016-07": {
            "month": "2016-07",
            "price": "12.65",
            "revenue": 213490
        },
        "2016-08": {
            "month": "2016-08",
            "price": "12.06",
            "revenue": 263392
        },
        "2016-09": {
            "month": "2016-09",
            "price": "12.13",
            "revenue": 267751
        },
        "2016-10": {
            "month": "2016-10",
            "price": "12.12",
            "revenue": 303670
        },
        "2016-11": {
            "month": "2016-11",
            "price": "12.01",
            "revenue": 294082
        },
        "2016-12": {
            "month": "2016-12",
            "price": "12.45",
            "revenue": 266727
        },
        "2017-01": {
            "month": "2017-01",
            "price": "12.46",
            "revenue": 193218
        },
        "2017-02": {
            "month": "2017-02",
            "price": "12.70",
            "revenue": 235472
        },
        "2017-03": {
            "month": "2017-03",
            "price": "13.15",
            "revenue": 361061
        },
        "2017-04": {
            "month": "2017-04",
            "price": "12.88",
            "revenue": 266100
        },
        "2017-05": {
            "month": "2017-05",
            "price": "12.69",
            "revenue": 240126
        },
        "2017-06": {
            "month": "2017-06",
            "price": "12.64",
            "revenue": 241146
        },
        "2017-07": {
            "month": "2017-07",
            "price": "12.47",
            "revenue": 251307
        },
        "2017-08": {
            "month": "2017-08",
            "price": "12.56",
            "revenue": 338307
        },
        "2017-09": {
            "month": "2017-09",
            "price": "13.38",
            "revenue": 296542
        },
        "2017-10": {
            "month": "2017-10",
            "price": "15.64",
            "revenue": 311785
        },
        "2017-11": {
            "month": "2017-11",
            "price": "18.85",
            "revenue": 308586
        },
        "2017-12": {
            "month": "2017-12",
            "price": "19.17",
            "revenue": 280341
        },
        "2018-01": {
            "month": "2018-01",
            "price": "16.91",
            "revenue": 324294
        },
        "2018-02": {
            "month": "2018-02",
            "price": "14.87",
            "revenue": 167665
        },
        "2018-03": {
            "month": "2018-03",
            "price": "14.96",
            "revenue": 390061
        },
        "2018-04": {
            "month": "2018-04",
            "price": "15.86",
            "revenue": 308269
        },
        "2018-05": {
            "month": "2018-05",
            "price": "16.36",
            "revenue": 344397
        },
        "2018-06": {
            "month": "2018-06",
            "price": "16.59",
            "revenue": 295313
        },
        "2018-07": {
            "month": "2018-07",
            "price": "16.96",
            "revenue": 267410
        },
        "2018-08": {
            "month": "2018-08",
            "price": "16.62",
            "revenue": 328797
        },
        "2018-09": {
            "month": "2018-09",
            "price": "15.83",
            "revenue": 314758
        },
        "2018-10": {
            "month": "2018-10",
            "price": "14.91",
            "revenue": 323470
        },
        "2018-11": {
            "month": "2018-11",
            "price": "14.59",
            "revenue": 312650
        },
        "2018-12": {
            "month": "2018-12",
            "price": "15.02",
            "revenue": 298676
        },
        "2019-01": {
            "month": "2019-01",
            "price": "15.29",
            "revenue": 239110
        },
        "2019-02": {
            "month": "2019-02",
            "price": "15.75",
            "revenue": 163744
        },
        "2019-03": {
            "month": "2019-03",
            "price": "15.55",
            "revenue": 304661
        },
        "2019-04": {
            "month": "2019-04",
            "price": "15.18",
            "revenue": 273969
        },
        "2019-05": {
            "month": "2019-05",
            "price": "15.43",
            "revenue": 285361
        },
        "2019-06": {
            "month": "2019-06",
            "price": "16.02",
            "revenue": 261136
        },
        "2019-07": {
            "month": "2019-07",
            "price": "16.10",
            "revenue": 272876
        },
        "2019-08": {
            "month": "2019-08",
            "price": "15.85",
            "revenue": 266545
        },
        "2019-09": {
            "month": "2019-09",
            "price": "15.97",
            "revenue": 272330
        },
        "2019-10": {
            "month": "2019-10",
            "price": "17.08",
            "revenue": 268113
        },
        "2019-11": {
            "month": "2019-11",
            "price": "17.65",
            "revenue": 292936
        },
        "2019-12": {
            "month": "2019-12",
            "price": "17.56",
            "revenue": 274209
        },
        "2020-01": {
            "month": "2020-01",
            "price": "17.54",
            "revenue": 136916
        },
        "2020-02": {
            "month": "2020-02",
            "price": "17.54",
            "revenue": 159324
        },
        "2020-03": {
            "month": "2020-03",
            "price": "16.45",
            "revenue": 234984
        },
        "2020-04": {
            "month": "2020-04",
            "price": "16.28",
            "revenue": 157351
        },
        "2020-05": {
            "month": "2020-05",
            "price": "16.73",
            "revenue": 133159
        },
        "2020-06": {
            "month": "2020-06",
            "price": "16.91",
            "revenue": 142980
        },
        "2020-07": {
            "month": "2020-07",
            "price": "16.98",
            "revenue": 190362
        },
        "2020-08": {
            "month": "2020-08",
            "price": "16.94",
            "revenue": 215671
        },
        "2020-09": {
            "month": "2020-09",
            "price": "16.61",
            "revenue": 254887
        },
        "2020-10": {
            "month": "2020-10",
            "price": "16.98",
            "revenue": 239107
        },
        "2020-11": {
            "month": "2020-11",
            "price": "17.07",
            "revenue": 232296
        },
        "2020-12": {
            "month": "2020-12",
            "price": "16.99",
            "revenue": 266860
        },
        "2021-01": {
            "month": "2021-01",
            "price": "16.80",
            "revenue": 222960
        },
        "2021-02": {
            "month": "2021-02",
            "price": "16.65",
            "revenue": 153100
        },
        "2021-03": {
            "month": "2021-03",
            "price": "16.51",
            "revenue": 305493
        },
        "2021-04": {
            "month": "2021-04",
            "price": "18.68",
            "revenue": 286670
        },
        "2021-05": {
            "month": "2021-05",
            "price": "17.89",
            "revenue": 275343
        },
        "2021-06": {
            "month": "2021-06",
            "price": "18.35",
            "revenue": 308415
        },
        "2021-07": {
            "month": "2021-07",
            "price": "18.18",
            "revenue": 303074
        },
        "2021-08": {
            "month": "2021-08",
            "price": "17.79",
            "revenue": 244920
        },
        "2021-09": {
            "month": "2021-09",
            "price": "17.87",
            "revenue": 229668
        },
        "2021-10": {
            "month": "2021-10",
            "price": "17.80",
            "revenue": 306696
        },
        "2021-11": {
            "month": "2021-11",
            "price": "17.96",
            "revenue": 279032
        },
        "2021-12": {
            "month": "2021-12",
            "price": "18.28",
            "revenue": 285734
        },
        "2022-01": {
            "month": "2022-01",
            "price": "18.27",
            "revenue": 238167
        },
        "2022-02": {
            "month": "2022-02",
            "price": "18.25",
            "revenue": 227511
        },
        "2022-03": {
            "month": "2022-03",
            "price": "18.07",
            "revenue": 334862
        },
        "2022-04": {
            "month": "2022-04",
            "price": "17.89",
            "revenue": 256244
        },
        "2022-05": {
            "month": "2022-05",
            "price": "17.25",
            "revenue": 286089
        },
        "2022-06": {
            "month": "2022-06",
            "price": "15.71",
            "revenue": 275565
        },
        "2022-07": {
            "month": "2022-07",
            "price": "14.08",
            "revenue": 229032
        },
        "2022-08": {
            "month": "2022-08",
            "price": "14.27",
            "revenue": 242407
        },
        "2022-09": {
            "month": "2022-09",
            "price": "14.88",
            "revenue": 237879
        },
        "2022-10": {
            "month": "2022-10",
            "price": "14.41",
            "revenue": 226971
        },
        "2022-11": {
            "month": "2022-11",
            "price": "14.54",
            "revenue": 201971
        },
        "2022-12": {
            "month": "2022-12",
            "price": "15.00",
            "revenue": 200495
        },
        "2023-01": {
            "month": "2023-01",
            "price": "15.08",
            "revenue": 128223
        },
        "2023-02": {
            "month": "2023-02",
            "price": "15.06",
            "revenue": 188061
        },
        "2023-03": {
            "month": "2023-03",
            "price": "15.18",
            "revenue": 254467
        },
        "2023-04": {
            "month": "2023-04",
            "price": "15.79",
            "revenue": 178002
        },
        "2023-05": {
            "month": "2023-05",
            "price": "16.61",
            "revenue": 187734
        },
        "2023-06": {
            "month": "2023-06",
            "price": "16.63",
            "revenue": 183485
        },
        "2023-07": {
            "month": "2023-07",
            "price": "16.77",
            "revenue": 191715
        },
        "2023-08": {
            "month": "2023-08",
            "price": "16.75",
            "revenue": 229340
        },
        "2023-09": {
            "month": "2023-09",
            "price": "16.85",
            "revenue": 208998
        },
        "2023-10": {
            "month": "2023-10",
            "price": "16.79",
            "revenue": 201721
        },
        "2023-11": {
            "month": "2023-11",
            "price": "16.81",
            "revenue": 223958
        },
        "2023-12": {
            "month": "2023-12",
            "price": "17.27",
            "revenue": 191807
        }
    }
}
