{
    "summary": {
        "stock_name": "喬山",
        "stock_id": "1736",
        "category": "運動休閒",
        "main_business": "醫療器材設備製造業、批發業及零售業<br>心肺復甦健身機及重量訓練機系列產品製造、批發與零售業<br>其他電機及電子機械器材製造業(馬達)",
        "website_url": "http://www.johnsonfitness.com",
        "ceo": "羅光廷",
        "pe_ratio": 46,
        "report_year_from": 2001,
        "report_year_to": 2023,
        "age": 22,
        "eps_negative_percentage": 9,
        "eps_growth_avg": {
            "last_all": 3.69,
            "last_2y": -13.8,
            "last_4y": 31.72,
            "last_8y": 13.77,
            "last_12y": 19.46,
            "last_16y": -1.53,
            "last_20y": 3.69,
            "at_2006_last_3y": 16.32,
            "at_2007_last_3y": -3.92,
            "at_2008_last_3y": -30.73,
            "at_2009_last_3y": -64.52,
            "at_2010_last_3y": -90.34,
            "at_2011_last_3y": -33.13,
            "at_2012_last_3y": 3.52,
            "at_2013_last_3y": 36.54,
            "at_2014_last_3y": 52.41,
            "at_2015_last_3y": 7.47,
            "at_2016_last_3y": 11.55,
            "at_2017_last_3y": -8.66,
            "at_2018_last_3y": -8.66,
            "at_2019_last_3y": 36.28,
            "at_2020_last_3y": 17.76,
            "at_2021_last_3y": 14.65,
            "at_2022_last_3y": 14.65,
            "at_2023_last_3y": 14.65,
            "at_2006_last_all": 22.25,
            "at_2007_last_all": 6.6,
            "at_2008_last_all": -8.54,
            "at_2009_last_all": -19.97,
            "at_2010_last_all": -19.97,
            "at_2011_last_all": -6.64,
            "at_2012_last_all": -4.92,
            "at_2013_last_all": -4.56,
            "at_2014_last_all": 4.15,
            "at_2015_last_all": -2.3,
            "at_2016_last_all": -0.22,
            "at_2017_last_all": -5.65,
            "at_2018_last_all": 0.95,
            "at_2019_last_all": 6.78,
            "at_2020_last_all": 3.78,
            "at_2021_last_all": -1.38,
            "at_2022_last_all": 3.69,
            "at_2023_last_all": 3.69
        },
        "latest_eps": 1.47,
        "latest_price": 67.8,
        "latest_roe": 2.57,
        "latest_gross_margin": 47.38,
        "latest_equity": 8915066,
        "latest_revenue": 8636292,
        "latest_gross_profit": 4091582,
        "latest_net_income": 333187,
        "latest_debt_ratio": 74.24,
        "latest_current_ratio": 146.74,
        "latest_account_receivable_turnover_ratio": 1.1,
        "latest_inventory_turnover_ratio": 0.42,
        "latest_reinvestment_rate": 63.74,
        "latest_research_to_sale_ratio": 3.07
    },
    "eps_dividends": {
        "2001": {
            "cash": 0,
            "stock": 0,
            "eps": 4.48
        },
        "2002": {
            "cash": 0,
            "stock": 0,
            "eps": 6.54
        },
        "2003": {
            "cash": 1,
            "stock": 2,
            "eps": 7.15
        },
        "2004": {
            "cash": 1,
            "stock": 2.5,
            "eps": 7.71
        },
        "2005": {
            "cash": 1.5,
            "stock": 2,
            "eps": 10.42
        },
        "2006": {
            "cash": 2.25,
            "stock": 2.25,
            "eps": 11.77
        },
        "2007": {
            "cash": 3,
            "stock": 2,
            "eps": 3.34
        },
        "2008": {
            "cash": 1,
            "stock": 0.2,
            "eps": 0.02
        },
        "2009": {
            "cash": 0.3,
            "stock": 0.2,
            "eps": -0.38
        },
        "2010": {
            "cash": 0.3,
            "stock": 0,
            "eps": 1.29
        },
        "2011": {
            "cash": 2.45,
            "stock": 0.3,
            "eps": 3.88
        },
        "2012": {
            "cash": 0,
            "stock": 0,
            "eps": 4.29
        },
        "2013": {
            "cash": 1.5,
            "stock": 0.05,
            "eps": 4.25
        },
        "2014": {
            "cash": 2,
            "stock": 5,
            "eps": 9.19
        },
        "2015": {
            "cash": 1.5,
            "stock": 0.05,
            "eps": 1.86
        },
        "2016": {
            "cash": 1,
            "stock": 0,
            "eps": 2.36
        },
        "2017": {
            "cash": 1.15,
            "stock": 0,
            "eps": 0.43
        },
        "2018": {
            "cash": 0.3,
            "stock": 0,
            "eps": 1.28
        },
        "2019": {
            "cash": 0.65,
            "stock": 0,
            "eps": 4.26
        },
        "2020": {
            "cash": 1.4,
            "stock": 0,
            "eps": 2.25
        },
        "2021": {
            "cash": 1.12,
            "stock": 0,
            "eps": 0.13
        },
        "2022": {
            "cash": 0.5,
            "stock": 0,
            "eps": 1.41
        },
        "2023": {
            "cash": 0.6,
            "stock": 0,
            "eps": -1.04
        }
    },
    "dividends": {
        "2003-04-07": {
            "cash": 1,
            "stock": 2
        },
        "2004-04-09": {
            "cash": 1,
            "stock": 2.5
        },
        "2005-04-07": {
            "cash": 1.5,
            "stock": 2
        },
        "2006-04-07": {
            "cash": 2.25,
            "stock": 2.25
        },
        "2007-06-22": {
            "cash": 3,
            "stock": 2
        },
        "2008-05-13": {
            "cash": 1,
            "stock": 0.2
        },
        "2009-04-30": {
            "cash": 0.3,
            "stock": 0.2
        },
        "2010-04-14": {
            "cash": 0.3,
            "stock": 0
        },
        "2011-01-01": {
            "cash": 1.95,
            "stock": 0.05
        },
        "2011-05-11": {
            "cash": 0.5,
            "stock": 0.25
        },
        "2013-05-07": {
            "cash": 1.5,
            "stock": 0.05
        },
        "2014-08-22": {
            "cash": 2,
            "stock": 5
        },
        "2015-10-08": {
            "cash": 1.5,
            "stock": 0.05
        },
        "2016-10-07": {
            "cash": 1,
            "stock": 0
        },
        "2017-09-06": {
            "cash": 1.15,
            "stock": 0
        },
        "2018-08-09": {
            "cash": 0.3,
            "stock": 0
        },
        "2019-08-09": {
            "cash": 0.65,
            "stock": 0
        },
        "2020-10-07": {
            "cash": 1.4,
            "stock": 0
        },
        "2021-10-22": {
            "cash": 1.12,
            "stock": 0
        },
        "2022-10-07": {
            "cash": 0.5,
            "stock": 0
        },
        "2023-08-25": {
            "cash": 0.6,
            "stock": 0
        }
    },
    "prices": {
        "200101": "無",
        "200102": "無",
        "200103": "無",
        "200104": "無",
        "200105": "無",
        "200106": "無",
        "200107": "無",
        "200108": "無",
        "200109": "無",
        "200110": "無",
        "200111": "無",
        "200112": "無",
        "200201": "無",
        "200202": "無",
        "200203": "無",
        "200204": "無",
        "200205": "無",
        "200206": "無",
        "200207": "無",
        "200208": "無",
        "200209": "無",
        "200210": "無",
        "200211": "無",
        "200212": "無",
        "200301": "79.46",
        "200302": "67.38",
        "200303": "67.29",
        "200304": "69.00",
        "200305": "65.52",
        "200306": "68.05",
        "200307": "71.63",
        "200308": "74.38",
        "200309": "81.17",
        "200310": "76.45",
        "200311": "75.65",
        "200312": "74.33",
        "200401": "73.30",
        "200402": "75.50",
        "200403": "78.22",
        "200404": "77.55",
        "200405": "75.93",
        "200406": "74.86",
        "200407": "71.48",
        "200408": "64.22",
        "200409": "57.38",
        "200410": "57.95",
        "200411": "58.11",
        "200412": "60.93",
        "200501": "64.43",
        "200502": "73.00",
        "200503": "83.07",
        "200504": "90.83",
        "200505": "111.30",
        "200506": "111.73",
        "200507": "112.82",
        "200508": "110.61",
        "200509": "116.69",
        "200510": "121.85",
        "200511": "126.20",
        "200512": "146.59",
        "200601": "158.39",
        "200602": "151.79",
        "200603": "160.02",
        "200604": "180.71",
        "200605": "202.19",
        "200606": "186.52",
        "200607": "178.29",
        "200608": "187.30",
        "200609": "190.67",
        "200610": "220.55",
        "200611": "222.66",
        "200612": "234.07",
        "200701": "259.07",
        "200702": "262.46",
        "200703": "247.37",
        "200704": "234.70",
        "200705": "208.86",
        "200706": "192.30",
        "200707": "173.00",
        "200708": "134.72",
        "200709": "123.00",
        "200710": "113.07",
        "200711": "88.28",
        "200712": "72.68",
        "200801": "65.97",
        "200802": "53.68",
        "200803": "56.33",
        "200804": "54.82",
        "200805": "56.41",
        "200806": "50.86",
        "200807": "44.20",
        "200808": "40.30",
        "200809": "41.08",
        "200810": "29.11",
        "200811": "23.26",
        "200812": "20.30",
        "200901": "20.60",
        "200902": "20.09",
        "200903": "24.39",
        "200904": "29.09",
        "200905": "27.01",
        "200906": "27.86",
        "200907": "30.13",
        "200908": "30.77",
        "200909": "29.44",
        "200910": "34.81",
        "200911": "45.56",
        "200912": "50.85",
        "201001": "45.36",
        "201002": "39.06",
        "201003": "44.75",
        "201004": "50.81",
        "201005": "42.72",
        "201006": "39.67",
        "201007": "45.44",
        "201008": "44.52",
        "201009": "47.89",
        "201010": "46.83",
        "201011": "44.22",
        "201012": "44.10",
        "201101": "42.39",
        "201102": "43.41",
        "201103": "45.41",
        "201104": "49.84",
        "201105": "64.02",
        "201106": "66.37",
        "201107": "67.13",
        "201108": "59.53",
        "201109": "57.87",
        "201110": "60.81",
        "201111": "60.58",
        "201112": "56.48",
        "201201": "61.80",
        "201202": "74.07",
        "201203": "85.97",
        "201204": "84.24",
        "201205": "69.27",
        "201206": "63.26",
        "201207": "76.30",
        "201208": "77.57",
        "201209": "70.82",
        "201210": "73.18",
        "201211": "70.65",
        "201212": "71.98",
        "201301": "75.91",
        "201302": "76.51",
        "201303": "80.86",
        "201304": "78.62",
        "201305": "80.42",
        "201306": "82.40",
        "201307": "86.00",
        "201308": "98.22",
        "201309": "98.15",
        "201310": "87.22",
        "201311": "80.79",
        "201312": "78.27",
        "201401": "79.29",
        "201402": "78.06",
        "201403": "72.61",
        "201404": "72.42",
        "201405": "86.21",
        "201406": "91.58",
        "201407": "91.40",
        "201408": "73.95",
        "201409": "75.45",
        "201410": "72.75",
        "201411": "68.95",
        "201412": "70.65",
        "201501": "73.12",
        "201502": "80.12",
        "201503": "84.32",
        "201504": "81.84",
        "201505": "70.96",
        "201506": "70.53",
        "201507": "70.22",
        "201508": "54.94",
        "201509": "46.47",
        "201510": "53.61",
        "201511": "56.18",
        "201512": "53.91",
        "201601": "49.30",
        "201602": "52.79",
        "201603": "54.40",
        "201604": "52.88",
        "201605": "48.77",
        "201606": "47.99",
        "201607": "47.11",
        "201608": "46.56",
        "201609": "49.25",
        "201610": "48.49",
        "201611": "44.91",
        "201612": "46.39",
        "201701": "45.96",
        "201702": "45.81",
        "201703": "45.37",
        "201704": "42.84",
        "201705": "41.18",
        "201706": "39.31",
        "201707": "37.57",
        "201708": "34.62",
        "201709": "36.12",
        "201710": "34.81",
        "201711": "33.50",
        "201712": "36.04",
        "201801": "35.33",
        "201802": "32.70",
        "201803": "32.65",
        "201804": "31.23",
        "201805": "28.85",
        "201806": "29.19",
        "201807": "30.40",
        "201808": "37.24",
        "201809": "36.98",
        "201810": "33.40",
        "201811": "33.06",
        "201812": "32.67",
        "201901": "34.28",
        "201902": "37.42",
        "201903": "38.83",
        "201904": "41.13",
        "201905": "51.42",
        "201906": "68.10",
        "201907": "75.35",
        "201908": "87.76",
        "201909": "84.68",
        "201910": "76.24",
        "201911": "86.43",
        "201912": "85.57",
        "202001": "80.95",
        "202002": "75.12",
        "202003": "55.33",
        "202004": "56.78",
        "202005": "65.49",
        "202006": "73.42",
        "202007": "67.47",
        "202008": "69.99",
        "202009": "68.92",
        "202010": "69.50",
        "202011": "76.66",
        "202012": "90.27",
        "202101": "89.22",
        "202102": "88.09",
        "202103": "88.05",
        "202104": "85.64",
        "202105": "77.40",
        "202106": "80.65",
        "202107": "79.67",
        "202108": "71.23",
        "202109": "67.52",
        "202110": "57.24",
        "202111": "59.69",
        "202112": "56.73",
        "202201": "56.29",
        "202202": "56.85",
        "202203": "53.87",
        "202204": "55.34",
        "202205": "53.83",
        "202206": "54.09",
        "202207": "53.97",
        "202208": "54.36",
        "202209": "70.22",
        "202210": "75.90",
        "202211": "70.20",
        "202212": "77.20",
        "202301": "71.61",
        "202302": "71.37",
        "202303": "67.00",
        "202304": "67.67",
        "202305": "62.70",
        "202306": "67.51",
        "202307": "77.40",
        "202308": "75.55",
        "202309": "76.38",
        "202310": "73.05"
    },
    "quarters": {
        "20011": {
            "year_quarter": 20011,
            "year": 2001,
            "quarter": 1,
            "eps": null,
            "eps_growth_year": null,
            "eps_4q": null,
            "eps_4q_growth_year": null,
            "roe": null,
            "roe_4q": 0,
            "gross_profit": null,
            "gross_margin": null,
            "gross_margin_4q_avg": 0,
            "net_income": null,
            "net_income_4q": null,
            "revenue": null,
            "revenue_4q": null,
            "common_shares": null,
            "book_valuer_per_share": null,
            "book_valuer_per_share_4q_avg": 0,
            "equity": null,
            "current_ratio": null,
            "debt_ratio": null,
            "inventory_turnover_ratio": null,
            "account_receivable_turnover_ratio": null,
            "reinvestment_rate": null,
            "research_to_sale_ratio": null,
            "price_fair": 0,
            "eps_avg_yearly": 0,
            "eps_latest_yearly": 0,
            "eps_growth_yearly": 0
        },
        "20012": {
            "year_quarter": 20012,
            "year": 2001,
            "quarter": 2,
            "eps": null,
            "eps_growth_year": null,
            "eps_4q": null,
            "eps_4q_growth_year": null,
            "roe": null,
            "roe_4q": 0,
            "gross_profit": null,
            "gross_margin": null,
            "gross_margin_4q_avg": 0,
            "net_income": null,
            "net_income_4q": null,
            "revenue": null,
            "revenue_4q": null,
            "common_shares": null,
            "book_valuer_per_share": null,
            "book_valuer_per_share_4q_avg": 0,
            "equity": null,
            "current_ratio": null,
            "debt_ratio": null,
            "inventory_turnover_ratio": null,
            "account_receivable_turnover_ratio": null,
            "reinvestment_rate": null,
            "research_to_sale_ratio": null,
            "price_fair": 0,
            "eps_avg_yearly": 0,
            "eps_latest_yearly": 0,
            "eps_growth_yearly": 0
        },
        "20013": {
            "year_quarter": 20013,
            "year": 2001,
            "quarter": 3,
            "eps": 1.61,
            "eps_growth_year": null,
            "eps_4q": null,
            "eps_4q_growth_year": null,
            "roe": 10.04,
            "roe_4q": 10.04,
            "gross_profit": 172326,
            "gross_margin": 30.03,
            "gross_margin_4q_avg": 10.01,
            "net_income": 74820,
            "net_income_4q": null,
            "revenue": 573890,
            "revenue_4q": null,
            "common_shares": 310000,
            "book_valuer_per_share": 24.05,
            "book_valuer_per_share_4q_avg": 8.02,
            "equity": 745418,
            "current_ratio": 112.1,
            "debt_ratio": 60.91,
            "inventory_turnover_ratio": 1.96,
            "account_receivable_turnover_ratio": null,
            "reinvestment_rate": null,
            "research_to_sale_ratio": null,
            "price_fair": 0,
            "eps_avg_yearly": 0,
            "eps_latest_yearly": 0,
            "eps_growth_yearly": 0
        },
        "20014": {
            "year_quarter": 20014,
            "year": 2001,
            "quarter": 4,
            "eps": 2.87,
            "eps_growth_year": null,
            "eps_4q": null,
            "eps_4q_growth_year": null,
            "roe": 15.46,
            "roe_4q": 25.5,
            "gross_profit": 248634,
            "gross_margin": 29.12,
            "gross_margin_4q_avg": 14.79,
            "net_income": 137043,
            "net_income_4q": null,
            "revenue": 853834,
            "revenue_4q": null,
            "common_shares": 515000,
            "book_valuer_per_share": 18.61,
            "book_valuer_per_share_4q_avg": 10.67,
            "equity": 1027180,
            "current_ratio": 134.93,
            "debt_ratio": 60.3,
            "inventory_turnover_ratio": 1.11,
            "account_receivable_turnover_ratio": null,
            "reinvestment_rate": null,
            "research_to_sale_ratio": null,
            "price_fair": 0,
            "eps_avg_yearly": 0,
            "eps_latest_yearly": 0,
            "eps_growth_yearly": 0
        },
        "20021": {
            "year_quarter": 20021,
            "year": 2002,
            "quarter": 1,
            "eps": 1.44,
            "eps_growth_year": null,
            "eps_4q": null,
            "eps_4q_growth_year": null,
            "roe": 9.76,
            "roe_4q": 35.26,
            "gross_profit": 113675,
            "gross_margin": 24.59,
            "gross_margin_4q_avg": 20.94,
            "net_income": 101145,
            "net_income_4q": null,
            "revenue": 462348,
            "revenue_4q": null,
            "common_shares": 515000,
            "book_valuer_per_share": 20.31,
            "book_valuer_per_share_4q_avg": 15.74,
            "equity": 1046051,
            "current_ratio": 119.87,
            "debt_ratio": 54.75,
            "inventory_turnover_ratio": 0.67,
            "account_receivable_turnover_ratio": null,
            "reinvestment_rate": null,
            "research_to_sale_ratio": null,
            "price_fair": 17.28,
            "eps_avg_yearly": 5.76,
            "eps_latest_yearly": 5.76,
            "eps_growth_yearly": -199.3
        },
        "20022": {
            "year_quarter": 20022,
            "year": 2002,
            "quarter": 2,
            "eps": 0.52,
            "eps_growth_year": null,
            "eps_4q": 5.03,
            "eps_4q_growth_year": null,
            "roe": 3.43,
            "roe_4q": 38.69,
            "gross_profit": 129624,
            "gross_margin": 24.28,
            "gross_margin_4q_avg": 27.01,
            "net_income": 36119,
            "net_income_4q": null,
            "revenue": 533974,
            "revenue_4q": null,
            "common_shares": 700000,
            "book_valuer_per_share": 15.14,
            "book_valuer_per_share_4q_avg": 19.53,
            "equity": 1059501,
            "current_ratio": 127.17,
            "debt_ratio": 51.61,
            "inventory_turnover_ratio": 2.34,
            "account_receivable_turnover_ratio": null,
            "reinvestment_rate": null,
            "research_to_sale_ratio": null,
            "price_fair": 11.76,
            "eps_avg_yearly": 3.92,
            "eps_latest_yearly": 2.08,
            "eps_growth_yearly": -227.43
        },
        "20023": {
            "year_quarter": 20023,
            "year": 2002,
            "quarter": 3,
            "eps": 1.09,
            "eps_growth_year": -32.3,
            "eps_4q": 5,
            "eps_4q_growth_year": null,
            "roe": 6.96,
            "roe_4q": 35.61,
            "gross_profit": 155215,
            "gross_margin": 23.7,
            "gross_margin_4q_avg": 25.42,
            "net_income": 76425,
            "net_income_4q": null,
            "revenue": 654998,
            "revenue_4q": null,
            "common_shares": 700000,
            "book_valuer_per_share": 16.22,
            "book_valuer_per_share_4q_avg": 17.57,
            "equity": 1135409,
            "current_ratio": 126.6,
            "debt_ratio": 52.12,
            "inventory_turnover_ratio": 2.49,
            "account_receivable_turnover_ratio": null,
            "reinvestment_rate": null,
            "research_to_sale_ratio": null,
            "price_fair": 12.2,
            "eps_avg_yearly": 4.07,
            "eps_latest_yearly": 4.36,
            "eps_growth_yearly": -5.47
        },
        "20024": {
            "year_quarter": 20024,
            "year": 2002,
            "quarter": 4,
            "eps": 3.49,
            "eps_growth_year": 21.6,
            "eps_4q": 6.54,
            "eps_4q_growth_year": null,
            "roe": 18.77,
            "roe_4q": 38.92,
            "gross_profit": 291039,
            "gross_margin": 23.37,
            "gross_margin_4q_avg": 23.99,
            "net_income": 244262,
            "net_income_4q": null,
            "revenue": 1245446,
            "revenue_4q": null,
            "common_shares": 700000,
            "book_valuer_per_share": 19.91,
            "book_valuer_per_share_4q_avg": 17.9,
            "equity": 1467072,
            "current_ratio": 133.59,
            "debt_ratio": 58.64,
            "inventory_turnover_ratio": 1.48,
            "account_receivable_turnover_ratio": null,
            "reinvestment_rate": null,
            "research_to_sale_ratio": null,
            "price_fair": 228.9,
            "eps_avg_yearly": 6.54,
            "eps_latest_yearly": 13.96,
            "eps_growth_yearly": 216.08
        },
        "20031": {
            "year_quarter": 20031,
            "year": 2003,
            "quarter": 1,
            "eps": 1.82,
            "eps_growth_year": 26.39,
            "eps_4q": 6.93,
            "eps_4q_growth_year": null,
            "roe": 8.5,
            "roe_4q": 37.66,
            "gross_profit": 118638,
            "gross_margin": 21.12,
            "gross_margin_4q_avg": 23.12,
            "net_income": 127099,
            "net_income_4q": null,
            "revenue": 561696,
            "revenue_4q": null,
            "common_shares": 700000,
            "book_valuer_per_share": 21.77,
            "book_valuer_per_share_4q_avg": 18.26,
            "equity": 1524187,
            "current_ratio": 119.24,
            "debt_ratio": 50.32,
            "inventory_turnover_ratio": 0.69,
            "account_receivable_turnover_ratio": null,
            "reinvestment_rate": null,
            "research_to_sale_ratio": null,
            "price_fair": 234.08,
            "eps_avg_yearly": 6.69,
            "eps_latest_yearly": 7.28,
            "eps_growth_yearly": 134.59
        },
        "20032": {
            "year_quarter": 20032,
            "year": 2003,
            "quarter": 2,
            "eps": 0.39,
            "eps_growth_year": -25,
            "eps_4q": 5.67,
            "eps_4q_growth_year": 12.8,
            "roe": 2.2,
            "roe_4q": 36.43,
            "gross_profit": 136857,
            "gross_margin": 25.14,
            "gross_margin_4q_avg": 23.33,
            "net_income": 33076,
            "net_income_4q": null,
            "revenue": 544481,
            "revenue_4q": null,
            "common_shares": 700000,
            "book_valuer_per_share": 21.1,
            "book_valuer_per_share_4q_avg": 19.75,
            "equity": 1476699,
            "current_ratio": 116.74,
            "debt_ratio": 50.41,
            "inventory_turnover_ratio": 1.92,
            "account_receivable_turnover_ratio": null,
            "reinvestment_rate": null,
            "research_to_sale_ratio": null,
            "price_fair": 204.17,
            "eps_avg_yearly": 5.83,
            "eps_latest_yearly": 1.56,
            "eps_growth_yearly": 59.77
        },
        "20033": {
            "year_quarter": 20033,
            "year": 2003,
            "quarter": 3,
            "eps": 1.59,
            "eps_growth_year": 45.87,
            "eps_4q": 6.41,
            "eps_4q_growth_year": 28.23,
            "roe": 8.71,
            "roe_4q": 38.18,
            "gross_profit": 223442,
            "gross_margin": 20.92,
            "gross_margin_4q_avg": 22.64,
            "net_income": 133290,
            "net_income_4q": null,
            "revenue": 1068134,
            "revenue_4q": null,
            "common_shares": 840000,
            "book_valuer_per_share": 18.85,
            "book_valuer_per_share_4q_avg": 20.41,
            "equity": 1583720,
            "current_ratio": 104.38,
            "debt_ratio": 54.19,
            "inventory_turnover_ratio": 3.66,
            "account_receivable_turnover_ratio": null,
            "reinvestment_rate": null,
            "research_to_sale_ratio": null,
            "price_fair": 206.8,
            "eps_avg_yearly": 5.91,
            "eps_latest_yearly": 6.36,
            "eps_growth_yearly": 227.06
        },
        "20034": {
            "year_quarter": 20034,
            "year": 2003,
            "quarter": 4,
            "eps": 3.35,
            "eps_growth_year": -4.01,
            "eps_4q": 6.85,
            "eps_4q_growth_year": 4.65,
            "roe": 15.84,
            "roe_4q": 35.25,
            "gross_profit": 308987,
            "gross_margin": 21.59,
            "gross_margin_4q_avg": 22.19,
            "net_income": 281080,
            "net_income_4q": null,
            "revenue": 1431245,
            "revenue_4q": null,
            "common_shares": 840000,
            "book_valuer_per_share": 22.21,
            "book_valuer_per_share_4q_avg": 20.98,
            "equity": 1964213,
            "current_ratio": 132.2,
            "debt_ratio": 56.41,
            "inventory_turnover_ratio": 1.45,
            "account_receivable_turnover_ratio": null,
            "reinvestment_rate": null,
            "research_to_sale_ratio": null,
            "price_fair": 239.58,
            "eps_avg_yearly": 6.85,
            "eps_latest_yearly": 13.4,
            "eps_growth_yearly": 254.02
        },
        "20041": {
            "year_quarter": 20041,
            "year": 2004,
            "quarter": 1,
            "eps": 1.6,
            "eps_growth_year": -12.09,
            "eps_4q": 6.94,
            "eps_4q_growth_year": 0.19,
            "roe": 6.84,
            "roe_4q": 33.59,
            "gross_profit": 119935,
            "gross_margin": 18.73,
            "gross_margin_4q_avg": 21.6,
            "net_income": 133999,
            "net_income_4q": null,
            "revenue": 640409,
            "revenue_4q": null,
            "common_shares": 840000,
            "book_valuer_per_share": 23.29,
            "book_valuer_per_share_4q_avg": 21.36,
            "equity": 1956381,
            "current_ratio": 101.98,
            "debt_ratio": 50.76,
            "inventory_turnover_ratio": 0.71,
            "account_receivable_turnover_ratio": null,
            "reinvestment_rate": null,
            "research_to_sale_ratio": null,
            "price_fair": 237.84,
            "eps_avg_yearly": 6.8,
            "eps_latest_yearly": 6.4,
            "eps_growth_yearly": 202.58
        },
        "20042": {
            "year_quarter": 20042,
            "year": 2004,
            "quarter": 2,
            "eps": 0.61,
            "eps_growth_year": 56.41,
            "eps_4q": 7.17,
            "eps_4q_growth_year": 26.53,
            "roe": 2.62,
            "roe_4q": 34.010000000000005,
            "gross_profit": 151382,
            "gross_margin": 23.52,
            "gross_margin_4q_avg": 21.19,
            "net_income": 50960,
            "net_income_4q": null,
            "revenue": 643751,
            "revenue_4q": null,
            "common_shares": 840000,
            "book_valuer_per_share": 23.08,
            "book_valuer_per_share_4q_avg": 21.86,
            "equity": 1939073,
            "current_ratio": 96.48,
            "debt_ratio": 47.23,
            "inventory_turnover_ratio": 2.78,
            "account_receivable_turnover_ratio": null,
            "reinvestment_rate": null,
            "research_to_sale_ratio": null,
            "price_fair": 222.6,
            "eps_avg_yearly": 6.36,
            "eps_latest_yearly": 2.44,
            "eps_growth_yearly": 157.57
        },
        "20043": {
            "year_quarter": 20043,
            "year": 2004,
            "quarter": 3,
            "eps": 1.89,
            "eps_growth_year": 18.87,
            "eps_4q": 6.33,
            "eps_4q_growth_year": -1.31,
            "roe": 9.71,
            "roe_4q": 35.010000000000005,
            "gross_profit": 204886,
            "gross_margin": 14.48,
            "gross_margin_4q_avg": 19.58,
            "net_income": 198358,
            "net_income_4q": null,
            "revenue": 1415022,
            "revenue_4q": null,
            "common_shares": 1050000,
            "book_valuer_per_share": 20.45,
            "book_valuer_per_share_4q_avg": 22.26,
            "equity": 2147003,
            "current_ratio": 101.5,
            "debt_ratio": 51.32,
            "inventory_turnover_ratio": 6.26,
            "account_receivable_turnover_ratio": null,
            "reinvestment_rate": null,
            "research_to_sale_ratio": null,
            "price_fair": 226.42,
            "eps_avg_yearly": 6.47,
            "eps_latest_yearly": 7.56,
            "eps_growth_yearly": 219.55
        },
        "20044": {
            "year_quarter": 20044,
            "year": 2004,
            "quarter": 4,
            "eps": 3.61,
            "eps_growth_year": 7.76,
            "eps_4q": 7.26,
            "eps_4q_growth_year": 6.08,
            "roe": 16.24,
            "roe_4q": 35.41,
            "gross_profit": 309092,
            "gross_margin": 17.16,
            "gross_margin_4q_avg": 18.47,
            "net_income": 378686,
            "net_income_4q": null,
            "revenue": 1801129,
            "revenue_4q": null,
            "common_shares": 1050000,
            "book_valuer_per_share": 23,
            "book_valuer_per_share_4q_avg": 22.46,
            "equity": 2517175,
            "current_ratio": 138.82,
            "debt_ratio": 54.95,
            "inventory_turnover_ratio": 2.08,
            "account_receivable_turnover_ratio": null,
            "reinvestment_rate": null,
            "research_to_sale_ratio": null,
            "price_fair": 249.67,
            "eps_avg_yearly": 7.13,
            "eps_latest_yearly": 14.44,
            "eps_growth_yearly": 231.59
        },
        "20051": {
            "year_quarter": 20051,
            "year": 2005,
            "quarter": 1,
            "eps": 3.08,
            "eps_growth_year": 92.5,
            "eps_4q": 9.07,
            "eps_4q_growth_year": 30.58,
            "roe": 12.34,
            "roe_4q": 40.91,
            "gross_profit": 173561,
            "gross_margin": 15.75,
            "gross_margin_4q_avg": 17.73,
            "net_income": 323151,
            "net_income_4q": null,
            "revenue": 1102038,
            "revenue_4q": null,
            "common_shares": 1050000,
            "book_valuer_per_share": 25.89,
            "book_valuer_per_share_4q_avg": 23.11,
            "equity": 2718696,
            "current_ratio": 107.11,
            "debt_ratio": 50.39,
            "inventory_turnover_ratio": 1.28,
            "account_receivable_turnover_ratio": null,
            "reinvestment_rate": null,
            "research_to_sale_ratio": null,
            "price_fair": 263.63,
            "eps_avg_yearly": 7.53,
            "eps_latest_yearly": 12.32,
            "eps_growth_yearly": 209.26
        },
        "20052": {
            "year_quarter": 20052,
            "year": 2005,
            "quarter": 2,
            "eps": 0.81,
            "eps_growth_year": 32.79,
            "eps_4q": 9.38,
            "eps_4q_growth_year": 30.73,
            "roe": 3.16,
            "roe_4q": 41.45,
            "gross_profit": 179536,
            "gross_margin": 18.37,
            "gross_margin_4q_avg": 16.44,
            "net_income": 85095,
            "net_income_4q": null,
            "revenue": 977359,
            "revenue_4q": null,
            "common_shares": 1050000,
            "book_valuer_per_share": 25.42,
            "book_valuer_per_share_4q_avg": 23.69,
            "equity": 2669264,
            "current_ratio": 123.18,
            "debt_ratio": 47.92,
            "inventory_turnover_ratio": 4.13,
            "account_receivable_turnover_ratio": null,
            "reinvestment_rate": 16.23,
            "research_to_sale_ratio": null,
            "price_fair": 252.9,
            "eps_avg_yearly": 7.23,
            "eps_latest_yearly": 3.24,
            "eps_growth_yearly": 173.25
        },
        "20053": {
            "year_quarter": 20053,
            "year": 2005,
            "quarter": 3,
            "eps": 2.38,
            "eps_growth_year": 25.93,
            "eps_4q": 8.61,
            "eps_4q_growth_year": 36,
            "roe": 10.45,
            "roe_4q": 42.19,
            "gross_profit": 261715,
            "gross_margin": 13.9,
            "gross_margin_4q_avg": 16.3,
            "net_income": 300654,
            "net_income_4q": null,
            "revenue": 1883202,
            "revenue_4q": null,
            "common_shares": 1264500,
            "book_valuer_per_share": 24.41,
            "book_valuer_per_share_4q_avg": 24.68,
            "equity": 3086670,
            "current_ratio": 122.47,
            "debt_ratio": 51.84,
            "inventory_turnover_ratio": 8.65,
            "account_receivable_turnover_ratio": null,
            "reinvestment_rate": 3.43,
            "research_to_sale_ratio": null,
            "price_fair": 258.25,
            "eps_avg_yearly": 7.38,
            "eps_latest_yearly": 9.52,
            "eps_growth_yearly": 213.39
        },
        "20054": {
            "year_quarter": 20054,
            "year": 2005,
            "quarter": 4,
            "eps": 4.15,
            "eps_growth_year": 14.96,
            "eps_4q": 9.75,
            "eps_4q_growth_year": 34.28,
            "roe": 15.46,
            "roe_4q": 41.41,
            "gross_profit": 165693,
            "gross_margin": 35.59,
            "gross_margin_4q_avg": 20.9,
            "net_income": 524923,
            "net_income_4q": null,
            "revenue": 465545,
            "revenue_4q": null,
            "common_shares": 1264500,
            "book_valuer_per_share": 28.44,
            "book_valuer_per_share_4q_avg": 26.04,
            "equity": 3704333,
            "current_ratio": 190.22,
            "debt_ratio": 47.35,
            "inventory_turnover_ratio": 0.39,
            "account_receivable_turnover_ratio": null,
            "reinvestment_rate": 27.13,
            "research_to_sale_ratio": null,
            "price_fair": 278.43,
            "eps_avg_yearly": 7.96,
            "eps_latest_yearly": 16.6,
            "eps_growth_yearly": 218.65
        },
        "20061": {
            "year_quarter": 20061,
            "year": 2006,
            "quarter": 1,
            "eps": 3.03,
            "eps_growth_year": -1.62,
            "eps_4q": 10.22,
            "eps_4q_growth_year": 12.77,
            "roe": 10.01,
            "roe_4q": 39.08,
            "gross_profit": 140184,
            "gross_margin": 35.5,
            "gross_margin_4q_avg": 25.84,
            "net_income": 383600,
            "net_income_4q": null,
            "revenue": 394878,
            "revenue_4q": null,
            "common_shares": 1264500,
            "book_valuer_per_share": 31.3,
            "book_valuer_per_share_4q_avg": 27.39,
            "equity": 3958023,
            "current_ratio": 217.3,
            "debt_ratio": 27.88,
            "inventory_turnover_ratio": 0.34,
            "account_receivable_turnover_ratio": null,
            "reinvestment_rate": 3.21,
            "research_to_sale_ratio": null,
            "price_fair": 292.34,
            "eps_avg_yearly": 8.35,
            "eps_latest_yearly": 12.12,
            "eps_growth_yearly": 224.36
        },
        "20062": {
            "year_quarter": 20062,
            "year": 2006,
            "quarter": 2,
            "eps": 1.13,
            "eps_growth_year": 39.51,
            "eps_4q": 10.71,
            "eps_4q_growth_year": 14.22,
            "roe": 3.67,
            "roe_4q": 39.59,
            "gross_profit": 194464,
            "gross_margin": 42.4,
            "gross_margin_4q_avg": 31.85,
            "net_income": 142594,
            "net_income_4q": null,
            "revenue": 458612,
            "revenue_4q": null,
            "common_shares": 1264500,
            "book_valuer_per_share": 30.11,
            "book_valuer_per_share_4q_avg": 28.57,
            "equity": 3807594,
            "current_ratio": 156.62,
            "debt_ratio": 33.37,
            "inventory_turnover_ratio": 1.4,
            "account_receivable_turnover_ratio": null,
            "reinvestment_rate": 3.59,
            "research_to_sale_ratio": null,
            "price_fair": 297.68,
            "eps_avg_yearly": 8.51,
            "eps_latest_yearly": 4.52,
            "eps_growth_yearly": 224.65
        },
        "20063": {
            "year_quarter": 20063,
            "year": 2006,
            "quarter": 3,
            "eps": 3.13,
            "eps_growth_year": 31.51,
            "eps_4q": 9.91,
            "eps_4q_growth_year": 15.09,
            "roe": 11.89,
            "roe_4q": 41.03,
            "gross_profit": 240967,
            "gross_margin": 43.04,
            "gross_margin_4q_avg": 39.13,
            "net_income": 485365,
            "net_income_4q": null,
            "revenue": 559888,
            "revenue_4q": null,
            "common_shares": 1551013,
            "book_valuer_per_share": 28.11,
            "book_valuer_per_share_4q_avg": 29.49,
            "equity": 4360035,
            "current_ratio": 159.43,
            "debt_ratio": 31.3,
            "inventory_turnover_ratio": 1.56,
            "account_receivable_turnover_ratio": null,
            "reinvestment_rate": 3.39,
            "research_to_sale_ratio": null,
            "price_fair": 315.53,
            "eps_avg_yearly": 9.02,
            "eps_latest_yearly": 12.52,
            "eps_growth_yearly": 241.5
        },
        "20064": {
            "year_quarter": 20064,
            "year": 2006,
            "quarter": 4,
            "eps": 4.48,
            "eps_growth_year": 7.95,
            "eps_4q": 11,
            "eps_4q_growth_year": 12.77,
            "roe": 14.61,
            "roe_4q": 40.18,
            "gross_profit": 222604,
            "gross_margin": 40.84,
            "gross_margin_4q_avg": 40.45,
            "net_income": 695068,
            "net_income_4q": null,
            "revenue": 545049,
            "revenue_4q": null,
            "common_shares": 1551013,
            "book_valuer_per_share": 32.45,
            "book_valuer_per_share_4q_avg": 30.49,
            "equity": 5154653,
            "current_ratio": 187.05,
            "debt_ratio": 46.47,
            "inventory_turnover_ratio": 0.24,
            "account_receivable_turnover_ratio": null,
            "reinvestment_rate": 28.43,
            "research_to_sale_ratio": null,
            "price_fair": 324.19,
            "eps_avg_yearly": 9.26,
            "eps_latest_yearly": 17.92,
            "eps_growth_yearly": 197.23
        },
        "20071": {
            "year_quarter": 20071,
            "year": 2007,
            "quarter": 1,
            "eps": 2.01,
            "eps_growth_year": -33.66,
            "eps_4q": 10.54,
            "eps_4q_growth_year": 3.14,
            "roe": 5.89,
            "roe_4q": 36.06,
            "gross_profit": 219439,
            "gross_margin": 44.02,
            "gross_margin_4q_avg": 42.58,
            "net_income": 311583,
            "net_income_4q": null,
            "revenue": 498522,
            "revenue_4q": null,
            "common_shares": 1551013,
            "book_valuer_per_share": 35,
            "book_valuer_per_share_4q_avg": 31.42,
            "equity": 5428923,
            "current_ratio": 187.07,
            "debt_ratio": 26.18,
            "inventory_turnover_ratio": 0.2,
            "account_receivable_turnover_ratio": null,
            "reinvestment_rate": 2.49,
            "research_to_sale_ratio": null,
            "price_fair": 325.85,
            "eps_avg_yearly": 9.31,
            "eps_latest_yearly": 8.04,
            "eps_growth_yearly": 195.41
        },
        "20072": {
            "year_quarter": 20072,
            "year": 2007,
            "quarter": 2,
            "eps": -0.37,
            "eps_growth_year": -132.74,
            "eps_4q": 9.18,
            "eps_4q_growth_year": -14.34,
            "roe": -1.34,
            "roe_4q": 31.05,
            "gross_profit": 210288,
            "gross_margin": 42.21,
            "gross_margin_4q_avg": 42.53,
            "net_income": -68852,
            "net_income_4q": null,
            "revenue": 498145,
            "revenue_4q": null,
            "common_shares": 1551013,
            "book_valuer_per_share": 31.35,
            "book_valuer_per_share_4q_avg": 31.73,
            "equity": 4862419,
            "current_ratio": 129.56,
            "debt_ratio": 33.48,
            "inventory_turnover_ratio": 1,
            "account_receivable_turnover_ratio": null,
            "reinvestment_rate": 2.54,
            "research_to_sale_ratio": null,
            "price_fair": 343.93,
            "eps_avg_yearly": 9.83,
            "eps_latest_yearly": 8.04,
            "eps_growth_yearly": 229.39
        },
        "20073": {
            "year_quarter": 20073,
            "year": 2007,
            "quarter": 3,
            "eps": 0.43,
            "eps_growth_year": -86.26,
            "eps_4q": 5.43,
            "eps_4q_growth_year": -45.19,
            "roe": 1.63,
            "roe_4q": 20.79,
            "gross_profit": 219237,
            "gross_margin": 41.73,
            "gross_margin_4q_avg": 42.2,
            "net_income": 80635,
            "net_income_4q": null,
            "revenue": 525329,
            "revenue_4q": null,
            "common_shares": 1865015,
            "book_valuer_per_share": 26.96,
            "book_valuer_per_share_4q_avg": 31.44,
            "equity": 5028998,
            "current_ratio": 160.3,
            "debt_ratio": 31.19,
            "inventory_turnover_ratio": 1.04,
            "account_receivable_turnover_ratio": null,
            "reinvestment_rate": 1.8,
            "research_to_sale_ratio": null,
            "price_fair": 352.6,
            "eps_avg_yearly": 10.07,
            "eps_latest_yearly": 8.04,
            "eps_growth_yearly": 157.87
        },
        "20074": {
            "year_quarter": 20074,
            "year": 2007,
            "quarter": 4,
            "eps": 1.27,
            "eps_growth_year": -71.65,
            "eps_4q": 3,
            "eps_4q_growth_year": -72.69,
            "roe": 4.61,
            "roe_4q": 10.79,
            "gross_profit": 334693,
            "gross_margin": 43.76,
            "gross_margin_4q_avg": 42.93,
            "net_income": 236900,
            "net_income_4q": null,
            "revenue": 764797,
            "revenue_4q": null,
            "common_shares": 1865015,
            "book_valuer_per_share": 27.8,
            "book_valuer_per_share_4q_avg": 30.28,
            "equity": 5239083,
            "current_ratio": 147.73,
            "debt_ratio": 52.5,
            "inventory_turnover_ratio": 0.3,
            "account_receivable_turnover_ratio": null,
            "reinvestment_rate": 49.93,
            "research_to_sale_ratio": null,
            "price_fair": 331.8,
            "eps_avg_yearly": 9.48,
            "eps_latest_yearly": 5.08,
            "eps_growth_yearly": 182.05
        },
        "20081": {
            "year_quarter": 20081,
            "year": 2008,
            "quarter": 1,
            "eps": 0.21,
            "eps_growth_year": -89.55,
            "eps_4q": 3.03,
            "eps_4q_growth_year": -71.27,
            "roe": 0.39,
            "roe_4q": 5.29,
            "gross_profit": 1318095,
            "gross_margin": 46.82,
            "gross_margin_4q_avg": 43.63,
            "net_income": 19958,
            "net_income_4q": null,
            "revenue": 2815512,
            "revenue_4q": null,
            "common_shares": 1865015,
            "book_valuer_per_share": 26.54,
            "book_valuer_per_share_4q_avg": 28.16,
            "equity": 5060354,
            "current_ratio": 153.32,
            "debt_ratio": 50.47,
            "inventory_turnover_ratio": 0.62,
            "account_receivable_turnover_ratio": null,
            "reinvestment_rate": 62.74,
            "research_to_sale_ratio": null,
            "price_fair": 317.9,
            "eps_avg_yearly": 9.08,
            "eps_latest_yearly": 0.84,
            "eps_growth_yearly": 173.13
        },
        "20082": {
            "year_quarter": 20082,
            "year": 2008,
            "quarter": 2,
            "eps": -0.72,
            "eps_growth_year": null,
            "eps_4q": 1.18,
            "eps_4q_growth_year": -87.19,
            "roe": -3.23,
            "roe_4q": 3.4000000000000004,
            "gross_profit": 1032516,
            "gross_margin": 50.89,
            "gross_margin_4q_avg": 45.8,
            "net_income": -158415,
            "net_income_4q": null,
            "revenue": 2028829,
            "revenue_4q": null,
            "common_shares": 1865015,
            "book_valuer_per_share": 24.93,
            "book_valuer_per_share_4q_avg": 26.56,
            "equity": 4745043,
            "current_ratio": 125.41,
            "debt_ratio": 53.97,
            "inventory_turnover_ratio": 0.43,
            "account_receivable_turnover_ratio": null,
            "reinvestment_rate": 81.45,
            "research_to_sale_ratio": null,
            "price_fair": 335.78,
            "eps_avg_yearly": 9.59,
            "eps_latest_yearly": 0.84,
            "eps_growth_yearly": 205.49
        },
        "20083": {
            "year_quarter": 20083,
            "year": 2008,
            "quarter": 3,
            "eps": 1.63,
            "eps_growth_year": 279.07,
            "eps_4q": 2.28,
            "eps_4q_growth_year": -58.03,
            "roe": 6.39,
            "roe_4q": 8.16,
            "gross_profit": 1582173,
            "gross_margin": 46.86,
            "gross_margin_4q_avg": 47.08,
            "net_income": 320577,
            "net_income_4q": null,
            "revenue": 3376649,
            "revenue_4q": null,
            "common_shares": 1905500,
            "book_valuer_per_share": 27.24,
            "book_valuer_per_share_4q_avg": 26.63,
            "equity": 5286739,
            "current_ratio": 144.01,
            "debt_ratio": 55.65,
            "inventory_turnover_ratio": 0.67,
            "account_receivable_turnover_ratio": null,
            "reinvestment_rate": 72.33,
            "research_to_sale_ratio": null,
            "price_fair": 341.72,
            "eps_avg_yearly": 9.76,
            "eps_latest_yearly": 0.84,
            "eps_growth_yearly": 152.67
        },
        "20084": {
            "year_quarter": 20084,
            "year": 2008,
            "quarter": 4,
            "eps": -1.1,
            "eps_growth_year": -186.61,
            "eps_4q": 0,
            "eps_4q_growth_year": -99.99,
            "roe": -4.74,
            "roe_4q": -1.1900000000000004,
            "gross_profit": 1475408,
            "gross_margin": 38.52,
            "gross_margin_4q_avg": 45.77,
            "net_income": -244707,
            "net_income_4q": null,
            "revenue": 3830454,
            "revenue_4q": null,
            "common_shares": 1905500,
            "book_valuer_per_share": 26.31,
            "book_valuer_per_share_4q_avg": 26.26,
            "equity": 5034435,
            "current_ratio": 138.85,
            "debt_ratio": 52.93,
            "inventory_turnover_ratio": 0.93,
            "account_receivable_turnover_ratio": 3.14,
            "reinvestment_rate": 67.48,
            "research_to_sale_ratio": null,
            "price_fair": 326.84,
            "eps_avg_yearly": 9.34,
            "eps_latest_yearly": 0.84,
            "eps_growth_yearly": 133.45
        },
        "20091": {
            "year_quarter": 20091,
            "year": 2009,
            "quarter": 1,
            "eps": -0.94,
            "eps_growth_year": -547.62,
            "eps_4q": -1.14,
            "eps_4q_growth_year": -137.56,
            "roe": -3.71,
            "roe_4q": -5.289999999999999,
            "gross_profit": 1063730,
            "gross_margin": 50.83,
            "gross_margin_4q_avg": 46.78,
            "net_income": -185167,
            "net_income_4q": null,
            "revenue": 2092665,
            "revenue_4q": null,
            "common_shares": 1905500,
            "book_valuer_per_share": 25.95,
            "book_valuer_per_share_4q_avg": 26.11,
            "equity": 4959564,
            "current_ratio": 145.25,
            "debt_ratio": 49.19,
            "inventory_turnover_ratio": 0.52,
            "account_receivable_turnover_ratio": 1,
            "reinvestment_rate": 103.96,
            "research_to_sale_ratio": null,
            "price_fair": 316.4,
            "eps_avg_yearly": 9.04,
            "eps_latest_yearly": 0.84,
            "eps_growth_yearly": 152.67
        },
        "20092": {
            "year_quarter": 20092,
            "year": 2009,
            "quarter": 2,
            "eps": -0.99,
            "eps_growth_year": null,
            "eps_4q": -1.41,
            "eps_4q_growth_year": -219.55,
            "roe": -4.02,
            "roe_4q": -6.079999999999999,
            "gross_profit": 656275,
            "gross_margin": 44.91,
            "gross_margin_4q_avg": 45.28,
            "net_income": -192338,
            "net_income_4q": null,
            "revenue": 1461375,
            "revenue_4q": null,
            "common_shares": 1905500,
            "book_valuer_per_share": 24.07,
            "book_valuer_per_share_4q_avg": 25.89,
            "equity": 4607238,
            "current_ratio": 114.53,
            "debt_ratio": 51.78,
            "inventory_turnover_ratio": 0.43,
            "account_receivable_turnover_ratio": 0.88,
            "reinvestment_rate": 112.56,
            "research_to_sale_ratio": null,
            "price_fair": 338.96,
            "eps_avg_yearly": 9.68,
            "eps_latest_yearly": 0.84,
            "eps_growth_yearly": 202.39
        },
        "20093": {
            "year_quarter": 20093,
            "year": 2009,
            "quarter": 3,
            "eps": 0.79,
            "eps_growth_year": -51.53,
            "eps_4q": -2.2,
            "eps_4q_growth_year": -196.33,
            "roe": 3.27,
            "roe_4q": -9.2,
            "gross_profit": 1306991,
            "gross_margin": 42.73,
            "gross_margin_4q_avg": 44.25,
            "net_income": 152280,
            "net_income_4q": null,
            "revenue": 3058432,
            "revenue_4q": null,
            "common_shares": 1943610,
            "book_valuer_per_share": 24.09,
            "book_valuer_per_share_4q_avg": 25.11,
            "equity": 4708808,
            "current_ratio": 122.31,
            "debt_ratio": 55.3,
            "inventory_turnover_ratio": 0.9,
            "account_receivable_turnover_ratio": 1.54,
            "reinvestment_rate": 108.71,
            "research_to_sale_ratio": null,
            "price_fair": 339.68,
            "eps_avg_yearly": 9.71,
            "eps_latest_yearly": 0.84,
            "eps_growth_yearly": 130.77
        },
        "20094": {
            "year_quarter": 20094,
            "year": 2009,
            "quarter": 4,
            "eps": 0.76,
            "eps_growth_year": null,
            "eps_4q": -0.34,
            "eps_4q_growth_year": -93489.47,
            "roe": 3.21,
            "roe_4q": -1.2499999999999991,
            "gross_profit": 1654332,
            "gross_margin": 47.58,
            "gross_margin_4q_avg": 46.51,
            "net_income": 152997,
            "net_income_4q": null,
            "revenue": 3476893,
            "revenue_4q": null,
            "common_shares": 1943610,
            "book_valuer_per_share": 24.68,
            "book_valuer_per_share_4q_avg": 24.7,
            "equity": 4823278,
            "current_ratio": 150,
            "debt_ratio": 53.85,
            "inventory_turnover_ratio": 0.87,
            "account_receivable_turnover_ratio": 2.04,
            "reinvestment_rate": 320.93,
            "research_to_sale_ratio": null,
            "price_fair": 280.35,
            "eps_avg_yearly": 8.01,
            "eps_latest_yearly": 3.04,
            "eps_growth_yearly": 91.69
        },
        "20101": {
            "year_quarter": 20101,
            "year": 2010,
            "quarter": 1,
            "eps": -0.42,
            "eps_growth_year": null,
            "eps_4q": 0.17,
            "eps_4q_growth_year": null,
            "roe": -1.81,
            "roe_4q": 0.6500000000000004,
            "gross_profit": 1160017,
            "gross_margin": 47.07,
            "gross_margin_4q_avg": 45.57,
            "net_income": -85859,
            "net_income_4q": null,
            "revenue": 2464641,
            "revenue_4q": null,
            "common_shares": 1943610,
            "book_valuer_per_share": 23.87,
            "book_valuer_per_share_4q_avg": 24.18,
            "equity": 4659876,
            "current_ratio": 152.9,
            "debt_ratio": 52.61,
            "inventory_turnover_ratio": 0.59,
            "account_receivable_turnover_ratio": 0.73,
            "reinvestment_rate": 459.28,
            "research_to_sale_ratio": 2.35,
            "price_fair": 259.8,
            "eps_avg_yearly": 7.42,
            "eps_latest_yearly": 3.04,
            "eps_growth_yearly": 120.21
        },
        "20102": {
            "year_quarter": 20102,
            "year": 2010,
            "quarter": 2,
            "eps": -0.68,
            "eps_growth_year": null,
            "eps_4q": 0.46,
            "eps_4q_growth_year": null,
            "roe": -2.95,
            "roe_4q": 1.7200000000000002,
            "gross_profit": 1034745,
            "gross_margin": 46.5,
            "gross_margin_4q_avg": 45.97,
            "net_income": -135342,
            "net_income_4q": null,
            "revenue": 2225158,
            "revenue_4q": null,
            "common_shares": 1943610,
            "book_valuer_per_share": 23.08,
            "book_valuer_per_share_4q_avg": 23.93,
            "equity": 4500600,
            "current_ratio": 154.62,
            "debt_ratio": 51.32,
            "inventory_turnover_ratio": 0.51,
            "account_receivable_turnover_ratio": 0.67,
            "reinvestment_rate": 534.41,
            "research_to_sale_ratio": 3.83,
            "price_fair": 276.73,
            "eps_avg_yearly": 7.91,
            "eps_latest_yearly": 3.04,
            "eps_growth_yearly": 182.05
        },
        "20103": {
            "year_quarter": 20103,
            "year": 2010,
            "quarter": 3,
            "eps": 0.85,
            "eps_growth_year": 7.8,
            "eps_4q": 0.52,
            "eps_4q_growth_year": null,
            "roe": 3.67,
            "roe_4q": 2.1199999999999997,
            "gross_profit": 1366191,
            "gross_margin": 44.69,
            "gross_margin_4q_avg": 46.46,
            "net_income": 167532,
            "net_income_4q": null,
            "revenue": 3057076,
            "revenue_4q": null,
            "common_shares": 1943610,
            "book_valuer_per_share": 23.71,
            "book_valuer_per_share_4q_avg": 23.84,
            "equity": 4617551,
            "current_ratio": 142.02,
            "debt_ratio": 57.89,
            "inventory_turnover_ratio": 0.66,
            "account_receivable_turnover_ratio": 0.71,
            "reinvestment_rate": 710.38,
            "research_to_sale_ratio": 2.45,
            "price_fair": 244.44,
            "eps_avg_yearly": 6.98,
            "eps_latest_yearly": 3.04,
            "eps_growth_yearly": 76.87
        },
        "20104": {
            "year_quarter": 20104,
            "year": 2010,
            "quarter": 4,
            "eps": 1.54,
            "eps_growth_year": 102.52,
            "eps_4q": 1.29,
            "eps_4q_growth_year": null,
            "roe": 6.47,
            "roe_4q": 5.380000000000001,
            "gross_profit": 1741389,
            "gross_margin": 43.5,
            "gross_margin_4q_avg": 45.44,
            "net_income": 301101,
            "net_income_4q": null,
            "revenue": 4002733,
            "revenue_4q": null,
            "common_shares": 1943610,
            "book_valuer_per_share": 24.1,
            "book_valuer_per_share_4q_avg": 23.69,
            "equity": 4693271,
            "current_ratio": 148.16,
            "debt_ratio": 54.73,
            "inventory_turnover_ratio": 0.89,
            "account_receivable_turnover_ratio": 0.73,
            "reinvestment_rate": 846.88,
            "research_to_sale_ratio": 2.92,
            "price_fair": 162.12,
            "eps_avg_yearly": 4.63,
            "eps_latest_yearly": 6.16,
            "eps_growth_yearly": 107.3
        },
        "20111": {
            "year_quarter": 20111,
            "year": 2011,
            "quarter": 1,
            "eps": 0.9,
            "eps_growth_year": null,
            "eps_4q": 2.61,
            "eps_4q_growth_year": 1469.8,
            "roe": 3.62,
            "roe_4q": 10.809999999999999,
            "gross_profit": 1261886,
            "gross_margin": 45.88,
            "gross_margin_4q_avg": 45.14,
            "net_income": 174997,
            "net_income_4q": null,
            "revenue": 2750707,
            "revenue_4q": null,
            "common_shares": 1943610,
            "book_valuer_per_share": 25.52,
            "book_valuer_per_share_4q_avg": 24.1,
            "equity": 4969526,
            "current_ratio": 165.08,
            "debt_ratio": 50.63,
            "inventory_turnover_ratio": 0.63,
            "account_receivable_turnover_ratio": 0.53,
            "reinvestment_rate": 1391.33,
            "research_to_sale_ratio": 3.28,
            "price_fair": 131.04,
            "eps_avg_yearly": 3.74,
            "eps_latest_yearly": 3.6,
            "eps_growth_yearly": 118.16
        },
        "20112": {
            "year_quarter": 20112,
            "year": 2011,
            "quarter": 2,
            "eps": 0.33,
            "eps_growth_year": null,
            "eps_4q": 3.54,
            "eps_4q_growth_year": 675.67,
            "roe": 1.32,
            "roe_4q": 15.08,
            "gross_profit": 1223943,
            "gross_margin": 45.91,
            "gross_margin_4q_avg": 45,
            "net_income": 65167,
            "net_income_4q": null,
            "revenue": 2666239,
            "revenue_4q": null,
            "common_shares": 1943610,
            "book_valuer_per_share": 25.05,
            "book_valuer_per_share_4q_avg": 24.6,
            "equity": 4876930,
            "current_ratio": 158.85,
            "debt_ratio": 50.9,
            "inventory_turnover_ratio": 0.62,
            "account_receivable_turnover_ratio": 0.57,
            "reinvestment_rate": 1119.77,
            "research_to_sale_ratio": 3.96,
            "price_fair": 116.9,
            "eps_avg_yearly": 3.34,
            "eps_latest_yearly": 1.32,
            "eps_growth_yearly": 56.25
        },
        "20113": {
            "year_quarter": 20113,
            "year": 2011,
            "quarter": 3,
            "eps": 1.14,
            "eps_growth_year": 34.29,
            "eps_4q": 3.86,
            "eps_4q_growth_year": 648.77,
            "roe": 4.46,
            "roe_4q": 15.870000000000001,
            "gross_profit": 1582505,
            "gross_margin": 45.04,
            "gross_margin_4q_avg": 45.08,
            "net_income": 227752,
            "net_income_4q": null,
            "revenue": 3513564,
            "revenue_4q": null,
            "common_shares": 1993019,
            "book_valuer_per_share": 26.79,
            "book_valuer_per_share_4q_avg": 25.37,
            "equity": 5346739,
            "current_ratio": 148.56,
            "debt_ratio": 56.7,
            "inventory_turnover_ratio": 0.69,
            "account_receivable_turnover_ratio": 0.6,
            "reinvestment_rate": 953.73,
            "research_to_sale_ratio": 2.52,
            "price_fair": 123,
            "eps_avg_yearly": 3.51,
            "eps_latest_yearly": 4.56,
            "eps_growth_yearly": 188.47
        },
        "20114": {
            "year_quarter": 20114,
            "year": 2011,
            "quarter": 4,
            "eps": 1.51,
            "eps_growth_year": -1.9,
            "eps_4q": 3.87,
            "eps_4q_growth_year": 199.81,
            "roe": 5.53,
            "roe_4q": 14.93,
            "gross_profit": 2118238,
            "gross_margin": 45.03,
            "gross_margin_4q_avg": 45.47,
            "net_income": 302697,
            "net_income_4q": null,
            "revenue": 4703634,
            "revenue_4q": null,
            "common_shares": 1993019,
            "book_valuer_per_share": 28.1,
            "book_valuer_per_share_4q_avg": 26.37,
            "equity": 5609711,
            "current_ratio": 145.03,
            "debt_ratio": 56.45,
            "inventory_turnover_ratio": 0.81,
            "account_receivable_turnover_ratio": 0.62,
            "reinvestment_rate": 587.31,
            "research_to_sale_ratio": 1.83,
            "price_fair": 127.8,
            "eps_avg_yearly": 3.65,
            "eps_latest_yearly": 6.04,
            "eps_growth_yearly": 95.39
        },
        "20121": {
            "year_quarter": 20121,
            "year": 2012,
            "quarter": 1,
            "eps": 0.52,
            "eps_growth_year": -42.22,
            "eps_4q": 3.51,
            "eps_4q_growth_year": 34.13,
            "roe": 1.84,
            "roe_4q": 13.15,
            "gross_profit": 1506981,
            "gross_margin": 45.82,
            "gross_margin_4q_avg": 45.45,
            "net_income": 103382,
            "net_income_4q": null,
            "revenue": 3289209,
            "revenue_4q": null,
            "common_shares": 1993019,
            "book_valuer_per_share": 28.14,
            "book_valuer_per_share_4q_avg": 27.02,
            "equity": 5617213,
            "current_ratio": 159.58,
            "debt_ratio": 53.08,
            "inventory_turnover_ratio": 0.6,
            "account_receivable_turnover_ratio": 0.45,
            "reinvestment_rate": 530.68,
            "research_to_sale_ratio": 2.78,
            "price_fair": 134,
            "eps_avg_yearly": 3.83,
            "eps_latest_yearly": 2.08,
            "eps_growth_yearly": 105.62
        },
        "20122": {
            "year_quarter": 20122,
            "year": 2012,
            "quarter": 2,
            "eps": 0.07,
            "eps_growth_year": -80.38,
            "eps_4q": 3.22,
            "eps_4q_growth_year": -9.09,
            "roe": 0.22,
            "roe_4q": 12.05,
            "gross_profit": 1428234,
            "gross_margin": 47.41,
            "gross_margin_4q_avg": 45.83,
            "net_income": 11802,
            "net_income_4q": null,
            "revenue": 3012260,
            "revenue_4q": null,
            "common_shares": 1993019,
            "book_valuer_per_share": 26.04,
            "book_valuer_per_share_4q_avg": 27.27,
            "equity": 5197062,
            "current_ratio": 148.81,
            "debt_ratio": 54.46,
            "inventory_turnover_ratio": 0.59,
            "account_receivable_turnover_ratio": 0.51,
            "reinvestment_rate": 445.21,
            "research_to_sale_ratio": 3.12,
            "price_fair": 118.48,
            "eps_avg_yearly": 3.39,
            "eps_latest_yearly": 0.28,
            "eps_growth_yearly": 49.15
        },
        "20123": {
            "year_quarter": 20123,
            "year": 2012,
            "quarter": 3,
            "eps": 1.33,
            "eps_growth_year": 16.08,
            "eps_4q": 3.41,
            "eps_4q_growth_year": -11.54,
            "roe": 5.06,
            "roe_4q": 12.649999999999999,
            "gross_profit": 1747749,
            "gross_margin": 46.39,
            "gross_margin_4q_avg": 46.16,
            "net_income": 265994,
            "net_income_4q": null,
            "revenue": 3767359,
            "revenue_4q": null,
            "common_shares": 2003815,
            "book_valuer_per_share": 26.46,
            "book_valuer_per_share_4q_avg": 27.19,
            "equity": 5309387,
            "current_ratio": 137.59,
            "debt_ratio": 59.54,
            "inventory_turnover_ratio": 0.7,
            "account_receivable_turnover_ratio": 0.58,
            "reinvestment_rate": 478.71,
            "research_to_sale_ratio": 2.89,
            "price_fair": 126,
            "eps_avg_yearly": 3.6,
            "eps_latest_yearly": 5.32,
            "eps_growth_yearly": 843.69
        },
        "20124": {
            "year_quarter": 20124,
            "year": 2012,
            "quarter": 4,
            "eps": 2.37,
            "eps_growth_year": 56.8,
            "eps_4q": 4.28,
            "eps_4q_growth_year": 10.65,
            "roe": 8.51,
            "roe_4q": 15.63,
            "gross_profit": 2492320,
            "gross_margin": 47.45,
            "gross_margin_4q_avg": 46.77,
            "net_income": 476579,
            "net_income_4q": null,
            "revenue": 5252062,
            "revenue_4q": null,
            "common_shares": 2003815,
            "book_valuer_per_share": 29.34,
            "book_valuer_per_share_4q_avg": 27.5,
            "equity": 5889350,
            "current_ratio": 149.66,
            "debt_ratio": 58.3,
            "inventory_turnover_ratio": 0.86,
            "account_receivable_turnover_ratio": 0.63,
            "reinvestment_rate": 314.32,
            "research_to_sale_ratio": 1.55,
            "price_fair": 146.58,
            "eps_avg_yearly": 4.19,
            "eps_latest_yearly": 9.48,
            "eps_growth_yearly": 790.6
        },
        "20131": {
            "year_quarter": 20131,
            "year": 2013,
            "quarter": 1,
            "eps": 0.41,
            "eps_growth_year": -21.15,
            "eps_4q": 4.17,
            "eps_4q_growth_year": 18.97,
            "roe": 1.35,
            "roe_4q": 15.139999999999999,
            "gross_profit": 1660028,
            "gross_margin": 50.04,
            "gross_margin_4q_avg": 47.82,
            "net_income": 80303,
            "net_income_4q": null,
            "revenue": 3317348,
            "revenue_4q": null,
            "common_shares": 2003815,
            "book_valuer_per_share": 30.04,
            "book_valuer_per_share_4q_avg": 27.97,
            "equity": 6026415,
            "current_ratio": 162.12,
            "debt_ratio": 54.36,
            "inventory_turnover_ratio": 0.54,
            "account_receivable_turnover_ratio": 0.49,
            "reinvestment_rate": -47.91,
            "research_to_sale_ratio": 3.04,
            "price_fair": 138.47,
            "eps_avg_yearly": 3.96,
            "eps_latest_yearly": 1.64,
            "eps_growth_yearly": 688.65
        },
        "20132": {
            "year_quarter": 20132,
            "year": 2013,
            "quarter": 2,
            "eps": -0.75,
            "eps_growth_year": -1249.5,
            "eps_4q": 3.34,
            "eps_4q_growth_year": 3.65,
            "roe": -2.58,
            "roe_4q": 12.34,
            "gross_profit": 1256591,
            "gross_margin": 42.97,
            "gross_margin_4q_avg": 46.71,
            "net_income": -152005,
            "net_income_4q": null,
            "revenue": 2924232,
            "revenue_4q": null,
            "common_shares": 2003815,
            "book_valuer_per_share": 28.66,
            "book_valuer_per_share_4q_avg": 28.63,
            "equity": 5749128,
            "current_ratio": 156.13,
            "debt_ratio": 55.22,
            "inventory_turnover_ratio": 0.56,
            "account_receivable_turnover_ratio": 0.76,
            "reinvestment_rate": -40.42,
            "research_to_sale_ratio": 3.53,
            "price_fair": 138.47,
            "eps_avg_yearly": 3.96,
            "eps_latest_yearly": 1.64,
            "eps_growth_yearly": 688.65
        },
        "20133": {
            "year_quarter": 20133,
            "year": 2013,
            "quarter": 3,
            "eps": 0.73,
            "eps_growth_year": -45.01,
            "eps_4q": 2.75,
            "eps_4q_growth_year": -19.54,
            "roe": 2.56,
            "roe_4q": 9.84,
            "gross_profit": 1559971,
            "gross_margin": 41.74,
            "gross_margin_4q_avg": 45.55,
            "net_income": 148562,
            "net_income_4q": null,
            "revenue": 3737448,
            "revenue_4q": null,
            "common_shares": 2014480,
            "book_valuer_per_share": 28.98,
            "book_valuer_per_share_4q_avg": 29.26,
            "equity": 5838564,
            "current_ratio": 149.68,
            "debt_ratio": 58.23,
            "inventory_turnover_ratio": 0.68,
            "account_receivable_turnover_ratio": 0.99,
            "reinvestment_rate": -32.99,
            "research_to_sale_ratio": 2.39,
            "price_fair": 138.47,
            "eps_avg_yearly": 3.96,
            "eps_latest_yearly": 1.64,
            "eps_growth_yearly": 688.65
        },
        "20134": {
            "year_quarter": 20134,
            "year": 2013,
            "quarter": 4,
            "eps": 3.86,
            "eps_growth_year": 63.17,
            "eps_4q": 4.25,
            "eps_4q_growth_year": -0.57,
            "roe": 12.43,
            "roe_4q": 13.76,
            "gross_profit": 2298908,
            "gross_margin": 45.15,
            "gross_margin_4q_avg": 44.98,
            "net_income": 780080,
            "net_income_4q": null,
            "revenue": 5092126,
            "revenue_4q": null,
            "common_shares": 2014480,
            "book_valuer_per_share": 33.3,
            "book_valuer_per_share_4q_avg": 30.25,
            "equity": 6710830,
            "current_ratio": 156.97,
            "debt_ratio": 54.76,
            "inventory_turnover_ratio": 0.85,
            "account_receivable_turnover_ratio": 1.11,
            "reinvestment_rate": -212.95,
            "research_to_sale_ratio": 2.15,
            "price_fair": 177.93,
            "eps_avg_yearly": 5.08,
            "eps_latest_yearly": 15.44,
            "eps_growth_yearly": 845.95
        },
        "20141": {
            "year_quarter": 20141,
            "year": 2014,
            "quarter": 1,
            "eps": 1.41,
            "eps_growth_year": 243.9,
            "eps_4q": 5.25,
            "eps_4q_growth_year": 25.9,
            "roe": 4.12,
            "roe_4q": 16.53,
            "gross_profit": 1634270,
            "gross_margin": 44.62,
            "gross_margin_4q_avg": 43.62,
            "net_income": 284002,
            "net_income_4q": null,
            "revenue": 3662531,
            "revenue_4q": null,
            "common_shares": 2014480,
            "book_valuer_per_share": 35.03,
            "book_valuer_per_share_4q_avg": 31.49,
            "equity": 7060182,
            "current_ratio": 187.65,
            "debt_ratio": 55.25,
            "inventory_turnover_ratio": 0.65,
            "account_receivable_turnover_ratio": 0.75,
            "reinvestment_rate": -182.08,
            "research_to_sale_ratio": 1.8,
            "price_fair": 179.55,
            "eps_avg_yearly": 5.13,
            "eps_latest_yearly": 5.64,
            "eps_growth_yearly": 754.29
        },
        "20142": {
            "year_quarter": 20142,
            "year": 2014,
            "quarter": 2,
            "eps": 0.52,
            "eps_growth_year": null,
            "eps_4q": 4.52,
            "eps_4q_growth_year": 35.25,
            "roe": 2.29,
            "roe_4q": 21.4,
            "gross_profit": 1598456,
            "gross_margin": 46.37,
            "gross_margin_4q_avg": 44.47,
            "net_income": 157941,
            "net_income_4q": null,
            "revenue": 3447269,
            "revenue_4q": null,
            "common_shares": 2014480,
            "book_valuer_per_share": 33.27,
            "book_valuer_per_share_4q_avg": 32.65,
            "equity": 6706008,
            "current_ratio": 149.92,
            "debt_ratio": 57.13,
            "inventory_turnover_ratio": 0.59,
            "account_receivable_turnover_ratio": 0.74,
            "reinvestment_rate": -163.31,
            "research_to_sale_ratio": 2.31,
            "price_fair": 171.34,
            "eps_avg_yearly": 4.9,
            "eps_latest_yearly": 2.08,
            "eps_growth_yearly": 676.85
        },
        "20143": {
            "year_quarter": 20143,
            "year": 2014,
            "quarter": 3,
            "eps": 0.85,
            "eps_growth_year": 16.44,
            "eps_4q": 4.88,
            "eps_4q_growth_year": 77.85,
            "roe": 3.75,
            "roe_4q": 22.59,
            "gross_profit": 1958301,
            "gross_margin": 48.23,
            "gross_margin_4q_avg": 46.09,
            "net_income": 257308,
            "net_income_4q": null,
            "revenue": 4060000,
            "revenue_4q": null,
            "common_shares": 3024172,
            "book_valuer_per_share": 23.15,
            "book_valuer_per_share_4q_avg": 31.19,
            "equity": 7004354,
            "current_ratio": 140.54,
            "debt_ratio": 62.46,
            "inventory_turnover_ratio": 0.62,
            "account_receivable_turnover_ratio": 0.82,
            "reinvestment_rate": -169.38,
            "research_to_sale_ratio": 2.32,
            "price_fair": 167.6,
            "eps_avg_yearly": 4.79,
            "eps_latest_yearly": 3.4,
            "eps_growth_yearly": 646.64
        },
        "20144": {
            "year_quarter": 20144,
            "year": 2014,
            "quarter": 4,
            "eps": 6.41,
            "eps_growth_year": 65.97,
            "eps_4q": 8.72,
            "eps_4q_growth_year": 105.03,
            "roe": 24.07,
            "roe_4q": 34.23,
            "gross_profit": 2453719,
            "gross_margin": 45.6,
            "gross_margin_4q_avg": 46.21,
            "net_income": 1938394,
            "net_income_4q": null,
            "revenue": 5381236,
            "revenue_4q": null,
            "common_shares": 3024172,
            "book_valuer_per_share": 30.08,
            "book_valuer_per_share_4q_avg": 30.38,
            "equity": 9100442,
            "current_ratio": 161.12,
            "debt_ratio": 54.78,
            "inventory_turnover_ratio": 0.81,
            "account_receivable_turnover_ratio": 0.92,
            "reinvestment_rate": -111.68,
            "research_to_sale_ratio": 2.84,
            "price_fair": 216.3,
            "eps_avg_yearly": 6.18,
            "eps_latest_yearly": 25.64,
            "eps_growth_yearly": 810.33
        },
        "20151": {
            "year_quarter": 20151,
            "year": 2015,
            "quarter": 1,
            "eps": -0.19,
            "eps_growth_year": -113.48,
            "eps_4q": 7.59,
            "eps_4q_growth_year": 44.5,
            "roe": -0.66,
            "roe_4q": 29.45,
            "gross_profit": 1627599,
            "gross_margin": 47.53,
            "gross_margin_4q_avg": 46.93,
            "net_income": -58060,
            "net_income_4q": null,
            "revenue": 3424578,
            "revenue_4q": null,
            "common_shares": 3024172,
            "book_valuer_per_share": 28.37,
            "book_valuer_per_share_4q_avg": 28.72,
            "equity": 8582035,
            "current_ratio": 170.85,
            "debt_ratio": 51.72,
            "inventory_turnover_ratio": 0.48,
            "account_receivable_turnover_ratio": 0.59,
            "reinvestment_rate": -124.93,
            "research_to_sale_ratio": 2.65,
            "price_fair": 223.25,
            "eps_avg_yearly": 6.38,
            "eps_latest_yearly": 25.64,
            "eps_growth_yearly": 885.45
        },
        "20152": {
            "year_quarter": 20152,
            "year": 2015,
            "quarter": 2,
            "eps": -0.53,
            "eps_growth_year": -201.92,
            "eps_4q": 6.5,
            "eps_4q_growth_year": 43.85,
            "roe": -1.96,
            "roe_4q": 25.2,
            "gross_profit": 1501169,
            "gross_margin": 43.15,
            "gross_margin_4q_avg": 46.13,
            "net_income": -161732,
            "net_income_4q": null,
            "revenue": 3478883,
            "revenue_4q": null,
            "common_shares": 3024172,
            "book_valuer_per_share": 26.3,
            "book_valuer_per_share_4q_avg": 26.98,
            "equity": 7956111,
            "current_ratio": 153.45,
            "debt_ratio": 56.96,
            "inventory_turnover_ratio": 0.5,
            "account_receivable_turnover_ratio": 0.68,
            "reinvestment_rate": -132.5,
            "research_to_sale_ratio": 2.74,
            "price_fair": 238,
            "eps_avg_yearly": 6.8,
            "eps_latest_yearly": 25.64,
            "eps_growth_yearly": 980.35
        },
        "20153": {
            "year_quarter": 20153,
            "year": 2015,
            "quarter": 3,
            "eps": 0.73,
            "eps_growth_year": -14.12,
            "eps_4q": 6.38,
            "eps_4q_growth_year": 30.69,
            "roe": 2.66,
            "roe_4q": 24.11,
            "gross_profit": 1855831,
            "gross_margin": 43.82,
            "gross_margin_4q_avg": 45.03,
            "net_income": 220763,
            "net_income_4q": null,
            "revenue": 4234941,
            "revenue_4q": null,
            "common_shares": 3040166,
            "book_valuer_per_share": 28.41,
            "book_valuer_per_share_4q_avg": 28.29,
            "equity": 8640136,
            "current_ratio": 146.72,
            "debt_ratio": 58.69,
            "inventory_turnover_ratio": 0.54,
            "account_receivable_turnover_ratio": 0.73,
            "reinvestment_rate": -134.08,
            "research_to_sale_ratio": 2.46,
            "price_fair": 245.13,
            "eps_avg_yearly": 7,
            "eps_latest_yearly": 25.64,
            "eps_growth_yearly": 980.22
        },
        "20154": {
            "year_quarter": 20154,
            "year": 2015,
            "quarter": 4,
            "eps": 1.85,
            "eps_growth_year": -71.16,
            "eps_4q": 1.85,
            "eps_4q_growth_year": -78.75,
            "roe": 6.42,
            "roe_4q": 6.46,
            "gross_profit": 2836608,
            "gross_margin": 48.6,
            "gross_margin_4q_avg": 45.78,
            "net_income": 563109,
            "net_income_4q": null,
            "revenue": 5836528,
            "revenue_4q": null,
            "common_shares": 3040166,
            "book_valuer_per_share": 29.29,
            "book_valuer_per_share_4q_avg": 28.09,
            "equity": 8910011,
            "current_ratio": 143.83,
            "debt_ratio": 60.16,
            "inventory_turnover_ratio": 0.64,
            "account_receivable_turnover_ratio": 0.87,
            "reinvestment_rate": -124.96,
            "research_to_sale_ratio": 2.65,
            "price_fair": 249.45,
            "eps_avg_yearly": 7.13,
            "eps_latest_yearly": 7.4,
            "eps_growth_yearly": 1024.21
        },
        "20161": {
            "year_quarter": 20161,
            "year": 2016,
            "quarter": 1,
            "eps": -0.19,
            "eps_growth_year": null,
            "eps_4q": 1.85,
            "eps_4q_growth_year": -75.57,
            "roe": -0.66,
            "roe_4q": 6.46,
            "gross_profit": 1940308,
            "gross_margin": 43.97,
            "gross_margin_4q_avg": 44.89,
            "net_income": -58572,
            "net_income_4q": null,
            "revenue": 4412638,
            "revenue_4q": null,
            "common_shares": 3040166,
            "book_valuer_per_share": 28.94,
            "book_valuer_per_share_4q_avg": 28.24,
            "equity": 8788756,
            "current_ratio": 146.17,
            "debt_ratio": 58.57,
            "inventory_turnover_ratio": 0.53,
            "account_receivable_turnover_ratio": 0.69,
            "reinvestment_rate": -123.76,
            "research_to_sale_ratio": 2.63,
            "price_fair": 267.12,
            "eps_avg_yearly": 7.63,
            "eps_latest_yearly": 7.4,
            "eps_growth_yearly": 1152.85
        },
        "20162": {
            "year_quarter": 20162,
            "year": 2016,
            "quarter": 2,
            "eps": 0.14,
            "eps_growth_year": null,
            "eps_4q": 2.54,
            "eps_4q_growth_year": -60.98,
            "roe": 0.51,
            "roe_4q": 8.93,
            "gross_profit": 2004807,
            "gross_margin": 46.84,
            "gross_margin_4q_avg": 45.81,
            "net_income": 44000,
            "net_income_4q": null,
            "revenue": 4280071,
            "revenue_4q": null,
            "common_shares": 3040166,
            "book_valuer_per_share": 27.53,
            "book_valuer_per_share_4q_avg": 28.54,
            "equity": 8350776,
            "current_ratio": 138.83,
            "debt_ratio": 60.13,
            "inventory_turnover_ratio": 0.49,
            "account_receivable_turnover_ratio": 0.74,
            "reinvestment_rate": -133.08,
            "research_to_sale_ratio": 2.58,
            "price_fair": 295.71,
            "eps_avg_yearly": 8.45,
            "eps_latest_yearly": 7.4,
            "eps_growth_yearly": 1319.41
        },
        "20163": {
            "year_quarter": 20163,
            "year": 2016,
            "quarter": 3,
            "eps": 0.54,
            "eps_growth_year": -26.03,
            "eps_4q": 2.34,
            "eps_4q_growth_year": -63.28,
            "roe": 1.98,
            "roe_4q": 8.25,
            "gross_profit": 2224489,
            "gross_margin": 43.37,
            "gross_margin_4q_avg": 45.7,
            "net_income": 163389,
            "net_income_4q": null,
            "revenue": 5129342,
            "revenue_4q": null,
            "common_shares": 3040166,
            "book_valuer_per_share": 27,
            "book_valuer_per_share_4q_avg": 28.19,
            "equity": 8190496,
            "current_ratio": 130.03,
            "debt_ratio": 63.33,
            "inventory_turnover_ratio": 0.58,
            "account_receivable_turnover_ratio": 0.88,
            "reinvestment_rate": -132.3,
            "research_to_sale_ratio": 2.16,
            "price_fair": 283.42,
            "eps_avg_yearly": 8.1,
            "eps_latest_yearly": 2.16,
            "eps_growth_yearly": 646.39
        },
        "20164": {
            "year_quarter": 20164,
            "year": 2016,
            "quarter": 4,
            "eps": 1.87,
            "eps_growth_year": 1.31,
            "eps_4q": 2.36,
            "eps_4q_growth_year": 27.45,
            "roe": 6.76,
            "roe_4q": 8.59,
            "gross_profit": 3166022,
            "gross_margin": 49.92,
            "gross_margin_4q_avg": 46.03,
            "net_income": 567602,
            "net_income_4q": null,
            "revenue": 6342464,
            "revenue_4q": null,
            "common_shares": 3040166,
            "book_valuer_per_share": 28.37,
            "book_valuer_per_share_4q_avg": 27.96,
            "equity": 8605640,
            "current_ratio": 138.4,
            "debt_ratio": 62.14,
            "inventory_turnover_ratio": 0.58,
            "account_receivable_turnover_ratio": 0.97,
            "reinvestment_rate": -140.24,
            "research_to_sale_ratio": 2.32,
            "price_fair": 275.64,
            "eps_avg_yearly": 7.88,
            "eps_latest_yearly": 7.48,
            "eps_growth_yearly": 721.11
        },
        "20171": {
            "year_quarter": 20171,
            "year": 2017,
            "quarter": 1,
            "eps": -0.2,
            "eps_growth_year": null,
            "eps_4q": 2.36,
            "eps_4q_growth_year": 27.32,
            "roe": -0.71,
            "roe_4q": 8.54,
            "gross_profit": 2056055,
            "gross_margin": 46.31,
            "gross_margin_4q_avg": 46.61,
            "net_income": -59280,
            "net_income_4q": null,
            "revenue": 4439534,
            "revenue_4q": null,
            "common_shares": 3040166,
            "book_valuer_per_share": 26.4,
            "book_valuer_per_share_4q_avg": 27.33,
            "equity": 8006341,
            "current_ratio": 139.95,
            "debt_ratio": 63.73,
            "inventory_turnover_ratio": 0.44,
            "account_receivable_turnover_ratio": 0.69,
            "reinvestment_rate": 5.95,
            "research_to_sale_ratio": 2.43,
            "price_fair": 302.93,
            "eps_avg_yearly": 8.66,
            "eps_latest_yearly": 7.48,
            "eps_growth_yearly": 852.59
        },
        "20172": {
            "year_quarter": 20172,
            "year": 2017,
            "quarter": 2,
            "eps": -0.72,
            "eps_growth_year": -614.29,
            "eps_4q": 1.49,
            "eps_4q_growth_year": -41.08,
            "roe": -2.79,
            "roe_4q": 5.24,
            "gross_profit": 1857831,
            "gross_margin": 45.91,
            "gross_margin_4q_avg": 46.38,
            "net_income": -219193,
            "net_income_4q": null,
            "revenue": 4046707,
            "revenue_4q": null,
            "common_shares": 3040166,
            "book_valuer_per_share": 25.45,
            "book_valuer_per_share_4q_avg": 26.81,
            "equity": 7720112,
            "current_ratio": 144.11,
            "debt_ratio": 64.2,
            "inventory_turnover_ratio": 0.41,
            "account_receivable_turnover_ratio": 0.7,
            "reinvestment_rate": 5.98,
            "research_to_sale_ratio": 3.08,
            "price_fair": 302.93,
            "eps_avg_yearly": 8.66,
            "eps_latest_yearly": 7.48,
            "eps_growth_yearly": 852.59
        },
        "20173": {
            "year_quarter": 20173,
            "year": 2017,
            "quarter": 3,
            "eps": 0.23,
            "eps_growth_year": -57.41,
            "eps_4q": 1.18,
            "eps_4q_growth_year": -49.62,
            "roe": 0.87,
            "roe_4q": 4.13,
            "gross_profit": 2202923,
            "gross_margin": 47.39,
            "gross_margin_4q_avg": 47.38,
            "net_income": 68397,
            "net_income_4q": null,
            "revenue": 4648032,
            "revenue_4q": null,
            "common_shares": 3040166,
            "book_valuer_per_share": 26.16,
            "book_valuer_per_share_4q_avg": 26.6,
            "equity": 7932653,
            "current_ratio": 141.79,
            "debt_ratio": 64.82,
            "inventory_turnover_ratio": 0.45,
            "account_receivable_turnover_ratio": 0.77,
            "reinvestment_rate": 10.33,
            "research_to_sale_ratio": 2,
            "price_fair": 302.93,
            "eps_avg_yearly": 8.66,
            "eps_latest_yearly": 7.48,
            "eps_growth_yearly": 852.59
        },
        "20174": {
            "year_quarter": 20174,
            "year": 2017,
            "quarter": 4,
            "eps": 1.12,
            "eps_growth_year": -40.11,
            "eps_4q": 0.43,
            "eps_4q_growth_year": -81.82,
            "roe": 4.23,
            "roe_4q": 1.6000000000000005,
            "gross_profit": 3087668,
            "gross_margin": 48.55,
            "gross_margin_4q_avg": 47.04,
            "net_income": 340678,
            "net_income_4q": null,
            "revenue": 6360158,
            "revenue_4q": null,
            "common_shares": 3040166,
            "book_valuer_per_share": 26.93,
            "book_valuer_per_share_4q_avg": 26.24,
            "equity": 8167441,
            "current_ratio": 147.26,
            "debt_ratio": 63.32,
            "inventory_turnover_ratio": 0.62,
            "account_receivable_turnover_ratio": 0.95,
            "reinvestment_rate": 10.64,
            "research_to_sale_ratio": 2.13,
            "price_fair": 254.98,
            "eps_avg_yearly": 7.29,
            "eps_latest_yearly": 4.48,
            "eps_growth_yearly": 831.69
        },
        "20181": {
            "year_quarter": 20181,
            "year": 2018,
            "quarter": 1,
            "eps": -0.65,
            "eps_growth_year": null,
            "eps_4q": -0.02,
            "eps_4q_growth_year": -100.89,
            "roe": -2.4,
            "roe_4q": -0.08999999999999941,
            "gross_profit": 2201052,
            "gross_margin": 49.07,
            "gross_margin_4q_avg": 47.73,
            "net_income": -195439,
            "net_income_4q": null,
            "revenue": 4485215,
            "revenue_4q": null,
            "common_shares": 3040166,
            "book_valuer_per_share": 26.68,
            "book_valuer_per_share_4q_avg": 26.31,
            "equity": 8094161,
            "current_ratio": 148.95,
            "debt_ratio": 62.23,
            "inventory_turnover_ratio": 0.47,
            "account_receivable_turnover_ratio": 0.68,
            "reinvestment_rate": 13.38,
            "research_to_sale_ratio": 2.93,
            "price_fair": 263.2,
            "eps_avg_yearly": 7.52,
            "eps_latest_yearly": 4.48,
            "eps_growth_yearly": 986.77
        },
        "20182": {
            "year_quarter": 20182,
            "year": 2018,
            "quarter": 2,
            "eps": -0.48,
            "eps_growth_year": null,
            "eps_4q": 0.22,
            "eps_4q_growth_year": -85.3,
            "roe": -1.83,
            "roe_4q": 0.87,
            "gross_profit": 2069112,
            "gross_margin": 45.82,
            "gross_margin_4q_avg": 47.71,
            "net_income": -146209,
            "net_income_4q": null,
            "revenue": 4515643,
            "revenue_4q": null,
            "common_shares": 3040166,
            "book_valuer_per_share": 25.91,
            "book_valuer_per_share_4q_avg": 26.42,
            "equity": 7857755,
            "current_ratio": 141.84,
            "debt_ratio": 62.96,
            "inventory_turnover_ratio": 0.49,
            "account_receivable_turnover_ratio": 0.77,
            "reinvestment_rate": 19.57,
            "research_to_sale_ratio": 2.83,
            "price_fair": 294.93,
            "eps_avg_yearly": 8.43,
            "eps_latest_yearly": 4.48,
            "eps_growth_yearly": 1193.31
        },
        "20183": {
            "year_quarter": 20183,
            "year": 2018,
            "quarter": 3,
            "eps": 0.63,
            "eps_growth_year": 173.91,
            "eps_4q": 0.62,
            "eps_4q_growth_year": -47.17,
            "roe": 2.43,
            "roe_4q": 2.4300000000000006,
            "gross_profit": 2593327,
            "gross_margin": 47.95,
            "gross_margin_4q_avg": 47.85,
            "net_income": 191269,
            "net_income_4q": null,
            "revenue": 5408260,
            "revenue_4q": null,
            "common_shares": 3040166,
            "book_valuer_per_share": 25.95,
            "book_valuer_per_share_4q_avg": 26.37,
            "equity": 7870386,
            "current_ratio": 134.74,
            "debt_ratio": 65.18,
            "inventory_turnover_ratio": 0.54,
            "account_receivable_turnover_ratio": 0.88,
            "reinvestment_rate": 28.9,
            "research_to_sale_ratio": 1.66,
            "price_fair": 330.12,
            "eps_avg_yearly": 9.43,
            "eps_latest_yearly": 4.48,
            "eps_growth_yearly": 1381.21
        },
        "20184": {
            "year_quarter": 20184,
            "year": 2018,
            "quarter": 4,
            "eps": 1.78,
            "eps_growth_year": 59.02,
            "eps_4q": 1.29,
            "eps_4q_growth_year": 199.43,
            "roe": 6.63,
            "roe_4q": 4.83,
            "gross_profit": 3173705,
            "gross_margin": 43.19,
            "gross_margin_4q_avg": 46.51,
            "net_income": 540701,
            "net_income_4q": null,
            "revenue": 7347946,
            "revenue_4q": null,
            "common_shares": 3040166,
            "book_valuer_per_share": 27.79,
            "book_valuer_per_share_4q_avg": 26.58,
            "equity": 8430601,
            "current_ratio": 134.39,
            "debt_ratio": 64.49,
            "inventory_turnover_ratio": 0.77,
            "account_receivable_turnover_ratio": 1.05,
            "reinvestment_rate": 68.12,
            "research_to_sale_ratio": 1.74,
            "price_fair": 200.48,
            "eps_avg_yearly": 5.73,
            "eps_latest_yearly": 7.12,
            "eps_growth_yearly": 1003.95
        },
        "20191": {
            "year_quarter": 20191,
            "year": 2019,
            "quarter": 1,
            "eps": 0.09,
            "eps_growth_year": null,
            "eps_4q": 2.02,
            "eps_4q_growth_year": null,
            "roe": 0.31,
            "roe_4q": 7.539999999999999,
            "gross_profit": 2641509,
            "gross_margin": 49.5,
            "gross_margin_4q_avg": 46.62,
            "net_income": 26351,
            "net_income_4q": null,
            "revenue": 5336812,
            "revenue_4q": null,
            "common_shares": 3040166,
            "book_valuer_per_share": 28.2,
            "book_valuer_per_share_4q_avg": 26.96,
            "equity": 8554717,
            "current_ratio": 132.8,
            "debt_ratio": 66.44,
            "inventory_turnover_ratio": 0.46,
            "account_receivable_turnover_ratio": 0.79,
            "reinvestment_rate": 63.11,
            "research_to_sale_ratio": 2.98,
            "price_fair": 169.17,
            "eps_avg_yearly": 4.83,
            "eps_latest_yearly": 0.36,
            "eps_growth_yearly": 773.33
        },
        "20192": {
            "year_quarter": 20192,
            "year": 2019,
            "quarter": 2,
            "eps": 0.73,
            "eps_growth_year": null,
            "eps_4q": 3.22,
            "eps_4q_growth_year": 1367.85,
            "roe": 2.58,
            "roe_4q": 11.95,
            "gross_profit": 2804374,
            "gross_margin": 49.94,
            "gross_margin_4q_avg": 47.65,
            "net_income": 221839,
            "net_income_4q": null,
            "revenue": 5615217,
            "revenue_4q": null,
            "common_shares": 3036166,
            "book_valuer_per_share": 28.33,
            "book_valuer_per_share_4q_avg": 27.57,
            "equity": 8609251,
            "current_ratio": 127.24,
            "debt_ratio": 66.81,
            "inventory_turnover_ratio": 0.43,
            "account_receivable_turnover_ratio": 0.93,
            "reinvestment_rate": 60.96,
            "research_to_sale_ratio": 2.2,
            "price_fair": 159.6,
            "eps_avg_yearly": 4.56,
            "eps_latest_yearly": 2.92,
            "eps_growth_yearly": 1069.2
        },
        "20193": {
            "year_quarter": 20193,
            "year": 2019,
            "quarter": 3,
            "eps": 1.12,
            "eps_growth_year": 77.78,
            "eps_4q": 3.73,
            "eps_4q_growth_year": 497.37,
            "roe": 3.96,
            "roe_4q": 13.48,
            "gross_profit": 3086354,
            "gross_margin": 50.11,
            "gross_margin_4q_avg": 48.19,
            "net_income": 341084,
            "net_income_4q": null,
            "revenue": 6159762,
            "revenue_4q": null,
            "common_shares": 3036166,
            "book_valuer_per_share": 28.42,
            "book_valuer_per_share_4q_avg": 28.19,
            "equity": 8617306,
            "current_ratio": 135.96,
            "debt_ratio": 67.62,
            "inventory_turnover_ratio": 0.43,
            "account_receivable_turnover_ratio": 1.02,
            "reinvestment_rate": 50.93,
            "research_to_sale_ratio": 2.63,
            "price_fair": 159.25,
            "eps_avg_yearly": 4.55,
            "eps_latest_yearly": 4.48,
            "eps_growth_yearly": 962.26
        },
        "20194": {
            "year_quarter": 20194,
            "year": 2019,
            "quarter": 4,
            "eps": 2.32,
            "eps_growth_year": 30.24,
            "eps_4q": 4.27,
            "eps_4q_growth_year": 231.71,
            "roe": 7.94,
            "roe_4q": 14.790000000000001,
            "gross_profit": 4014630,
            "gross_margin": 48.6,
            "gross_margin_4q_avg": 49.54,
            "net_income": 704747,
            "net_income_4q": null,
            "revenue": 8260770,
            "revenue_4q": null,
            "common_shares": 3036166,
            "book_valuer_per_share": 30.13,
            "book_valuer_per_share_4q_avg": 28.77,
            "equity": 9137226,
            "current_ratio": 139.62,
            "debt_ratio": 66.08,
            "inventory_turnover_ratio": 0.61,
            "account_receivable_turnover_ratio": 1.22,
            "reinvestment_rate": 44.52,
            "research_to_sale_ratio": 2.49,
            "price_fair": 167.48,
            "eps_avg_yearly": 4.79,
            "eps_latest_yearly": 9.28,
            "eps_growth_yearly": 939.12
        },
        "20201": {
            "year_quarter": 20201,
            "year": 2020,
            "quarter": 1,
            "eps": -0.83,
            "eps_growth_year": -1022.22,
            "eps_4q": 3.35,
            "eps_4q_growth_year": 65.98,
            "roe": -2.55,
            "roe_4q": 11.930000000000001,
            "gross_profit": 2608475,
            "gross_margin": 47.13,
            "gross_margin_4q_avg": 48.95,
            "net_income": -234025,
            "net_income_4q": null,
            "revenue": 5534518,
            "revenue_4q": null,
            "common_shares": 3036166,
            "book_valuer_per_share": 28.78,
            "book_valuer_per_share_4q_avg": 28.92,
            "equity": 9196663,
            "current_ratio": 125.65,
            "debt_ratio": 68.54,
            "inventory_turnover_ratio": 0.43,
            "account_receivable_turnover_ratio": 0.79,
            "reinvestment_rate": 74.83,
            "research_to_sale_ratio": 3.2,
            "price_fair": 167.48,
            "eps_avg_yearly": 4.79,
            "eps_latest_yearly": 9.28,
            "eps_growth_yearly": 939.12
        },
        "20202": {
            "year_quarter": 20202,
            "year": 2020,
            "quarter": 2,
            "eps": -0.03,
            "eps_growth_year": -104.11,
            "eps_4q": 2.59,
            "eps_4q_growth_year": -19.6,
            "roe": -0.14,
            "roe_4q": 9.21,
            "gross_profit": 2632191,
            "gross_margin": 46.76,
            "gross_margin_4q_avg": 48.15,
            "net_income": -12669,
            "net_income_4q": null,
            "revenue": 5629193,
            "revenue_4q": null,
            "common_shares": 3036166,
            "book_valuer_per_share": 26.93,
            "book_valuer_per_share_4q_avg": 28.57,
            "equity": 8611918,
            "current_ratio": 121.21,
            "debt_ratio": 69.98,
            "inventory_turnover_ratio": 0.43,
            "account_receivable_turnover_ratio": 0.89,
            "reinvestment_rate": 74.33,
            "research_to_sale_ratio": 3.07,
            "price_fair": 167.48,
            "eps_avg_yearly": 4.79,
            "eps_latest_yearly": 9.28,
            "eps_growth_yearly": 939.12
        },
        "20203": {
            "year_quarter": 20203,
            "year": 2020,
            "quarter": 3,
            "eps": 1.49,
            "eps_growth_year": 33.04,
            "eps_4q": 2.96,
            "eps_4q_growth_year": -20.68,
            "roe": 5.48,
            "roe_4q": 10.73,
            "gross_profit": 3609433,
            "gross_margin": 48.27,
            "gross_margin_4q_avg": 47.69,
            "net_income": 489024,
            "net_income_4q": null,
            "revenue": 7476843,
            "revenue_4q": null,
            "common_shares": 3036166,
            "book_valuer_per_share": 28.81,
            "book_valuer_per_share_4q_avg": 28.66,
            "equity": 9222176,
            "current_ratio": 123.4,
            "debt_ratio": 69.35,
            "inventory_turnover_ratio": 0.54,
            "account_receivable_turnover_ratio": 1.16,
            "reinvestment_rate": 68.95,
            "research_to_sale_ratio": 2.39,
            "price_fair": 180.6,
            "eps_avg_yearly": 5.16,
            "eps_latest_yearly": 9.28,
            "eps_growth_yearly": 910.02
        },
        "20204": {
            "year_quarter": 20204,
            "year": 2020,
            "quarter": 4,
            "eps": 1.62,
            "eps_growth_year": -30.46,
            "eps_4q": 2.24,
            "eps_4q_growth_year": -47.37,
            "roe": 5.18,
            "roe_4q": 7.97,
            "gross_profit": 4547388,
            "gross_margin": 46.75,
            "gross_margin_4q_avg": 47.23,
            "net_income": 505024,
            "net_income_4q": null,
            "revenue": 9726202,
            "revenue_4q": null,
            "common_shares": 3036166,
            "book_valuer_per_share": 30.89,
            "book_valuer_per_share_4q_avg": 28.85,
            "equity": 10281725,
            "current_ratio": 124.07,
            "debt_ratio": 67.03,
            "inventory_turnover_ratio": 0.68,
            "account_receivable_turnover_ratio": 1.4,
            "reinvestment_rate": 65.55,
            "research_to_sale_ratio": 2.64,
            "price_fair": 175.6,
            "eps_avg_yearly": 5.02,
            "eps_latest_yearly": 6.48,
            "eps_growth_yearly": 774.26
        },
        "20211": {
            "year_quarter": 20211,
            "year": 2021,
            "quarter": 1,
            "eps": 0.22,
            "eps_growth_year": null,
            "eps_4q": 3.3,
            "eps_4q_growth_year": -1.43,
            "roe": 0.89,
            "roe_4q": 11.41,
            "gross_profit": 3553740,
            "gross_margin": 48.89,
            "gross_margin_4q_avg": 47.67,
            "net_income": 90930,
            "net_income_4q": null,
            "revenue": 7269513,
            "revenue_4q": null,
            "common_shares": 3036166,
            "book_valuer_per_share": 30.41,
            "book_valuer_per_share_4q_avg": 29.26,
            "equity": 10101748,
            "current_ratio": 123.53,
            "debt_ratio": 67.3,
            "inventory_turnover_ratio": 0.44,
            "account_receivable_turnover_ratio": 1.09,
            "reinvestment_rate": 45.12,
            "research_to_sale_ratio": 2.8,
            "price_fair": 157.5,
            "eps_avg_yearly": 4.5,
            "eps_latest_yearly": 0.88,
            "eps_growth_yearly": 634.27
        },
        "20212": {
            "year_quarter": 20212,
            "year": 2021,
            "quarter": 2,
            "eps": 0.01,
            "eps_growth_year": null,
            "eps_4q": 3.34,
            "eps_4q_growth_year": 28.89,
            "roe": 0.08,
            "roe_4q": 11.629999999999999,
            "gross_profit": 3092156,
            "gross_margin": 47.2,
            "gross_margin_4q_avg": 47.78,
            "net_income": 8025,
            "net_income_4q": null,
            "revenue": 6551785,
            "revenue_4q": null,
            "common_shares": 3036166,
            "book_valuer_per_share": 28.89,
            "book_valuer_per_share_4q_avg": 29.75,
            "equity": 9633410,
            "current_ratio": 118.71,
            "debt_ratio": 69.6,
            "inventory_turnover_ratio": 0.37,
            "account_receivable_turnover_ratio": 1.03,
            "reinvestment_rate": 38.44,
            "research_to_sale_ratio": 2.78,
            "price_fair": 140.16,
            "eps_avg_yearly": 4,
            "eps_latest_yearly": 0.04,
            "eps_growth_yearly": 521.37
        },
        "20213": {
            "year_quarter": 20213,
            "year": 2021,
            "quarter": 3,
            "eps": -1.67,
            "eps_growth_year": -212.08,
            "eps_4q": 0.17,
            "eps_4q_growth_year": -94.13,
            "roe": -5.35,
            "roe_4q": 0.7999999999999998,
            "gross_profit": 2916579,
            "gross_margin": 40.41,
            "gross_margin_4q_avg": 45.81,
            "net_income": -498667,
            "net_income_4q": null,
            "revenue": 7217094,
            "revenue_4q": null,
            "common_shares": 3036166,
            "book_valuer_per_share": 26.82,
            "book_valuer_per_share_4q_avg": 29.25,
            "equity": 9010565,
            "current_ratio": 111.82,
            "debt_ratio": 72.95,
            "inventory_turnover_ratio": 0.42,
            "account_receivable_turnover_ratio": 1.1,
            "reinvestment_rate": 44.53,
            "research_to_sale_ratio": 2.81,
            "price_fair": 140.16,
            "eps_avg_yearly": 4,
            "eps_latest_yearly": 0.04,
            "eps_growth_yearly": 521.37
        },
        "20214": {
            "year_quarter": 20214,
            "year": 2021,
            "quarter": 4,
            "eps": 1.57,
            "eps_growth_year": -2.94,
            "eps_4q": 0.13,
            "eps_4q_growth_year": -94.38,
            "roe": 5.43,
            "roe_4q": 1.05,
            "gross_profit": 4343781,
            "gross_margin": 44.59,
            "gross_margin_4q_avg": 45.27,
            "net_income": 499081,
            "net_income_4q": null,
            "revenue": 9740936,
            "revenue_4q": null,
            "common_shares": 3036166,
            "book_valuer_per_share": 28.02,
            "book_valuer_per_share_4q_avg": 28.54,
            "equity": 9381184,
            "current_ratio": 111.34,
            "debt_ratio": 73.4,
            "inventory_turnover_ratio": 0.48,
            "account_receivable_turnover_ratio": 1.36,
            "reinvestment_rate": 52.31,
            "research_to_sale_ratio": 2.26,
            "price_fair": 138.08,
            "eps_avg_yearly": 3.95,
            "eps_latest_yearly": 0.04,
            "eps_growth_yearly": 393.06
        },
        "20221": {
            "year_quarter": 20221,
            "year": 2022,
            "quarter": 1,
            "eps": 0.27,
            "eps_growth_year": 22.73,
            "eps_4q": 0.17,
            "eps_4q_growth_year": -94.73,
            "roe": 0.95,
            "roe_4q": 1.1100000000000003,
            "gross_profit": 3140165,
            "gross_margin": 41.72,
            "gross_margin_4q_avg": 43.48,
            "net_income": 90897,
            "net_income_4q": null,
            "revenue": 7526625,
            "revenue_4q": null,
            "common_shares": 3036166,
            "book_valuer_per_share": 29.19,
            "book_valuer_per_share_4q_avg": 28.23,
            "equity": 9696853,
            "current_ratio": 106.32,
            "debt_ratio": 73.3,
            "inventory_turnover_ratio": 0.38,
            "account_receivable_turnover_ratio": 1.04,
            "reinvestment_rate": 51.61,
            "research_to_sale_ratio": 2.92,
            "price_fair": 126.93,
            "eps_avg_yearly": 3.63,
            "eps_latest_yearly": 1.08,
            "eps_growth_yearly": 312.59
        },
        "20222": {
            "year_quarter": 20222,
            "year": 2022,
            "quarter": 2,
            "eps": -1.36,
            "eps_growth_year": -13700,
            "eps_4q": -1.19,
            "eps_4q_growth_year": -135.71,
            "roe": -4.39,
            "roe_4q": -3.3599999999999994,
            "gross_profit": 2635746,
            "gross_margin": 40.14,
            "gross_margin_4q_avg": 41.72,
            "net_income": -408879,
            "net_income_4q": null,
            "revenue": 6567106,
            "revenue_4q": null,
            "common_shares": 3036166,
            "book_valuer_per_share": 26.76,
            "book_valuer_per_share_4q_avg": 27.7,
            "equity": 8929139,
            "current_ratio": 102.58,
            "debt_ratio": 74.43,
            "inventory_turnover_ratio": 0.34,
            "account_receivable_turnover_ratio": 1.05,
            "reinvestment_rate": 55.81,
            "research_to_sale_ratio": 3.19,
            "price_fair": 126.93,
            "eps_avg_yearly": 3.63,
            "eps_latest_yearly": 1.08,
            "eps_growth_yearly": 312.59
        },
        "20223": {
            "year_quarter": 20223,
            "year": 2022,
            "quarter": 3,
            "eps": 0.74,
            "eps_growth_year": null,
            "eps_4q": 1.22,
            "eps_4q_growth_year": 603.41,
            "roe": 0.19,
            "roe_4q": 2.1800000000000006,
            "gross_profit": 3497335,
            "gross_margin": 43.56,
            "gross_margin_4q_avg": 42.5,
            "net_income": 16874,
            "net_income_4q": null,
            "revenue": 8028788,
            "revenue_4q": null,
            "common_shares": 3036166,
            "book_valuer_per_share": 27.87,
            "book_valuer_per_share_4q_avg": 27.96,
            "equity": 9070116,
            "current_ratio": 100.93,
            "debt_ratio": 76.34,
            "inventory_turnover_ratio": 0.37,
            "account_receivable_turnover_ratio": 1.23,
            "reinvestment_rate": 56.41,
            "research_to_sale_ratio": 2.93,
            "price_fair": 126.93,
            "eps_avg_yearly": 3.63,
            "eps_latest_yearly": 1.08,
            "eps_growth_yearly": 312.59
        },
        "20224": {
            "year_quarter": 20224,
            "year": 2022,
            "quarter": 4,
            "eps": 1.76,
            "eps_growth_year": 12.44,
            "eps_4q": 1.42,
            "eps_4q_growth_year": 1023.4,
            "roe": 5.67,
            "roe_4q": 2.420000000000001,
            "gross_profit": 5333125,
            "gross_margin": 46.41,
            "gross_margin_4q_avg": 42.96,
            "net_income": 526049,
            "net_income_4q": null,
            "revenue": 11490428,
            "revenue_4q": null,
            "common_shares": 3036166,
            "book_valuer_per_share": 31.28,
            "book_valuer_per_share_4q_avg": 28.78,
            "equity": 9482280,
            "current_ratio": 106.53,
            "debt_ratio": 75.6,
            "inventory_turnover_ratio": 0.5,
            "account_receivable_turnover_ratio": 1.43,
            "reinvestment_rate": 52.35,
            "research_to_sale_ratio": 2.17,
            "price_fair": 126.62,
            "eps_avg_yearly": 3.62,
            "eps_latest_yearly": 7.04,
            "eps_growth_yearly": 292.72
        },
        "20231": {
            "year_quarter": 20231,
            "year": 2023,
            "quarter": 1,
            "eps": -2.14,
            "eps_growth_year": -892.59,
            "eps_4q": -0.99,
            "eps_4q_growth_year": -668.82,
            "roe": -7.06,
            "roe_4q": -5.59,
            "gross_profit": 3270409,
            "gross_margin": 46.49,
            "gross_margin_4q_avg": 44.15,
            "net_income": -646954,
            "net_income_4q": null,
            "revenue": 7035347,
            "revenue_4q": null,
            "common_shares": 3036166,
            "book_valuer_per_share": 29.16,
            "book_valuer_per_share_4q_avg": 28.77,
            "equity": 8839140,
            "current_ratio": 146.88,
            "debt_ratio": 75.21,
            "inventory_turnover_ratio": 0.33,
            "account_receivable_turnover_ratio": 0.85,
            "reinvestment_rate": 76,
            "research_to_sale_ratio": 3.43,
            "price_fair": 140.88,
            "eps_avg_yearly": 4.03,
            "eps_latest_yearly": 7.04,
            "eps_growth_yearly": 376.78
        },
        "20232": {
            "year_quarter": 20232,
            "year": 2023,
            "quarter": 2,
            "eps": 1.1,
            "eps_growth_year": null,
            "eps_4q": 1.47,
            "eps_4q_growth_year": null,
            "roe": 3.75,
            "roe_4q": 2.5500000000000003,
            "gross_profit": 4091582,
            "gross_margin": 47.38,
            "gross_margin_4q_avg": 45.96,
            "net_income": 333187,
            "net_income_4q": null,
            "revenue": 8636292,
            "revenue_4q": null,
            "common_shares": 3036166,
            "book_valuer_per_share": 29.41,
            "book_valuer_per_share_4q_avg": 29.43,
            "equity": 8915066,
            "current_ratio": 146.74,
            "debt_ratio": 74.24,
            "inventory_turnover_ratio": 0.42,
            "account_receivable_turnover_ratio": 1.1,
            "reinvestment_rate": 63.74,
            "research_to_sale_ratio": 3.07,
            "price_fair": 143.3,
            "eps_avg_yearly": 4.18,
            "eps_latest_yearly": 7.04,
            "eps_growth_yearly": 24.26
        }
    },
    "months": {
        "2003-01": {
            "month": "2003-01",
            "price": "79.46",
            "revenue": 254921
        },
        "2003-02": {
            "month": "2003-02",
            "price": "67.38",
            "revenue": 101644
        },
        "2003-03": {
            "month": "2003-03",
            "price": "67.29",
            "revenue": 205132
        },
        "2003-04": {
            "month": "2003-04",
            "price": "69.00",
            "revenue": 202903
        },
        "2003-05": {
            "month": "2003-05",
            "price": "65.52",
            "revenue": 149529
        },
        "2003-06": {
            "month": "2003-06",
            "price": "68.05",
            "revenue": 192049
        },
        "2003-07": {
            "month": "2003-07",
            "price": "71.63",
            "revenue": 256762
        },
        "2003-08": {
            "month": "2003-08",
            "price": "74.38",
            "revenue": 302270
        },
        "2003-09": {
            "month": "2003-09",
            "price": "81.17",
            "revenue": 509103
        },
        "2003-10": {
            "month": "2003-10",
            "price": "76.45",
            "revenue": 554449
        },
        "2003-11": {
            "month": "2003-11",
            "price": "75.65",
            "revenue": 472635
        },
        "2003-12": {
            "month": "2003-12",
            "price": "74.33",
            "revenue": 404161
        },
        "2004-01": {
            "month": "2004-01",
            "price": "73.30",
            "revenue": 161934
        },
        "2004-02": {
            "month": "2004-02",
            "price": "75.50",
            "revenue": 226515
        },
        "2004-03": {
            "month": "2004-03",
            "price": "78.22",
            "revenue": 251960
        },
        "2004-04": {
            "month": "2004-04",
            "price": "77.55",
            "revenue": 228455
        },
        "2004-05": {
            "month": "2004-05",
            "price": "75.93",
            "revenue": 211710
        },
        "2004-06": {
            "month": "2004-06",
            "price": "74.86",
            "revenue": 203586
        },
        "2004-07": {
            "month": "2004-07",
            "price": "71.48",
            "revenue": 346234
        },
        "2004-08": {
            "month": "2004-08",
            "price": "64.22",
            "revenue": 473904
        },
        "2004-09": {
            "month": "2004-09",
            "price": "57.38",
            "revenue": 594884
        },
        "2004-10": {
            "month": "2004-10",
            "price": "57.95",
            "revenue": 603920
        },
        "2004-11": {
            "month": "2004-11",
            "price": "58.11",
            "revenue": 673474
        },
        "2004-12": {
            "month": "2004-12",
            "price": "60.93",
            "revenue": 523735
        },
        "2005-01": {
            "month": "2005-01",
            "price": "64.43",
            "revenue": 484767
        },
        "2005-02": {
            "month": "2005-02",
            "price": "73.00",
            "revenue": 275921
        },
        "2005-03": {
            "month": "2005-03",
            "price": "83.07",
            "revenue": 341350
        },
        "2005-04": {
            "month": "2005-04",
            "price": "90.83",
            "revenue": 388140
        },
        "2005-05": {
            "month": "2005-05",
            "price": "111.30",
            "revenue": 276832
        },
        "2005-06": {
            "month": "2005-06",
            "price": "111.73",
            "revenue": 312387
        },
        "2005-07": {
            "month": "2005-07",
            "price": "112.82",
            "revenue": 531696
        },
        "2005-08": {
            "month": "2005-08",
            "price": "110.61",
            "revenue": 550668
        },
        "2005-09": {
            "month": "2005-09",
            "price": "116.69",
            "revenue": 800837
        },
        "2005-10": {
            "month": "2005-10",
            "price": "121.85",
            "revenue": 171941
        },
        "2005-11": {
            "month": "2005-11",
            "price": "126.20",
            "revenue": 121901
        },
        "2005-12": {
            "month": "2005-12",
            "price": "146.59",
            "revenue": 171675
        },
        "2006-01": {
            "month": "2006-01",
            "price": "158.39",
            "revenue": 125668
        },
        "2006-02": {
            "month": "2006-02",
            "price": "151.79",
            "revenue": 95867
        },
        "2006-03": {
            "month": "2006-03",
            "price": "160.02",
            "revenue": 173343
        },
        "2006-04": {
            "month": "2006-04",
            "price": "180.71",
            "revenue": 147639
        },
        "2006-05": {
            "month": "2006-05",
            "price": "202.19",
            "revenue": 152050
        },
        "2006-06": {
            "month": "2006-06",
            "price": "186.52",
            "revenue": 158924
        },
        "2006-07": {
            "month": "2006-07",
            "price": "178.29",
            "revenue": 143235
        },
        "2006-08": {
            "month": "2006-08",
            "price": "187.30",
            "revenue": 224800
        },
        "2006-09": {
            "month": "2006-09",
            "price": "190.67",
            "revenue": 192133
        },
        "2006-10": {
            "month": "2006-10",
            "price": "220.55",
            "revenue": 166515
        },
        "2006-11": {
            "month": "2006-11",
            "price": "222.66",
            "revenue": 186322
        },
        "2006-12": {
            "month": "2006-12",
            "price": "234.07",
            "revenue": 192212
        },
        "2007-01": {
            "month": "2007-01",
            "price": "259.07",
            "revenue": 164955
        },
        "2007-02": {
            "month": "2007-02",
            "price": "262.46",
            "revenue": 147174
        },
        "2007-03": {
            "month": "2007-03",
            "price": "247.37",
            "revenue": 186394
        },
        "2007-04": {
            "month": "2007-04",
            "price": "234.70",
            "revenue": 149433
        },
        "2007-05": {
            "month": "2007-05",
            "price": "208.86",
            "revenue": 204238
        },
        "2007-06": {
            "month": "2007-06",
            "price": "192.30",
            "revenue": 144474
        },
        "2007-07": {
            "month": "2007-07",
            "price": "173.00",
            "revenue": 148943
        },
        "2007-08": {
            "month": "2007-08",
            "price": "134.72",
            "revenue": 192665
        },
        "2007-09": {
            "month": "2007-09",
            "price": "123.00",
            "revenue": 183720
        },
        "2007-10": {
            "month": "2007-10",
            "price": "113.07",
            "revenue": 270903
        },
        "2007-11": {
            "month": "2007-11",
            "price": "88.28",
            "revenue": 253790
        },
        "2007-12": {
            "month": "2007-12",
            "price": "72.68",
            "revenue": 240104
        },
        "2008-01": {
            "month": "2008-01",
            "price": "65.97",
            "revenue": 180760
        },
        "2008-02": {
            "month": "2008-02",
            "price": "53.68",
            "revenue": 126615
        },
        "2008-03": {
            "month": "2008-03",
            "price": "56.33",
            "revenue": 156596
        },
        "2008-04": {
            "month": "2008-04",
            "price": "54.82",
            "revenue": 168635
        },
        "2008-05": {
            "month": "2008-05",
            "price": "56.41",
            "revenue": 191556
        },
        "2008-06": {
            "month": "2008-06",
            "price": "50.86",
            "revenue": 192827
        },
        "2008-07": {
            "month": "2008-07",
            "price": "44.20",
            "revenue": 198062
        },
        "2008-08": {
            "month": "2008-08",
            "price": "40.30",
            "revenue": 223054
        },
        "2008-09": {
            "month": "2008-09",
            "price": "41.08",
            "revenue": 177873
        },
        "2008-10": {
            "month": "2008-10",
            "price": "29.11",
            "revenue": 215984
        },
        "2008-11": {
            "month": "2008-11",
            "price": "23.26",
            "revenue": 97440
        },
        "2008-12": {
            "month": "2008-12",
            "price": "20.30",
            "revenue": 122287
        },
        "2009-01": {
            "month": "2009-01",
            "price": "20.60",
            "revenue": 104373
        },
        "2009-02": {
            "month": "2009-02",
            "price": "20.09",
            "revenue": 129694
        },
        "2009-03": {
            "month": "2009-03",
            "price": "24.39",
            "revenue": 165821
        },
        "2009-04": {
            "month": "2009-04",
            "price": "29.09",
            "revenue": 122277
        },
        "2009-05": {
            "month": "2009-05",
            "price": "27.01",
            "revenue": 153214
        },
        "2009-06": {
            "month": "2009-06",
            "price": "27.86",
            "revenue": 174499
        },
        "2009-07": {
            "month": "2009-07",
            "price": "30.13",
            "revenue": 162976
        },
        "2009-08": {
            "month": "2009-08",
            "price": "30.77",
            "revenue": 201076
        },
        "2009-09": {
            "month": "2009-09",
            "price": "29.44",
            "revenue": 221986
        },
        "2009-10": {
            "month": "2009-10",
            "price": "34.81",
            "revenue": 188822
        },
        "2009-11": {
            "month": "2009-11",
            "price": "45.56",
            "revenue": 262275
        },
        "2009-12": {
            "month": "2009-12",
            "price": "50.85",
            "revenue": 259530
        },
        "2010-01": {
            "month": "2010-01",
            "price": "45.36",
            "revenue": 518974
        },
        "2010-02": {
            "month": "2010-02",
            "price": "39.06",
            "revenue": 381960
        },
        "2010-03": {
            "month": "2010-03",
            "price": "44.75",
            "revenue": 585631
        },
        "2010-04": {
            "month": "2010-04",
            "price": "50.81",
            "revenue": 520934
        },
        "2010-05": {
            "month": "2010-05",
            "price": "42.72",
            "revenue": 420542
        },
        "2010-06": {
            "month": "2010-06",
            "price": "39.67",
            "revenue": 399468
        },
        "2010-07": {
            "month": "2010-07",
            "price": "45.44",
            "revenue": 662553
        },
        "2010-08": {
            "month": "2010-08",
            "price": "44.52",
            "revenue": 961294
        },
        "2010-09": {
            "month": "2010-09",
            "price": "47.89",
            "revenue": 959609
        },
        "2010-10": {
            "month": "2010-10",
            "price": "46.83",
            "revenue": 918890
        },
        "2010-11": {
            "month": "2010-11",
            "price": "44.22",
            "revenue": 839635
        },
        "2010-12": {
            "month": "2010-12",
            "price": "44.10",
            "revenue": 523444
        },
        "2011-01": {
            "month": "2011-01",
            "price": "42.39",
            "revenue": 497210
        },
        "2011-02": {
            "month": "2011-02",
            "price": "43.41",
            "revenue": 351049
        },
        "2011-03": {
            "month": "2011-03",
            "price": "45.41",
            "revenue": 627993
        },
        "2011-04": {
            "month": "2011-04",
            "price": "49.84",
            "revenue": 532172
        },
        "2011-05": {
            "month": "2011-05",
            "price": "64.02",
            "revenue": 480662
        },
        "2011-06": {
            "month": "2011-06",
            "price": "66.37",
            "revenue": 564886
        },
        "2011-07": {
            "month": "2011-07",
            "price": "67.13",
            "revenue": 657009
        },
        "2011-08": {
            "month": "2011-08",
            "price": "59.53",
            "revenue": 850548
        },
        "2011-09": {
            "month": "2011-09",
            "price": "57.87",
            "revenue": 1488003
        },
        "2011-10": {
            "month": "2011-10",
            "price": "60.81",
            "revenue": 1374038
        },
        "2011-11": {
            "month": "2011-11",
            "price": "60.58",
            "revenue": 1712218
        },
        "2011-12": {
            "month": "2011-12",
            "price": "56.48",
            "revenue": 1600685
        },
        "2012-01": {
            "month": "2012-01",
            "price": "61.80",
            "revenue": 1206177
        },
        "2012-02": {
            "month": "2012-02",
            "price": "74.07",
            "revenue": 1117953
        },
        "2012-03": {
            "month": "2012-03",
            "price": "85.97",
            "revenue": 1189221
        },
        "2012-04": {
            "month": "2012-04",
            "price": "84.24",
            "revenue": 1036618
        },
        "2012-05": {
            "month": "2012-05",
            "price": "69.27",
            "revenue": 1008939
        },
        "2012-06": {
            "month": "2012-06",
            "price": "63.26",
            "revenue": 873255
        },
        "2012-07": {
            "month": "2012-07",
            "price": "76.30",
            "revenue": 899250
        },
        "2012-08": {
            "month": "2012-08",
            "price": "77.57",
            "revenue": 1490033
        },
        "2012-09": {
            "month": "2012-09",
            "price": "70.82",
            "revenue": 1558711
        },
        "2012-10": {
            "month": "2012-10",
            "price": "73.18",
            "revenue": 1482857
        },
        "2012-11": {
            "month": "2012-11",
            "price": "70.65",
            "revenue": 1787472
        },
        "2012-12": {
            "month": "2012-12",
            "price": "71.98",
            "revenue": 1834856
        },
        "2013-01": {
            "month": "2013-01",
            "price": "75.91",
            "revenue": 1205154
        },
        "2013-02": {
            "month": "2013-02",
            "price": "76.51",
            "revenue": 989787
        },
        "2013-03": {
            "month": "2013-03",
            "price": "80.86",
            "revenue": 1124475
        },
        "2013-04": {
            "month": "2013-04",
            "price": "78.62",
            "revenue": 1028914
        },
        "2013-05": {
            "month": "2013-05",
            "price": "80.42",
            "revenue": 1093369
        },
        "2013-06": {
            "month": "2013-06",
            "price": "82.40",
            "revenue": 955805
        },
        "2013-07": {
            "month": "2013-07",
            "price": "86.00",
            "revenue": 1069117
        },
        "2013-08": {
            "month": "2013-08",
            "price": "98.22",
            "revenue": 1267121
        },
        "2013-09": {
            "month": "2013-09",
            "price": "98.15",
            "revenue": 1450013
        },
        "2013-10": {
            "month": "2013-10",
            "price": "87.22",
            "revenue": 1571714
        },
        "2013-11": {
            "month": "2013-11",
            "price": "80.79",
            "revenue": 1565060
        },
        "2013-12": {
            "month": "2013-12",
            "price": "78.27",
            "revenue": 2107954
        },
        "2014-01": {
            "month": "2014-01",
            "price": "79.29",
            "revenue": 1232768
        },
        "2014-02": {
            "month": "2014-02",
            "price": "78.06",
            "revenue": 1110108
        },
        "2014-03": {
            "month": "2014-03",
            "price": "72.61",
            "revenue": 1237015
        },
        "2014-04": {
            "month": "2014-04",
            "price": "72.42",
            "revenue": 1170294
        },
        "2014-05": {
            "month": "2014-05",
            "price": "86.21",
            "revenue": 1203859
        },
        "2014-06": {
            "month": "2014-06",
            "price": "91.58",
            "revenue": 1202770
        },
        "2014-07": {
            "month": "2014-07",
            "price": "91.40",
            "revenue": 1242450
        },
        "2014-08": {
            "month": "2014-08",
            "price": "73.95",
            "revenue": 1368511
        },
        "2014-09": {
            "month": "2014-09",
            "price": "75.45",
            "revenue": 1405418
        },
        "2014-10": {
            "month": "2014-10",
            "price": "72.75",
            "revenue": 1596807
        },
        "2014-11": {
            "month": "2014-11",
            "price": "68.95",
            "revenue": 1665761
        },
        "2014-12": {
            "month": "2014-12",
            "price": "70.65",
            "revenue": 2210832
        },
        "2015-01": {
            "month": "2015-01",
            "price": "73.12",
            "revenue": 1158374
        },
        "2015-02": {
            "month": "2015-02",
            "price": "80.12",
            "revenue": 1059996
        },
        "2015-03": {
            "month": "2015-03",
            "price": "84.32",
            "revenue": 1228500
        },
        "2015-04": {
            "month": "2015-04",
            "price": "81.84",
            "revenue": 1177272
        },
        "2015-05": {
            "month": "2015-05",
            "price": "70.96",
            "revenue": 1124794
        },
        "2015-06": {
            "month": "2015-06",
            "price": "70.53",
            "revenue": 1115223
        },
        "2015-07": {
            "month": "2015-07",
            "price": "70.22",
            "revenue": 1221301
        },
        "2015-08": {
            "month": "2015-08",
            "price": "54.94",
            "revenue": 1368152
        },
        "2015-09": {
            "month": "2015-09",
            "price": "46.47",
            "revenue": 1653788
        },
        "2015-10": {
            "month": "2015-10",
            "price": "53.61",
            "revenue": 1537155
        },
        "2015-11": {
            "month": "2015-11",
            "price": "56.18",
            "revenue": 1788835
        },
        "2015-12": {
            "month": "2015-12",
            "price": "53.91",
            "revenue": 2584080
        },
        "2016-01": {
            "month": "2016-01",
            "price": "49.30",
            "revenue": 1449162
        },
        "2016-02": {
            "month": "2016-02",
            "price": "52.79",
            "revenue": 1379946
        },
        "2016-03": {
            "month": "2016-03",
            "price": "54.40",
            "revenue": 1555813
        },
        "2016-04": {
            "month": "2016-04",
            "price": "52.88",
            "revenue": 1493694
        },
        "2016-05": {
            "month": "2016-05",
            "price": "48.77",
            "revenue": 1478347
        },
        "2016-06": {
            "month": "2016-06",
            "price": "47.99",
            "revenue": 1347454
        },
        "2016-07": {
            "month": "2016-07",
            "price": "47.11",
            "revenue": 1469666
        },
        "2016-08": {
            "month": "2016-08",
            "price": "46.56",
            "revenue": 1912127
        },
        "2016-09": {
            "month": "2016-09",
            "price": "49.25",
            "revenue": 1737940
        },
        "2016-10": {
            "month": "2016-10",
            "price": "48.49",
            "revenue": 1674636
        },
        "2016-11": {
            "month": "2016-11",
            "price": "44.91",
            "revenue": 1906808
        },
        "2016-12": {
            "month": "2016-12",
            "price": "46.39",
            "revenue": 2789540
        },
        "2017-01": {
            "month": "2017-01",
            "price": "45.96",
            "revenue": 1520336
        },
        "2017-02": {
            "month": "2017-02",
            "price": "45.81",
            "revenue": 1314502
        },
        "2017-03": {
            "month": "2017-03",
            "price": "45.37",
            "revenue": 1602311
        },
        "2017-04": {
            "month": "2017-04",
            "price": "42.84",
            "revenue": 1307368
        },
        "2017-05": {
            "month": "2017-05",
            "price": "41.18",
            "revenue": 1329458
        },
        "2017-06": {
            "month": "2017-06",
            "price": "39.31",
            "revenue": 1412081
        },
        "2017-07": {
            "month": "2017-07",
            "price": "37.57",
            "revenue": 1324242
        },
        "2017-08": {
            "month": "2017-08",
            "price": "34.62",
            "revenue": 1758020
        },
        "2017-09": {
            "month": "2017-09",
            "price": "36.12",
            "revenue": 1630508
        },
        "2017-10": {
            "month": "2017-10",
            "price": "34.81",
            "revenue": 1751335
        },
        "2017-11": {
            "month": "2017-11",
            "price": "33.50",
            "revenue": 1972732
        },
        "2017-12": {
            "month": "2017-12",
            "price": "36.04",
            "revenue": 2715770
        },
        "2018-01": {
            "month": "2018-01",
            "price": "35.33",
            "revenue": 1540382
        },
        "2018-02": {
            "month": "2018-02",
            "price": "32.70",
            "revenue": 1350230
        },
        "2018-03": {
            "month": "2018-03",
            "price": "32.65",
            "revenue": 1588964
        },
        "2018-04": {
            "month": "2018-04",
            "price": "31.23",
            "revenue": 1365969
        },
        "2018-05": {
            "month": "2018-05",
            "price": "28.85",
            "revenue": 1511683
        },
        "2018-06": {
            "month": "2018-06",
            "price": "29.19",
            "revenue": 1613442
        },
        "2018-07": {
            "month": "2018-07",
            "price": "30.40",
            "revenue": 1495395
        },
        "2018-08": {
            "month": "2018-08",
            "price": "37.24",
            "revenue": 1913480
        },
        "2018-09": {
            "month": "2018-09",
            "price": "36.98",
            "revenue": 1977469
        },
        "2018-10": {
            "month": "2018-10",
            "price": "33.40",
            "revenue": 2053844
        },
        "2018-11": {
            "month": "2018-11",
            "price": "33.06",
            "revenue": 2099164
        },
        "2018-12": {
            "month": "2018-12",
            "price": "32.67",
            "revenue": 3300594
        },
        "2019-01": {
            "month": "2019-01",
            "price": "34.28",
            "revenue": 1762240
        },
        "2019-02": {
            "month": "2019-02",
            "price": "37.42",
            "revenue": 1543500
        },
        "2019-03": {
            "month": "2019-03",
            "price": "38.83",
            "revenue": 1989341
        },
        "2019-04": {
            "month": "2019-04",
            "price": "41.13",
            "revenue": 1843157
        },
        "2019-05": {
            "month": "2019-05",
            "price": "51.42",
            "revenue": 1867347
        },
        "2019-06": {
            "month": "2019-06",
            "price": "68.10",
            "revenue": 1882485
        },
        "2019-07": {
            "month": "2019-07",
            "price": "75.35",
            "revenue": 1843264
        },
        "2019-08": {
            "month": "2019-08",
            "price": "87.76",
            "revenue": 2222846
        },
        "2019-09": {
            "month": "2019-09",
            "price": "84.68",
            "revenue": 2125502
        },
        "2019-10": {
            "month": "2019-10",
            "price": "76.24",
            "revenue": 2247366
        },
        "2019-11": {
            "month": "2019-11",
            "price": "86.43",
            "revenue": 2466109
        },
        "2019-12": {
            "month": "2019-12",
            "price": "85.57",
            "revenue": 3501759
        },
        "2020-01": {
            "month": "2020-01",
            "price": "80.95",
            "revenue": 1611021
        },
        "2020-02": {
            "month": "2020-02",
            "price": "75.12",
            "revenue": 1601078
        },
        "2020-03": {
            "month": "2020-03",
            "price": "55.33",
            "revenue": 1789069
        },
        "2020-04": {
            "month": "2020-04",
            "price": "56.78",
            "revenue": 1663022
        },
        "2020-05": {
            "month": "2020-05",
            "price": "65.49",
            "revenue": 1845275
        },
        "2020-06": {
            "month": "2020-06",
            "price": "73.42",
            "revenue": 2128218
        },
        "2020-07": {
            "month": "2020-07",
            "price": "67.47",
            "revenue": 2172534
        },
        "2020-08": {
            "month": "2020-08",
            "price": "69.99",
            "revenue": 2237583
        },
        "2020-09": {
            "month": "2020-09",
            "price": "68.92",
            "revenue": 3066687
        },
        "2020-10": {
            "month": "2020-10",
            "price": "69.50",
            "revenue": 2715434
        },
        "2020-11": {
            "month": "2020-11",
            "price": "76.66",
            "revenue": 2979988
        },
        "2020-12": {
            "month": "2020-12",
            "price": "90.27",
            "revenue": 3936987
        },
        "2021-01": {
            "month": "2021-01",
            "price": "89.22",
            "revenue": 2495565
        },
        "2021-02": {
            "month": "2021-02",
            "price": "88.09",
            "revenue": 2168495
        },
        "2021-03": {
            "month": "2021-03",
            "price": "88.05",
            "revenue": 2585437
        },
        "2021-04": {
            "month": "2021-04",
            "price": "85.64",
            "revenue": 2259849
        },
        "2021-05": {
            "month": "2021-05",
            "price": "77.40",
            "revenue": 2035765
        },
        "2021-06": {
            "month": "2021-06",
            "price": "80.65",
            "revenue": 2268750
        },
        "2021-07": {
            "month": "2021-07",
            "price": "79.67",
            "revenue": 2043439
        },
        "2021-08": {
            "month": "2021-08",
            "price": "71.23",
            "revenue": 2275977
        },
        "2021-09": {
            "month": "2021-09",
            "price": "67.52",
            "revenue": 2889358
        },
        "2021-10": {
            "month": "2021-10",
            "price": "57.24",
            "revenue": 2786924
        },
        "2021-11": {
            "month": "2021-11",
            "price": "59.69",
            "revenue": 2711903
        },
        "2021-12": {
            "month": "2021-12",
            "price": "56.73",
            "revenue": 4191435
        },
        "2022-01": {
            "month": "2022-01",
            "price": "56.29",
            "revenue": 2583197
        },
        "2022-02": {
            "month": "2022-02",
            "price": "56.85",
            "revenue": 2375686
        },
        "2022-03": {
            "month": "2022-03",
            "price": "53.87",
            "revenue": 2579879
        },
        "2022-04": {
            "month": "2022-04",
            "price": "55.34",
            "revenue": 2137951
        },
        "2022-05": {
            "month": "2022-05",
            "price": "53.83",
            "revenue": 2225345
        },
        "2022-06": {
            "month": "2022-06",
            "price": "54.09",
            "revenue": 2150449
        },
        "2022-07": {
            "month": "2022-07",
            "price": "53.97",
            "revenue": 1996618
        },
        "2022-08": {
            "month": "2022-08",
            "price": "54.36",
            "revenue": 2745173
        },
        "2022-09": {
            "month": "2022-09",
            "price": "70.22",
            "revenue": 3277165
        },
        "2022-10": {
            "month": "2022-10",
            "price": "75.90",
            "revenue": 3252410
        },
        "2022-11": {
            "month": "2022-11",
            "price": "70.20",
            "revenue": 3738735
        },
        "2022-12": {
            "month": "2022-12",
            "price": "77.20",
            "revenue": 4712665
        },
        "2023-01": {
            "month": "2023-01",
            "price": "71.61",
            "revenue": 2072491
        },
        "2023-02": {
            "month": "2023-02",
            "price": "71.37",
            "revenue": 2087740
        },
        "2023-03": {
            "month": "2023-03",
            "price": "67.00",
            "revenue": 2878493
        },
        "2023-04": {
            "month": "2023-04",
            "price": "67.67",
            "revenue": 2408997
        },
        "2023-05": {
            "month": "2023-05",
            "price": "62.70",
            "revenue": 3102338
        },
        "2023-06": {
            "month": "2023-06",
            "price": "67.51",
            "revenue": 3131669
        },
        "2023-07": {
            "month": "2023-07",
            "price": "77.40",
            "revenue": 2764855
        },
        "2023-08": {
            "month": "2023-08",
            "price": "75.55",
            "revenue": 3276394
        },
        "2023-09": {
            "month": "2023-09",
            "price": "76.38",
            "revenue": 3587203
        }
    }
}
