{
    "summary": {
        "stock_name": "臺鹽",
        "stock_id": "1737",
        "category": "食品",
        "main_business": "鹽產品<br>包裝飲用水<br>美容保養品",
        "website_url": "http://www.tybio.com.tw/",
        "ceo": "陳世輝",
        "pe_ratio": 17,
        "report_year_from": 2001,
        "report_year_to": 2023,
        "age": 22,
        "eps_negative_percentage": 5,
        "eps_growth_avg": {
            "last_all": 11.77,
            "last_2y": 7.19,
            "last_4y": 5.2,
            "last_8y": 20.22,
            "last_12y": 16.05,
            "last_16y": 7.61,
            "last_20y": null,
            "at_2006_last_3y": 50.5,
            "at_2007_last_3y": 3.76,
            "at_2008_last_3y": -46.24,
            "at_2009_last_3y": -29,
            "at_2010_last_3y": -66.38,
            "at_2011_last_3y": -34.82,
            "at_2012_last_3y": -21.97,
            "at_2013_last_3y": 6.67,
            "at_2014_last_3y": 34.71,
            "at_2015_last_3y": 38.81,
            "at_2016_last_3y": 62,
            "at_2017_last_3y": 39,
            "at_2018_last_3y": 21.06,
            "at_2019_last_3y": 9.09,
            "at_2020_last_3y": 2.7,
            "at_2021_last_3y": 4.34,
            "at_2022_last_3y": -0.56,
            "at_2023_last_3y": -0.56,
            "at_2006_last_all": 50.5,
            "at_2007_last_all": 23,
            "at_2008_last_all": 2.5,
            "at_2009_last_all": 2.5,
            "at_2010_last_all": 0.41,
            "at_2011_last_all": 1.32,
            "at_2012_last_all": -5.65,
            "at_2013_last_all": 4.17,
            "at_2014_last_all": 12.88,
            "at_2015_last_all": 13.82,
            "at_2016_last_all": 15.16,
            "at_2017_last_all": 14.12,
            "at_2018_last_all": 15.06,
            "at_2019_last_all": 12.64,
            "at_2020_last_all": 12.23,
            "at_2021_last_all": 11.95,
            "at_2022_last_all": 11.77,
            "at_2023_last_all": 11.77
        },
        "latest_eps": 2.04,
        "latest_price": 33.85,
        "latest_roe": 5.97,
        "latest_gross_margin": 38.04,
        "latest_equity": 6766988,
        "latest_revenue": 865001,
        "latest_gross_profit": 329038,
        "latest_net_income": 104922,
        "latest_debt_ratio": 18.15,
        "latest_current_ratio": 355.31,
        "latest_account_receivable_turnover_ratio": 3.9,
        "latest_inventory_turnover_ratio": 1.34,
        "latest_reinvestment_rate": 39.9,
        "latest_research_to_sale_ratio": 1.59
    },
    "eps_dividends": {
        "2001": {
            "cash": 0.17,
            "stock": 0,
            "eps": 0
        },
        "2002": {
            "cash": 0.11,
            "stock": 0,
            "eps": 0.11
        },
        "2003": {
            "cash": 13.24,
            "stock": 0,
            "eps": 0.91
        },
        "2004": {
            "cash": 2,
            "stock": 0.5,
            "eps": 3.97
        },
        "2005": {
            "cash": 3.7,
            "stock": 0.3,
            "eps": 0.08
        },
        "2006": {
            "cash": 1,
            "stock": 0,
            "eps": 1.23
        },
        "2007": {
            "cash": 1.3,
            "stock": 0,
            "eps": 0.16
        },
        "2008": {
            "cash": 0.5,
            "stock": 0,
            "eps": -0.48
        },
        "2009": {
            "cash": 0,
            "stock": 0,
            "eps": 0.74
        },
        "2010": {
            "cash": 0.6,
            "stock": 0,
            "eps": 0.65
        },
        "2011": {
            "cash": 1.28,
            "stock": 0,
            "eps": 0.7
        },
        "2012": {
            "cash": 0,
            "stock": 0,
            "eps": 0.27
        },
        "2013": {
            "cash": 0.26,
            "stock": 0,
            "eps": 0.52
        },
        "2014": {
            "cash": 0.5,
            "stock": 0,
            "eps": 1.08
        },
        "2015": {
            "cash": 1,
            "stock": 0,
            "eps": 1.34
        },
        "2016": {
            "cash": 1.12,
            "stock": 0,
            "eps": 1.76
        },
        "2017": {
            "cash": 1.5,
            "stock": 0,
            "eps": 1.77
        },
        "2018": {
            "cash": 1.5,
            "stock": 0,
            "eps": 2.27
        },
        "2019": {
            "cash": 1.8,
            "stock": 0,
            "eps": 1.73
        },
        "2020": {
            "cash": 1.5,
            "stock": 0,
            "eps": 1.83
        },
        "2021": {
            "cash": 1.35,
            "stock": 0,
            "eps": 1.96
        },
        "2022": {
            "cash": 1.5,
            "stock": 0,
            "eps": 2.13
        },
        "2023": {
            "cash": 1.5,
            "stock": 0,
            "eps": 0.54
        }
    },
    "dividends": {
        "2001-03-22": {
            "cash": 0.17,
            "stock": 0
        },
        "2002-02-23": {
            "cash": 0.11,
            "stock": 0
        },
        "2003-07-31": {
            "cash": 13.24,
            "stock": 0
        },
        "2004-03-22": {
            "cash": 2,
            "stock": 0.5
        },
        "2005-04-15": {
            "cash": 3.7,
            "stock": 0.3
        },
        "2006-04-17": {
            "cash": 1,
            "stock": 0
        },
        "2007-04-20": {
            "cash": 1.3,
            "stock": 0
        },
        "2008-04-25": {
            "cash": 0.5,
            "stock": 0
        },
        "2010-03-26": {
            "cash": 0.6,
            "stock": 0
        },
        "2011-01-01": {
            "cash": 0.68,
            "stock": 0
        },
        "2011-03-25": {
            "cash": 0.6,
            "stock": 0
        },
        "2013-03-22": {
            "cash": 0.26,
            "stock": 0
        },
        "2014-09-12": {
            "cash": 0.5,
            "stock": 0
        },
        "2015-09-10": {
            "cash": 1,
            "stock": 0
        },
        "2016-09-14": {
            "cash": 1.12,
            "stock": 0
        },
        "2017-09-14": {
            "cash": 1.5,
            "stock": 0
        },
        "2018-09-14": {
            "cash": 1.5,
            "stock": 0
        },
        "2019-09-17": {
            "cash": 1.8,
            "stock": 0
        },
        "2020-09-21": {
            "cash": 1.5,
            "stock": 0
        },
        "2021-11-16": {
            "cash": 1.35,
            "stock": 0
        },
        "2022-09-20": {
            "cash": 1.5,
            "stock": 0
        },
        "2023-03-10": {
            "cash": 1.5,
            "stock": 0
        }
    },
    "prices": {
        "200101": "無",
        "200102": "無",
        "200103": "無",
        "200104": "無",
        "200105": "無",
        "200106": "無",
        "200107": "無",
        "200108": "無",
        "200109": "無",
        "200110": "無",
        "200111": "無",
        "200112": "無",
        "200201": "無",
        "200202": "無",
        "200203": "無",
        "200204": "無",
        "200205": "無",
        "200206": "無",
        "200207": "無",
        "200208": "無",
        "200209": "無",
        "200210": "無",
        "200211": "無",
        "200212": "無",
        "200301": "無",
        "200302": "無",
        "200303": "無",
        "200304": "無",
        "200305": "無",
        "200306": "無",
        "200307": "無",
        "200308": "無",
        "200309": "無",
        "200310": "無",
        "200311": "25.03",
        "200312": "30.88",
        "200401": "31.91",
        "200402": "39.74",
        "200403": "47.48",
        "200404": "42.92",
        "200405": "41.03",
        "200406": "39.68",
        "200407": "38.48",
        "200408": "35.42",
        "200409": "39.51",
        "200410": "36.98",
        "200411": "37.00",
        "200412": "38.06",
        "200501": "37.54",
        "200502": "36.72",
        "200503": "34.90",
        "200504": "31.67",
        "200505": "31.85",
        "200506": "32.09",
        "200507": "32.04",
        "200508": "25.27",
        "200509": "23.64",
        "200510": "23.36",
        "200511": "21.20",
        "200512": "19.58",
        "200601": "19.00",
        "200602": "19.45",
        "200603": "19.07",
        "200604": "20.17",
        "200605": "22.47",
        "200606": "19.54",
        "200607": "19.79",
        "200608": "18.64",
        "200609": "17.02",
        "200610": "18.00",
        "200611": "18.52",
        "200612": "19.54",
        "200701": "19.17",
        "200702": "19.49",
        "200703": "19.15",
        "200704": "23.74",
        "200705": "25.52",
        "200706": "25.72",
        "200707": "32.27",
        "200708": "27.40",
        "200709": "26.97",
        "200710": "26.76",
        "200711": "23.82",
        "200712": "21.88",
        "200801": "20.42",
        "200802": "23.91",
        "200803": "26.27",
        "200804": "26.74",
        "200805": "26.34",
        "200806": "22.55",
        "200807": "19.00",
        "200808": "17.97",
        "200809": "13.69",
        "200810": "11.16",
        "200811": "11.48",
        "200812": "12.95",
        "200901": "12.84",
        "200902": "12.06",
        "200903": "13.36",
        "200904": "15.43",
        "200905": "18.30",
        "200906": "20.55",
        "200907": "21.34",
        "200908": "20.40",
        "200909": "19.82",
        "200910": "20.19",
        "200911": "19.84",
        "200912": "20.48",
        "201001": "20.43",
        "201002": "18.71",
        "201003": "20.10",
        "201004": "20.48",
        "201005": "19.11",
        "201006": "19.01",
        "201007": "19.98",
        "201008": "21.46",
        "201009": "23.75",
        "201010": "26.06",
        "201011": "23.50",
        "201012": "23.99",
        "201101": "23.24",
        "201102": "22.25",
        "201103": "23.09",
        "201104": "24.98",
        "201105": "25.63",
        "201106": "24.21",
        "201107": "25.76",
        "201108": "30.57",
        "201109": "26.29",
        "201110": "24.21",
        "201111": "23.93",
        "201112": "21.12",
        "201201": "20.60",
        "201202": "23.89",
        "201203": "23.66",
        "201204": "21.30",
        "201205": "20.66",
        "201206": "20.51",
        "201207": "21.65",
        "201208": "22.82",
        "201209": "22.81",
        "201210": "21.52",
        "201211": "19.75",
        "201212": "20.87",
        "201301": "20.92",
        "201302": "20.68",
        "201303": "26.60",
        "201304": "28.36",
        "201305": "28.11",
        "201306": "25.08",
        "201307": "24.70",
        "201308": "25.47",
        "201309": "25.28",
        "201310": "25.68",
        "201311": "24.16",
        "201312": "24.92",
        "201401": "29.32",
        "201402": "28.63",
        "201403": "28.22",
        "201404": "27.40",
        "201405": "26.33",
        "201406": "27.47",
        "201407": "27.50",
        "201408": "26.18",
        "201409": "25.52",
        "201410": "23.97",
        "201411": "24.04",
        "201412": "24.43",
        "201501": "24.60",
        "201502": "25.12",
        "201503": "26.09",
        "201504": "26.37",
        "201505": "24.96",
        "201506": "23.59",
        "201507": "23.55",
        "201508": "21.64",
        "201509": "21.36",
        "201510": "24.00",
        "201511": "25.10",
        "201512": "26.58",
        "201601": "32.66",
        "201602": "31.45",
        "201603": "30.30",
        "201604": "27.73",
        "201605": "27.35",
        "201606": "29.40",
        "201607": "31.09",
        "201608": "30.22",
        "201609": "29.36",
        "201610": "30.01",
        "201611": "29.44",
        "201612": "29.59",
        "201701": "29.53",
        "201702": "30.91",
        "201703": "30.55",
        "201704": "30.56",
        "201705": "30.39",
        "201706": "30.38",
        "201707": "30.18",
        "201708": "29.39",
        "201709": "28.48",
        "201710": "28.23",
        "201711": "28.01",
        "201712": "27.74",
        "201801": "28.29",
        "201802": "27.68",
        "201803": "28.01",
        "201804": "28.38",
        "201805": "29.05",
        "201806": "29.92",
        "201807": "29.64",
        "201808": "30.82",
        "201809": "30.69",
        "201810": "30.17",
        "201811": "29.76",
        "201812": "29.89",
        "201901": "30.11",
        "201902": "31.03",
        "201903": "31.20",
        "201904": "31.70",
        "201905": "33.13",
        "201906": "33.78",
        "201907": "33.82",
        "201908": "33.38",
        "201909": "32.93",
        "201910": "32.25",
        "201911": "31.67",
        "201912": "32.31",
        "202001": "32.10",
        "202002": "32.03",
        "202003": "29.70",
        "202004": "30.19",
        "202005": "30.98",
        "202006": "31.38",
        "202007": "31.51",
        "202008": "31.66",
        "202009": "30.61",
        "202010": "32.18",
        "202011": "32.57",
        "202012": "32.64",
        "202101": "32.37",
        "202102": "32.22",
        "202103": "32.98",
        "202104": "34.27",
        "202105": "32.42",
        "202106": "32.45",
        "202107": "32.36",
        "202108": "32.41",
        "202109": "33.06",
        "202110": "33.40",
        "202111": "33.23",
        "202112": "33.20",
        "202201": "33.29",
        "202202": "33.66",
        "202203": "33.94",
        "202204": "34.38",
        "202205": "33.83",
        "202206": "33.31",
        "202207": "33.27",
        "202208": "33.77",
        "202209": "32.53",
        "202210": "30.77",
        "202211": "31.15",
        "202212": "32.15",
        "202301": "32.40",
        "202302": "32.80",
        "202303": "33.35",
        "202304": "33.58",
        "202305": "33.78"
    },
    "quarters": {
        "20011": {
            "year_quarter": 20011,
            "year": 2001,
            "quarter": 1,
            "eps": null,
            "eps_growth_year": null,
            "eps_4q": null,
            "eps_4q_growth_year": null,
            "roe": null,
            "roe_4q": 0,
            "gross_profit": null,
            "gross_margin": null,
            "gross_margin_4q_avg": 0,
            "net_income": null,
            "revenue": null,
            "common_shares": null,
            "book_valuer_per_share": null,
            "book_valuer_per_share_4q_avg": 0,
            "equity": null,
            "current_ratio": null,
            "debt_ratio": null,
            "inventory_turnover_ratio": null,
            "account_receivable_turnover_ratio": null,
            "reinvestment_rate": null,
            "research_to_sale_ratio": null,
            "price_fair": 0,
            "eps_avg_yearly": 0,
            "eps_latest_yearly": 0,
            "eps_growth_yearly": 0
        },
        "20012": {
            "year_quarter": 20012,
            "year": 2001,
            "quarter": 2,
            "eps": null,
            "eps_growth_year": null,
            "eps_4q": null,
            "eps_4q_growth_year": null,
            "roe": null,
            "roe_4q": 0,
            "gross_profit": null,
            "gross_margin": null,
            "gross_margin_4q_avg": 0,
            "net_income": null,
            "revenue": null,
            "common_shares": null,
            "book_valuer_per_share": null,
            "book_valuer_per_share_4q_avg": 0,
            "equity": null,
            "current_ratio": null,
            "debt_ratio": null,
            "inventory_turnover_ratio": null,
            "account_receivable_turnover_ratio": null,
            "reinvestment_rate": null,
            "research_to_sale_ratio": null,
            "price_fair": 0,
            "eps_avg_yearly": 0,
            "eps_latest_yearly": 0,
            "eps_growth_yearly": 0
        },
        "20013": {
            "year_quarter": 20013,
            "year": 2001,
            "quarter": 3,
            "eps": null,
            "eps_growth_year": null,
            "eps_4q": null,
            "eps_4q_growth_year": null,
            "roe": null,
            "roe_4q": 0,
            "gross_profit": null,
            "gross_margin": null,
            "gross_margin_4q_avg": 0,
            "net_income": null,
            "revenue": null,
            "common_shares": null,
            "book_valuer_per_share": null,
            "book_valuer_per_share_4q_avg": 0,
            "equity": null,
            "current_ratio": null,
            "debt_ratio": null,
            "inventory_turnover_ratio": null,
            "account_receivable_turnover_ratio": null,
            "reinvestment_rate": null,
            "research_to_sale_ratio": null,
            "price_fair": 0,
            "eps_avg_yearly": 0,
            "eps_latest_yearly": 0,
            "eps_growth_yearly": 0
        },
        "20014": {
            "year_quarter": 20014,
            "year": 2001,
            "quarter": 4,
            "eps": null,
            "eps_growth_year": null,
            "eps_4q": null,
            "eps_4q_growth_year": null,
            "roe": null,
            "roe_4q": 0,
            "gross_profit": null,
            "gross_margin": null,
            "gross_margin_4q_avg": 0,
            "net_income": null,
            "revenue": null,
            "common_shares": 23066997,
            "book_valuer_per_share": 16.51,
            "book_valuer_per_share_4q_avg": 4.13,
            "equity": 38081331,
            "current_ratio": 386.47,
            "debt_ratio": 12.04,
            "inventory_turnover_ratio": null,
            "account_receivable_turnover_ratio": null,
            "reinvestment_rate": null,
            "research_to_sale_ratio": null,
            "price_fair": 0,
            "eps_avg_yearly": 0,
            "eps_latest_yearly": 0,
            "eps_growth_yearly": 0
        },
        "20021": {
            "year_quarter": 20021,
            "year": 2002,
            "quarter": 1,
            "eps": null,
            "eps_growth_year": null,
            "eps_4q": null,
            "eps_4q_growth_year": null,
            "roe": null,
            "roe_4q": 0,
            "gross_profit": null,
            "gross_margin": null,
            "gross_margin_4q_avg": 0,
            "net_income": null,
            "revenue": null,
            "common_shares": null,
            "book_valuer_per_share": null,
            "book_valuer_per_share_4q_avg": 4.13,
            "equity": null,
            "current_ratio": null,
            "debt_ratio": null,
            "inventory_turnover_ratio": null,
            "account_receivable_turnover_ratio": null,
            "reinvestment_rate": null,
            "research_to_sale_ratio": null,
            "price_fair": 0,
            "eps_avg_yearly": 0,
            "eps_latest_yearly": 0,
            "eps_growth_yearly": 0
        },
        "20022": {
            "year_quarter": 20022,
            "year": 2002,
            "quarter": 2,
            "eps": null,
            "eps_growth_year": null,
            "eps_4q": null,
            "eps_4q_growth_year": null,
            "roe": null,
            "roe_4q": 0,
            "gross_profit": null,
            "gross_margin": null,
            "gross_margin_4q_avg": 0,
            "net_income": null,
            "revenue": null,
            "common_shares": null,
            "book_valuer_per_share": null,
            "book_valuer_per_share_4q_avg": 4.13,
            "equity": null,
            "current_ratio": null,
            "debt_ratio": null,
            "inventory_turnover_ratio": null,
            "account_receivable_turnover_ratio": null,
            "reinvestment_rate": null,
            "research_to_sale_ratio": null,
            "price_fair": 0,
            "eps_avg_yearly": 0,
            "eps_latest_yearly": 0,
            "eps_growth_yearly": 0
        },
        "20023": {
            "year_quarter": 20023,
            "year": 2002,
            "quarter": 3,
            "eps": 0.08,
            "eps_growth_year": null,
            "eps_4q": null,
            "eps_4q_growth_year": null,
            "roe": 0.48,
            "roe_4q": 0.48,
            "gross_profit": 314122,
            "gross_margin": 37.21,
            "gross_margin_4q_avg": 9.3,
            "net_income": 183647,
            "revenue": 844273,
            "common_shares": 23066997,
            "book_valuer_per_share": 16.7,
            "book_valuer_per_share_4q_avg": 8.3,
            "equity": 38522871,
            "current_ratio": 229.08,
            "debt_ratio": 16.66,
            "inventory_turnover_ratio": 0.78,
            "account_receivable_turnover_ratio": null,
            "reinvestment_rate": null,
            "research_to_sale_ratio": null,
            "price_fair": 0,
            "eps_avg_yearly": 0,
            "eps_latest_yearly": 0,
            "eps_growth_yearly": 0
        },
        "20024": {
            "year_quarter": 20024,
            "year": 2002,
            "quarter": 4,
            "eps": 0.03,
            "eps_growth_year": null,
            "eps_4q": null,
            "eps_4q_growth_year": null,
            "roe": 0.39,
            "roe_4q": 0.87,
            "gross_profit": 312168,
            "gross_margin": 44.5,
            "gross_margin_4q_avg": 20.43,
            "net_income": 93724,
            "revenue": 701578,
            "common_shares": 2500000,
            "book_valuer_per_share": 39.85,
            "book_valuer_per_share_4q_avg": 14.14,
            "equity": 9961631,
            "current_ratio": 200.22,
            "debt_ratio": 73.23,
            "inventory_turnover_ratio": 0.57,
            "account_receivable_turnover_ratio": null,
            "reinvestment_rate": null,
            "research_to_sale_ratio": null,
            "price_fair": 0.36,
            "eps_avg_yearly": 0.12,
            "eps_latest_yearly": 0.12,
            "eps_growth_yearly": -250
        },
        "20031": {
            "year_quarter": 20031,
            "year": 2003,
            "quarter": 1,
            "eps": 0.51,
            "eps_growth_year": null,
            "eps_4q": null,
            "eps_4q_growth_year": null,
            "roe": 1.28,
            "roe_4q": 2.15,
            "gross_profit": 313291,
            "gross_margin": 41.46,
            "gross_margin_4q_avg": 30.79,
            "net_income": 128307,
            "revenue": 755641,
            "common_shares": 2500000,
            "book_valuer_per_share": 40.36,
            "book_valuer_per_share_4q_avg": 24.23,
            "equity": 10089937,
            "current_ratio": 213.17,
            "debt_ratio": 38.46,
            "inventory_turnover_ratio": 0.69,
            "account_receivable_turnover_ratio": null,
            "reinvestment_rate": null,
            "research_to_sale_ratio": null,
            "price_fair": 37.8,
            "eps_avg_yearly": 1.08,
            "eps_latest_yearly": 2.04,
            "eps_growth_yearly": 3075
        },
        "20032": {
            "year_quarter": 20032,
            "year": 2003,
            "quarter": 2,
            "eps": 0.49,
            "eps_growth_year": null,
            "eps_4q": 2.11,
            "eps_4q_growth_year": null,
            "roe": 1.41,
            "roe_4q": 3.56,
            "gross_profit": 302798,
            "gross_margin": 40.76,
            "gross_margin_4q_avg": 40.98,
            "net_income": 122621,
            "revenue": 742929,
            "common_shares": 2500000,
            "book_valuer_per_share": 29.41,
            "book_valuer_per_share_4q_avg": 31.58,
            "equity": 7353510,
            "current_ratio": 158.28,
            "debt_ratio": 48.89,
            "inventory_turnover_ratio": 0.72,
            "account_receivable_turnover_ratio": null,
            "reinvestment_rate": null,
            "research_to_sale_ratio": null,
            "price_fair": 48.07,
            "eps_avg_yearly": 1.37,
            "eps_latest_yearly": 1.96,
            "eps_growth_yearly": 2044.77
        },
        "20033": {
            "year_quarter": 20033,
            "year": 2003,
            "quarter": 3,
            "eps": 0.62,
            "eps_growth_year": 675,
            "eps_4q": 2.01,
            "eps_4q_growth_year": null,
            "roe": 2.07,
            "roe_4q": 5.1499999999999995,
            "gross_profit": 428997,
            "gross_margin": 47.82,
            "gross_margin_4q_avg": 43.64,
            "net_income": 153786,
            "revenue": 897152,
            "common_shares": 2500000,
            "book_valuer_per_share": 30.03,
            "book_valuer_per_share_4q_avg": 34.91,
            "equity": 7507296,
            "current_ratio": 173.69,
            "debt_ratio": 44.6,
            "inventory_turnover_ratio": 0.76,
            "account_receivable_turnover_ratio": null,
            "reinvestment_rate": null,
            "research_to_sale_ratio": null,
            "price_fair": 57.75,
            "eps_avg_yearly": 1.65,
            "eps_latest_yearly": 2.48,
            "eps_growth_yearly": 1560.11
        },
        "20034": {
            "year_quarter": 20034,
            "year": 2003,
            "quarter": 4,
            "eps": -0.71,
            "eps_growth_year": -2466.67,
            "eps_4q": 0.9,
            "eps_4q_growth_year": null,
            "roe": -2.4,
            "roe_4q": 2.36,
            "gross_profit": 582068,
            "gross_margin": 52.31,
            "gross_margin_4q_avg": 45.59,
            "net_income": -177976,
            "revenue": 1112810,
            "common_shares": 2500000,
            "book_valuer_per_share": 29.32,
            "book_valuer_per_share_4q_avg": 32.28,
            "equity": 7329320,
            "current_ratio": 157.19,
            "debt_ratio": 36.22,
            "inventory_turnover_ratio": 0.89,
            "account_receivable_turnover_ratio": null,
            "reinvestment_rate": null,
            "research_to_sale_ratio": null,
            "price_fair": 57.75,
            "eps_avg_yearly": 1.65,
            "eps_latest_yearly": 2.48,
            "eps_growth_yearly": 1560.11
        },
        "20041": {
            "year_quarter": 20041,
            "year": 2004,
            "quarter": 1,
            "eps": 1.45,
            "eps_growth_year": 184.31,
            "eps_4q": 1.84,
            "eps_4q_growth_year": null,
            "roe": 4.83,
            "roe_4q": 5.91,
            "gross_profit": 561005,
            "gross_margin": 54.68,
            "gross_margin_4q_avg": 48.89,
            "net_income": 363104,
            "revenue": 1026073,
            "common_shares": 2500000,
            "book_valuer_per_share": 30.77,
            "book_valuer_per_share_4q_avg": 29.88,
            "equity": 7692423,
            "current_ratio": 209.98,
            "debt_ratio": 25.2,
            "inventory_turnover_ratio": 0.77,
            "account_receivable_turnover_ratio": null,
            "reinvestment_rate": null,
            "research_to_sale_ratio": null,
            "price_fair": 57.75,
            "eps_avg_yearly": 1.65,
            "eps_latest_yearly": 2.48,
            "eps_growth_yearly": 1560.11
        },
        "20042": {
            "year_quarter": 20042,
            "year": 2004,
            "quarter": 2,
            "eps": 1.13,
            "eps_growth_year": 130.61,
            "eps_4q": 2.41,
            "eps_4q_growth_year": 14.19,
            "roe": 3.94,
            "roe_4q": 8.44,
            "gross_profit": 495685,
            "gross_margin": 52.42,
            "gross_margin_4q_avg": 51.81,
            "net_income": 299025,
            "revenue": 945512,
            "common_shares": 2500000,
            "book_valuer_per_share": 29.91,
            "book_valuer_per_share_4q_avg": 30.01,
            "equity": 7478291,
            "current_ratio": 193.04,
            "debt_ratio": 26.86,
            "inventory_turnover_ratio": 0.7,
            "account_receivable_turnover_ratio": null,
            "reinvestment_rate": null,
            "research_to_sale_ratio": null,
            "price_fair": 77.84,
            "eps_avg_yearly": 2.22,
            "eps_latest_yearly": 4.52,
            "eps_growth_yearly": 1230.43
        },
        "20043": {
            "year_quarter": 20043,
            "year": 2004,
            "quarter": 3,
            "eps": 0.68,
            "eps_growth_year": 9.68,
            "eps_4q": 2.5,
            "eps_4q_growth_year": 24.44,
            "roe": 2.39,
            "roe_4q": 8.76,
            "gross_profit": 437518,
            "gross_margin": 51.46,
            "gross_margin_4q_avg": 52.72,
            "net_income": 180825,
            "revenue": 850231,
            "common_shares": 2644737,
            "book_valuer_per_share": 28.96,
            "book_valuer_per_share_4q_avg": 29.74,
            "equity": 7659116,
            "current_ratio": 231.18,
            "debt_ratio": 23.16,
            "inventory_turnover_ratio": 0.61,
            "account_receivable_turnover_ratio": null,
            "reinvestment_rate": null,
            "research_to_sale_ratio": null,
            "price_fair": 80.73,
            "eps_avg_yearly": 2.31,
            "eps_latest_yearly": 2.72,
            "eps_growth_yearly": 998.81
        },
        "20044": {
            "year_quarter": 20044,
            "year": 2004,
            "quarter": 4,
            "eps": 0.71,
            "eps_growth_year": null,
            "eps_4q": 3.91,
            "eps_4q_growth_year": 333.93,
            "roe": 2.42,
            "roe_4q": 13.58,
            "gross_profit": 462166,
            "gross_margin": 50.61,
            "gross_margin_4q_avg": 52.29,
            "net_income": 187303,
            "revenue": 913124,
            "common_shares": 2644737,
            "book_valuer_per_share": 29.67,
            "book_valuer_per_share_4q_avg": 29.83,
            "equity": 7846419,
            "current_ratio": 264.58,
            "debt_ratio": 20.24,
            "inventory_turnover_ratio": 0.64,
            "account_receivable_turnover_ratio": null,
            "reinvestment_rate": null,
            "research_to_sale_ratio": null,
            "price_fair": 83.4,
            "eps_avg_yearly": 2.38,
            "eps_latest_yearly": 2.84,
            "eps_growth_yearly": 858.65
        },
        "20051": {
            "year_quarter": 20051,
            "year": 2005,
            "quarter": 1,
            "eps": 0.17,
            "eps_growth_year": -88.28,
            "eps_4q": 2.67,
            "eps_4q_growth_year": 45.09,
            "roe": 0.57,
            "roe_4q": 9.32,
            "gross_profit": 336671,
            "gross_margin": 45.14,
            "gross_margin_4q_avg": 49.91,
            "net_income": 45292,
            "revenue": 745866,
            "common_shares": 2644737,
            "book_valuer_per_share": 29.99,
            "book_valuer_per_share_4q_avg": 29.63,
            "equity": 7931219,
            "current_ratio": 306.63,
            "debt_ratio": 17.51,
            "inventory_turnover_ratio": 0.56,
            "account_receivable_turnover_ratio": null,
            "reinvestment_rate": null,
            "research_to_sale_ratio": null,
            "price_fair": 75.95,
            "eps_avg_yearly": 2.17,
            "eps_latest_yearly": 0.68,
            "eps_growth_yearly": 713.29
        },
        "20052": {
            "year_quarter": 20052,
            "year": 2005,
            "quarter": 2,
            "eps": 0.35,
            "eps_growth_year": -69.03,
            "eps_4q": 1.91,
            "eps_4q_growth_year": -20.72,
            "roe": 1.24,
            "roe_4q": 6.620000000000001,
            "gross_profit": 322530,
            "gross_margin": 42.97,
            "gross_margin_4q_avg": 47.55,
            "net_income": 92687,
            "revenue": 750639,
            "common_shares": 2644737,
            "book_valuer_per_share": 26.55,
            "book_valuer_per_share_4q_avg": 28.79,
            "equity": 7022603,
            "current_ratio": 208.65,
            "debt_ratio": 24.59,
            "inventory_turnover_ratio": 0.56,
            "account_receivable_turnover_ratio": null,
            "reinvestment_rate": null,
            "research_to_sale_ratio": null,
            "price_fair": 72.96,
            "eps_avg_yearly": 2.08,
            "eps_latest_yearly": 1.4,
            "eps_growth_yearly": 681.09
        },
        "20053": {
            "year_quarter": 20053,
            "year": 2005,
            "quarter": 3,
            "eps": 0.3,
            "eps_growth_year": -55.88,
            "eps_4q": 1.48,
            "eps_4q_growth_year": -40.95,
            "roe": 1.17,
            "roe_4q": 5.4,
            "gross_profit": 294619,
            "gross_margin": 40.47,
            "gross_margin_4q_avg": 44.8,
            "net_income": 82934,
            "revenue": 727912,
            "common_shares": 2780955,
            "book_valuer_per_share": 25.55,
            "book_valuer_per_share_4q_avg": 27.94,
            "equity": 7105537,
            "current_ratio": 293.09,
            "debt_ratio": 16.46,
            "inventory_turnover_ratio": 0.58,
            "account_receivable_turnover_ratio": null,
            "reinvestment_rate": null,
            "research_to_sale_ratio": null,
            "price_fair": 69.86,
            "eps_avg_yearly": 2,
            "eps_latest_yearly": 1.2,
            "eps_growth_yearly": 607.27
        },
        "20054": {
            "year_quarter": 20054,
            "year": 2005,
            "quarter": 4,
            "eps": -0.74,
            "eps_growth_year": -204.23,
            "eps_4q": 0.06,
            "eps_4q_growth_year": -98.46,
            "roe": -2.93,
            "roe_4q": 0.04999999999999971,
            "gross_profit": 281462,
            "gross_margin": 39.39,
            "gross_margin_4q_avg": 41.99,
            "net_income": -205458,
            "revenue": 714601,
            "common_shares": 2780955,
            "book_valuer_per_share": 24.81,
            "book_valuer_per_share_4q_avg": 26.73,
            "equity": 6900079,
            "current_ratio": 405.72,
            "debt_ratio": 11.83,
            "inventory_turnover_ratio": 0.63,
            "account_receivable_turnover_ratio": null,
            "reinvestment_rate": null,
            "research_to_sale_ratio": null,
            "price_fair": 69.86,
            "eps_avg_yearly": 2,
            "eps_latest_yearly": 1.2,
            "eps_growth_yearly": 607.27
        },
        "20061": {
            "year_quarter": 20061,
            "year": 2006,
            "quarter": 1,
            "eps": 0.55,
            "eps_growth_year": 223.53,
            "eps_4q": 0.44,
            "eps_4q_growth_year": -83.44,
            "roe": 2.19,
            "roe_4q": 1.6699999999999997,
            "gross_profit": 249235,
            "gross_margin": 35.39,
            "gross_margin_4q_avg": 39.56,
            "net_income": 152976,
            "revenue": 704256,
            "common_shares": 2780955,
            "book_valuer_per_share": 25.36,
            "book_valuer_per_share_4q_avg": 25.57,
            "equity": 7053055,
            "current_ratio": 515.39,
            "debt_ratio": 9.48,
            "inventory_turnover_ratio": 0.71,
            "account_receivable_turnover_ratio": null,
            "reinvestment_rate": null,
            "research_to_sale_ratio": null,
            "price_fair": 69.86,
            "eps_avg_yearly": 2,
            "eps_latest_yearly": 1.2,
            "eps_growth_yearly": 607.27
        },
        "20062": {
            "year_quarter": 20062,
            "year": 2006,
            "quarter": 2,
            "eps": 0.19,
            "eps_growth_year": -45.71,
            "eps_4q": 0.3,
            "eps_4q_growth_year": -84.45,
            "roe": 0.78,
            "roe_4q": 1.2099999999999995,
            "gross_profit": 234591,
            "gross_margin": 32.45,
            "gross_margin_4q_avg": 36.93,
            "net_income": 53971,
            "revenue": 722922,
            "common_shares": 2780955,
            "book_valuer_per_share": 24.55,
            "book_valuer_per_share_4q_avg": 25.07,
            "equity": 6826461,
            "current_ratio": 442.64,
            "debt_ratio": 10.55,
            "inventory_turnover_ratio": 0.75,
            "account_receivable_turnover_ratio": null,
            "reinvestment_rate": 231.61,
            "research_to_sale_ratio": null,
            "price_fair": 65.93,
            "eps_avg_yearly": 1.88,
            "eps_latest_yearly": 0.76,
            "eps_growth_yearly": 528.26
        },
        "20063": {
            "year_quarter": 20063,
            "year": 2006,
            "quarter": 3,
            "eps": 0.22,
            "eps_growth_year": -26.67,
            "eps_4q": 0.23,
            "eps_4q_growth_year": -84.74,
            "roe": 0.9,
            "roe_4q": 0.94,
            "gross_profit": 211882,
            "gross_margin": 31.91,
            "gross_margin_4q_avg": 34.79,
            "net_income": 61579,
            "revenue": 664046,
            "common_shares": 2780955,
            "book_valuer_per_share": 24.77,
            "book_valuer_per_share_4q_avg": 24.87,
            "equity": 6888040,
            "current_ratio": 679.7,
            "debt_ratio": 7.17,
            "inventory_turnover_ratio": 0.69,
            "account_receivable_turnover_ratio": null,
            "reinvestment_rate": -1898.77,
            "research_to_sale_ratio": null,
            "price_fair": 63,
            "eps_avg_yearly": 1.8,
            "eps_latest_yearly": 0.88,
            "eps_growth_yearly": 489.5
        },
        "20064": {
            "year_quarter": 20064,
            "year": 2006,
            "quarter": 4,
            "eps": 0.27,
            "eps_growth_year": null,
            "eps_4q": 1.25,
            "eps_4q_growth_year": 1987.15,
            "roe": 1.07,
            "roe_4q": 4.9399999999999995,
            "gross_profit": 225670,
            "gross_margin": 37.53,
            "gross_margin_4q_avg": 34.32,
            "net_income": 73809,
            "revenue": 601358,
            "common_shares": 2780955,
            "book_valuer_per_share": 25.03,
            "book_valuer_per_share_4q_avg": 24.93,
            "equity": 6961849,
            "current_ratio": 751.91,
            "debt_ratio": 6.66,
            "inventory_turnover_ratio": 0.56,
            "account_receivable_turnover_ratio": null,
            "reinvestment_rate": -98.39,
            "research_to_sale_ratio": null,
            "price_fair": 65.8,
            "eps_avg_yearly": 1.88,
            "eps_latest_yearly": 1.08,
            "eps_growth_yearly": 517.91
        },
        "20071": {
            "year_quarter": 20071,
            "year": 2007,
            "quarter": 1,
            "eps": 0.33,
            "eps_growth_year": -40,
            "eps_4q": 1,
            "eps_4q_growth_year": 126.58,
            "roe": 1.32,
            "roe_4q": 4.07,
            "gross_profit": 206107,
            "gross_margin": 38.08,
            "gross_margin_4q_avg": 34.99,
            "net_income": 92830,
            "revenue": 541270,
            "common_shares": 2780955,
            "book_valuer_per_share": 25.37,
            "book_valuer_per_share_4q_avg": 24.93,
            "equity": 7054679,
            "current_ratio": 1013.31,
            "debt_ratio": 5.24,
            "inventory_turnover_ratio": 0.5,
            "account_receivable_turnover_ratio": null,
            "reinvestment_rate": -99.12,
            "research_to_sale_ratio": null,
            "price_fair": 5.46,
            "eps_avg_yearly": 1.82,
            "eps_latest_yearly": 1.32,
            "eps_growth_yearly": -8.02
        },
        "20072": {
            "year_quarter": 20072,
            "year": 2007,
            "quarter": 2,
            "eps": 0.14,
            "eps_growth_year": -26.32,
            "eps_4q": 0.97,
            "eps_4q_growth_year": 227.8,
            "roe": 0.56,
            "roe_4q": 3.85,
            "gross_profit": 162148,
            "gross_margin": 25.79,
            "gross_margin_4q_avg": 33.33,
            "net_income": 38300,
            "revenue": 628734,
            "common_shares": 2780955,
            "book_valuer_per_share": 24.15,
            "book_valuer_per_share_4q_avg": 24.83,
            "equity": 6716050,
            "current_ratio": 441.84,
            "debt_ratio": 10.61,
            "inventory_turnover_ratio": 0.74,
            "account_receivable_turnover_ratio": null,
            "reinvestment_rate": -103.32,
            "research_to_sale_ratio": null,
            "price_fair": 5.11,
            "eps_avg_yearly": 1.7,
            "eps_latest_yearly": 0.56,
            "eps_growth_yearly": -25.9
        },
        "20073": {
            "year_quarter": 20073,
            "year": 2007,
            "quarter": 3,
            "eps": 0.16,
            "eps_growth_year": -27.27,
            "eps_4q": 0.88,
            "eps_4q_growth_year": 288.57,
            "roe": 0.68,
            "roe_4q": 3.630000000000001,
            "gross_profit": 185183,
            "gross_margin": 31.18,
            "gross_margin_4q_avg": 33.15,
            "net_income": 45827,
            "revenue": 593923,
            "common_shares": 2780955,
            "book_valuer_per_share": 24.31,
            "book_valuer_per_share_4q_avg": 24.72,
            "equity": 6761877,
            "current_ratio": 890.1,
            "debt_ratio": 5.66,
            "inventory_turnover_ratio": 0.67,
            "account_receivable_turnover_ratio": null,
            "reinvestment_rate": -108.55,
            "research_to_sale_ratio": null,
            "price_fair": 4.65,
            "eps_avg_yearly": 1.55,
            "eps_latest_yearly": 0.64,
            "eps_growth_yearly": -29.98
        },
        "20074": {
            "year_quarter": 20074,
            "year": 2007,
            "quarter": 4,
            "eps": -0.47,
            "eps_growth_year": -274.07,
            "eps_4q": 0.17,
            "eps_4q_growth_year": -86.42,
            "roe": -1.94,
            "roe_4q": 0.6200000000000003,
            "gross_profit": 170064,
            "gross_margin": 29.7,
            "gross_margin_4q_avg": 31.19,
            "net_income": -129967,
            "revenue": 572566,
            "common_shares": 2780955,
            "book_valuer_per_share": 23.85,
            "book_valuer_per_share_4q_avg": 24.42,
            "equity": 6631910,
            "current_ratio": 1059.02,
            "debt_ratio": 5.26,
            "inventory_turnover_ratio": 0.74,
            "account_receivable_turnover_ratio": null,
            "reinvestment_rate": -130.84,
            "research_to_sale_ratio": null,
            "price_fair": 4.65,
            "eps_avg_yearly": 1.55,
            "eps_latest_yearly": 0.64,
            "eps_growth_yearly": -29.98
        },
        "20081": {
            "year_quarter": 20081,
            "year": 2008,
            "quarter": 1,
            "eps": -0.09,
            "eps_growth_year": -127.27,
            "eps_4q": -0.25,
            "eps_4q_growth_year": -124.86,
            "roe": -0.39,
            "roe_4q": -1.0899999999999999,
            "gross_profit": 200344,
            "gross_margin": 37.18,
            "gross_margin_4q_avg": 30.96,
            "net_income": -25884,
            "revenue": 538885,
            "common_shares": 2780955,
            "book_valuer_per_share": 23.75,
            "book_valuer_per_share_4q_avg": 24.02,
            "equity": 6606026,
            "current_ratio": 1332.96,
            "debt_ratio": 4.4,
            "inventory_turnover_ratio": 0.77,
            "account_receivable_turnover_ratio": null,
            "reinvestment_rate": -180.8,
            "research_to_sale_ratio": null,
            "price_fair": 4.65,
            "eps_avg_yearly": 1.55,
            "eps_latest_yearly": 0.64,
            "eps_growth_yearly": -29.98
        },
        "20082": {
            "year_quarter": 20082,
            "year": 2008,
            "quarter": 2,
            "eps": -0.04,
            "eps_growth_year": -128.57,
            "eps_4q": -0.44,
            "eps_4q_growth_year": -144.96,
            "roe": -0.18,
            "roe_4q": -1.8299999999999996,
            "gross_profit": 214499,
            "gross_margin": 37.53,
            "gross_margin_4q_avg": 33.9,
            "net_income": -11777,
            "revenue": 571527,
            "common_shares": 2780955,
            "book_valuer_per_share": 23.2,
            "book_valuer_per_share_4q_avg": 23.78,
            "equity": 6453087,
            "current_ratio": 690.17,
            "debt_ratio": 7.45,
            "inventory_turnover_ratio": 0.93,
            "account_receivable_turnover_ratio": null,
            "reinvestment_rate": -256.49,
            "research_to_sale_ratio": null,
            "price_fair": 3.84,
            "eps_avg_yearly": 1.28,
            "eps_latest_yearly": 0.64,
            "eps_growth_yearly": -24.68
        },
        "20083": {
            "year_quarter": 20083,
            "year": 2008,
            "quarter": 3,
            "eps": -0.14,
            "eps_growth_year": -187.5,
            "eps_4q": -0.74,
            "eps_4q_growth_year": -184.49,
            "roe": -0.59,
            "roe_4q": -3.1,
            "gross_profit": 169080,
            "gross_margin": 34.66,
            "gross_margin_4q_avg": 34.77,
            "net_income": -38077,
            "revenue": 487811,
            "common_shares": 2780955,
            "book_valuer_per_share": 23.07,
            "book_valuer_per_share_4q_avg": 23.47,
            "equity": 6415009,
            "current_ratio": 797.92,
            "debt_ratio": 6.43,
            "inventory_turnover_ratio": 0.87,
            "account_receivable_turnover_ratio": null,
            "reinvestment_rate": -416.98,
            "research_to_sale_ratio": null,
            "price_fair": 3.41,
            "eps_avg_yearly": 1.14,
            "eps_latest_yearly": 0.64,
            "eps_growth_yearly": -11.22
        },
        "20084": {
            "year_quarter": 20084,
            "year": 2008,
            "quarter": 4,
            "eps": -0.21,
            "eps_growth_year": null,
            "eps_4q": -0.48,
            "eps_4q_growth_year": -382.35,
            "roe": -0.89,
            "roe_4q": -2.05,
            "gross_profit": 163879,
            "gross_margin": 35.5,
            "gross_margin_4q_avg": 36.22,
            "net_income": -57103,
            "revenue": 461596,
            "common_shares": 2780955,
            "book_valuer_per_share": 22.86,
            "book_valuer_per_share_4q_avg": 23.22,
            "equity": 6357906,
            "current_ratio": 1172.8,
            "debt_ratio": 4.6,
            "inventory_turnover_ratio": 0.88,
            "account_receivable_turnover_ratio": 6.18,
            "reinvestment_rate": -769.12,
            "research_to_sale_ratio": null,
            "price_fair": 2.84,
            "eps_avg_yearly": 0.95,
            "eps_latest_yearly": 0.64,
            "eps_growth_yearly": -14.43
        },
        "20091": {
            "year_quarter": 20091,
            "year": 2009,
            "quarter": 1,
            "eps": 0.19,
            "eps_growth_year": null,
            "eps_4q": -0.19,
            "eps_4q_growth_year": null,
            "roe": 0.85,
            "roe_4q": -0.81,
            "gross_profit": 178298,
            "gross_margin": 36.89,
            "gross_margin_4q_avg": 36.15,
            "net_income": 54059,
            "revenue": 483270,
            "common_shares": 2780955,
            "book_valuer_per_share": 23.06,
            "book_valuer_per_share_4q_avg": 23.05,
            "equity": 6411965,
            "current_ratio": 1470.28,
            "debt_ratio": 3.93,
            "inventory_turnover_ratio": 1.03,
            "account_receivable_turnover_ratio": 3.53,
            "reinvestment_rate": -688.8,
            "research_to_sale_ratio": null,
            "price_fair": 31.16,
            "eps_avg_yearly": 0.98,
            "eps_latest_yearly": 0.64,
            "eps_growth_yearly": 21.8
        },
        "20092": {
            "year_quarter": 20092,
            "year": 2009,
            "quarter": 2,
            "eps": 0.27,
            "eps_growth_year": null,
            "eps_4q": 0.12,
            "eps_4q_growth_year": null,
            "roe": 1.18,
            "roe_4q": 0.5499999999999997,
            "gross_profit": 204478,
            "gross_margin": 38.4,
            "gross_margin_4q_avg": 36.36,
            "net_income": 76319,
            "revenue": 532505,
            "common_shares": 2780955,
            "book_valuer_per_share": 23.33,
            "book_valuer_per_share_4q_avg": 23.08,
            "equity": 6488284,
            "current_ratio": 1264.26,
            "debt_ratio": 4.46,
            "inventory_turnover_ratio": 1.24,
            "account_receivable_turnover_ratio": 3.91,
            "reinvestment_rate": -711.5,
            "research_to_sale_ratio": null,
            "price_fair": 2.82,
            "eps_avg_yearly": 0.94,
            "eps_latest_yearly": 1.08,
            "eps_growth_yearly": -10.09
        },
        "20093": {
            "year_quarter": 20093,
            "year": 2009,
            "quarter": 3,
            "eps": 0.25,
            "eps_growth_year": null,
            "eps_4q": 0.51,
            "eps_4q_growth_year": null,
            "roe": 1.08,
            "roe_4q": 2.2199999999999998,
            "gross_profit": 189225,
            "gross_margin": 39.31,
            "gross_margin_4q_avg": 37.53,
            "net_income": 70757,
            "revenue": 481426,
            "common_shares": 2780955,
            "book_valuer_per_share": 23.59,
            "book_valuer_per_share_4q_avg": 23.21,
            "equity": 6559041,
            "current_ratio": 1307.92,
            "debt_ratio": 4.43,
            "inventory_turnover_ratio": 1.1,
            "account_receivable_turnover_ratio": 3.28,
            "reinvestment_rate": -783.84,
            "research_to_sale_ratio": null,
            "price_fair": 2.75,
            "eps_avg_yearly": 0.92,
            "eps_latest_yearly": 1,
            "eps_growth_yearly": -6.65
        },
        "20094": {
            "year_quarter": 20094,
            "year": 2009,
            "quarter": 4,
            "eps": 0.03,
            "eps_growth_year": null,
            "eps_4q": 0.75,
            "eps_4q_growth_year": null,
            "roe": 0.13,
            "roe_4q": 3.2399999999999998,
            "gross_profit": 201840,
            "gross_margin": 41.79,
            "gross_margin_4q_avg": 39.1,
            "net_income": 8633,
            "revenue": 482942,
            "common_shares": 2780955,
            "book_valuer_per_share": 23.62,
            "book_valuer_per_share_4q_avg": 23.4,
            "equity": 6567674,
            "current_ratio": 1198.78,
            "debt_ratio": 4.77,
            "inventory_turnover_ratio": 1.1,
            "account_receivable_turnover_ratio": 7.17,
            "reinvestment_rate": -221.34,
            "research_to_sale_ratio": null,
            "price_fair": 2.48,
            "eps_avg_yearly": 0.83,
            "eps_latest_yearly": 0.12,
            "eps_growth_yearly": -45.03
        },
        "20101": {
            "year_quarter": 20101,
            "year": 2010,
            "quarter": 1,
            "eps": 0.21,
            "eps_growth_year": 10.53,
            "eps_4q": 0.77,
            "eps_4q_growth_year": null,
            "roe": 0.9,
            "roe_4q": 3.29,
            "gross_profit": 227948,
            "gross_margin": 44.68,
            "gross_margin_4q_avg": 41.05,
            "net_income": 59093,
            "revenue": 510225,
            "common_shares": 2780955,
            "book_valuer_per_share": 23.83,
            "book_valuer_per_share_4q_avg": 23.59,
            "equity": 6626593,
            "current_ratio": 1333.61,
            "debt_ratio": 4.46,
            "inventory_turnover_ratio": 1.1,
            "account_receivable_turnover_ratio": 4.03,
            "reinvestment_rate": -270.43,
            "research_to_sale_ratio": 2.49,
            "price_fair": 28.98,
            "eps_avg_yearly": 0.83,
            "eps_latest_yearly": 0.84,
            "eps_growth_yearly": 199.48
        },
        "20102": {
            "year_quarter": 20102,
            "year": 2010,
            "quarter": 2,
            "eps": 0.13,
            "eps_growth_year": -52.24,
            "eps_4q": 0.63,
            "eps_4q_growth_year": 403.46,
            "roe": 0.55,
            "roe_4q": 2.66,
            "gross_profit": 240858,
            "gross_margin": 43.55,
            "gross_margin_4q_avg": 42.33,
            "net_income": 35863,
            "revenue": 553063,
            "common_shares": 2780955,
            "book_valuer_per_share": 23.36,
            "book_valuer_per_share_4q_avg": 23.6,
            "equity": 6495929,
            "current_ratio": 694.45,
            "debt_ratio": 7.36,
            "inventory_turnover_ratio": 1.16,
            "account_receivable_turnover_ratio": 3.91,
            "reinvestment_rate": -285.24,
            "research_to_sale_ratio": 2.36,
            "price_fair": 28.14,
            "eps_avg_yearly": 0.8,
            "eps_latest_yearly": 0.52,
            "eps_growth_yearly": 210.42
        },
        "20103": {
            "year_quarter": 20103,
            "year": 2010,
            "quarter": 3,
            "eps": 0.25,
            "eps_growth_year": 0.58,
            "eps_4q": 0.62,
            "eps_4q_growth_year": 22.61,
            "roe": 1.07,
            "roe_4q": 2.65,
            "gross_profit": 235721,
            "gross_margin": 42.92,
            "gross_margin_4q_avg": 43.24,
            "net_income": 69927,
            "revenue": 549264,
            "common_shares": 2780955,
            "book_valuer_per_share": 23.61,
            "book_valuer_per_share_4q_avg": 23.61,
            "equity": 6565588,
            "current_ratio": 1108.26,
            "debt_ratio": 5.02,
            "inventory_turnover_ratio": 1.22,
            "account_receivable_turnover_ratio": 3.11,
            "reinvestment_rate": -272.54,
            "research_to_sale_ratio": 2.43,
            "price_fair": 28.56,
            "eps_avg_yearly": 0.82,
            "eps_latest_yearly": 1,
            "eps_growth_yearly": 241.03
        },
        "20104": {
            "year_quarter": 20104,
            "year": 2010,
            "quarter": 4,
            "eps": 0.06,
            "eps_growth_year": 98.1,
            "eps_4q": 0.65,
            "eps_4q_growth_year": -13.52,
            "roe": 0.25,
            "roe_4q": 2.77,
            "gross_profit": 240351,
            "gross_margin": 44.48,
            "gross_margin_4q_avg": 43.91,
            "net_income": 16527,
            "revenue": 540325,
            "common_shares": 2780955,
            "book_valuer_per_share": 23.67,
            "book_valuer_per_share_4q_avg": 23.62,
            "equity": 6581195,
            "current_ratio": 1024.14,
            "debt_ratio": 5.31,
            "inventory_turnover_ratio": 1.19,
            "account_receivable_turnover_ratio": 3.06,
            "reinvestment_rate": -189.33,
            "research_to_sale_ratio": 3.22,
            "price_fair": 25.62,
            "eps_avg_yearly": 0.73,
            "eps_latest_yearly": 0.24,
            "eps_growth_yearly": 201.54
        },
        "20111": {
            "year_quarter": 20111,
            "year": 2011,
            "quarter": 1,
            "eps": 0.47,
            "eps_growth_year": 123.81,
            "eps_4q": 0.91,
            "eps_4q_growth_year": 17.22,
            "roe": 1.95,
            "roe_4q": 3.8200000000000003,
            "gross_profit": 320628,
            "gross_margin": 48.31,
            "gross_margin_4q_avg": 44.82,
            "net_income": 129465,
            "revenue": 663630,
            "common_shares": 2780955,
            "book_valuer_per_share": 24.13,
            "book_valuer_per_share_4q_avg": 23.69,
            "equity": 6710973,
            "current_ratio": 1045.08,
            "debt_ratio": 5.27,
            "inventory_turnover_ratio": 1.31,
            "account_receivable_turnover_ratio": 3.97,
            "reinvestment_rate": -152.84,
            "research_to_sale_ratio": 1.96,
            "price_fair": 27.58,
            "eps_avg_yearly": 0.79,
            "eps_latest_yearly": 1.88,
            "eps_growth_yearly": 465.98
        },
        "20112": {
            "year_quarter": 20112,
            "year": 2011,
            "quarter": 2,
            "eps": 0.14,
            "eps_growth_year": 7.13,
            "eps_4q": 0.91,
            "eps_4q_growth_year": 45.88,
            "roe": 0.58,
            "roe_4q": 3.8499999999999996,
            "gross_profit": 250268,
            "gross_margin": 45.07,
            "gross_margin_4q_avg": 45.2,
            "net_income": 38420,
            "revenue": 555262,
            "common_shares": 2780955,
            "book_valuer_per_share": 23.67,
            "book_valuer_per_share_4q_avg": 23.77,
            "equity": 6582291,
            "current_ratio": 665.99,
            "debt_ratio": 7.64,
            "inventory_turnover_ratio": 1.13,
            "account_receivable_turnover_ratio": 3.18,
            "reinvestment_rate": -163.83,
            "research_to_sale_ratio": 2.82,
            "price_fair": 27.58,
            "eps_avg_yearly": 0.79,
            "eps_latest_yearly": 0.56,
            "eps_growth_yearly": 460.93
        },
        "20113": {
            "year_quarter": 20113,
            "year": 2011,
            "quarter": 3,
            "eps": 0.06,
            "eps_growth_year": -75.2,
            "eps_4q": 0.73,
            "eps_4q_growth_year": 16.27,
            "roe": 0.26,
            "roe_4q": 3.04,
            "gross_profit": 213818,
            "gross_margin": 39.11,
            "gross_margin_4q_avg": 44.24,
            "net_income": 17339,
            "revenue": 546682,
            "common_shares": 2780955,
            "book_valuer_per_share": 23.73,
            "book_valuer_per_share_4q_avg": 23.8,
            "equity": 6600520,
            "current_ratio": 1069.93,
            "debt_ratio": 5.19,
            "inventory_turnover_ratio": 1.21,
            "account_receivable_turnover_ratio": 2.89,
            "reinvestment_rate": -176.62,
            "research_to_sale_ratio": 2.87,
            "price_fair": 26.18,
            "eps_avg_yearly": 0.75,
            "eps_latest_yearly": 0.24,
            "eps_growth_yearly": 432.36
        },
        "20114": {
            "year_quarter": 20114,
            "year": 2011,
            "quarter": 4,
            "eps": 0.03,
            "eps_growth_year": -46.49,
            "eps_4q": 0.7,
            "eps_4q_growth_year": 6.98,
            "roe": 0.13,
            "roe_4q": 2.92,
            "gross_profit": 193609,
            "gross_margin": 36.35,
            "gross_margin_4q_avg": 42.21,
            "net_income": 8843,
            "revenue": 532677,
            "common_shares": 2780955,
            "book_valuer_per_share": 23.77,
            "book_valuer_per_share_4q_avg": 23.83,
            "equity": 6609442,
            "current_ratio": 1072.06,
            "debt_ratio": 5.12,
            "inventory_turnover_ratio": 1.19,
            "account_receivable_turnover_ratio": 3.02,
            "reinvestment_rate": -36.64,
            "research_to_sale_ratio": 3.26,
            "price_fair": 24.18,
            "eps_avg_yearly": 0.69,
            "eps_latest_yearly": 0.12,
            "eps_growth_yearly": 374.87
        },
        "20121": {
            "year_quarter": 20121,
            "year": 2012,
            "quarter": 1,
            "eps": 0.06,
            "eps_growth_year": -87.23,
            "eps_4q": 0.3,
            "eps_4q_growth_year": -67.41,
            "roe": 0.26,
            "roe_4q": 1.23,
            "gross_profit": 168388,
            "gross_margin": 31.4,
            "gross_margin_4q_avg": 37.98,
            "net_income": 17464,
            "revenue": 536207,
            "common_shares": 2780955,
            "book_valuer_per_share": 23.83,
            "book_valuer_per_share_4q_avg": 23.75,
            "equity": 6626652,
            "current_ratio": 1140.77,
            "debt_ratio": 4.79,
            "inventory_turnover_ratio": 1.29,
            "account_receivable_turnover_ratio": 3.74,
            "reinvestment_rate": -4.49,
            "research_to_sale_ratio": 2.5,
            "price_fair": 22.87,
            "eps_avg_yearly": 0.65,
            "eps_latest_yearly": 0.24,
            "eps_growth_yearly": 376.96
        },
        "20122": {
            "year_quarter": 20122,
            "year": 2012,
            "quarter": 2,
            "eps": 0.09,
            "eps_growth_year": -31.36,
            "eps_4q": 0.25,
            "eps_4q_growth_year": -72.47,
            "roe": 0.4,
            "roe_4q": 1.05,
            "gross_profit": 217467,
            "gross_margin": 35.23,
            "gross_margin_4q_avg": 35.52,
            "net_income": 26372,
            "revenue": 617203,
            "common_shares": 2780955,
            "book_valuer_per_share": 23.35,
            "book_valuer_per_share_4q_avg": 23.67,
            "equity": 6494190,
            "current_ratio": 633.4,
            "debt_ratio": 7.6,
            "inventory_turnover_ratio": 1.41,
            "account_receivable_turnover_ratio": 3.9,
            "reinvestment_rate": -1.92,
            "research_to_sale_ratio": 2.55,
            "price_fair": 22.08,
            "eps_avg_yearly": 0.63,
            "eps_latest_yearly": 0.36,
            "eps_growth_yearly": 363.35
        },
        "20123": {
            "year_quarter": 20123,
            "year": 2012,
            "quarter": 3,
            "eps": 0.04,
            "eps_growth_year": -35.87,
            "eps_4q": 0.23,
            "eps_4q_growth_year": -68.38,
            "roe": 0.17,
            "roe_4q": 0.9600000000000001,
            "gross_profit": 182832,
            "gross_margin": 32.74,
            "gross_margin_4q_avg": 33.93,
            "net_income": 11119,
            "revenue": 558385,
            "common_shares": 2780955,
            "book_valuer_per_share": 23.47,
            "book_valuer_per_share_4q_avg": 23.61,
            "equity": 6525846,
            "current_ratio": 1047.77,
            "debt_ratio": 5.02,
            "inventory_turnover_ratio": 1.26,
            "account_receivable_turnover_ratio": 2.83,
            "reinvestment_rate": 40.92,
            "research_to_sale_ratio": 2.57,
            "price_fair": 20.9,
            "eps_avg_yearly": 0.6,
            "eps_latest_yearly": 0.16,
            "eps_growth_yearly": 321.52
        },
        "20124": {
            "year_quarter": 20124,
            "year": 2012,
            "quarter": 4,
            "eps": 0.08,
            "eps_growth_year": 161.79,
            "eps_4q": 0.28,
            "eps_4q_growth_year": -59.75,
            "roe": 0.35,
            "roe_4q": 1.1800000000000002,
            "gross_profit": 203909,
            "gross_margin": 34.89,
            "gross_margin_4q_avg": 33.57,
            "net_income": 23150,
            "revenue": 584498,
            "common_shares": 2780955,
            "book_valuer_per_share": 23.47,
            "book_valuer_per_share_4q_avg": 23.53,
            "equity": 6525988,
            "current_ratio": 1070.59,
            "debt_ratio": 4.99,
            "inventory_turnover_ratio": 1.24,
            "account_receivable_turnover_ratio": 3.19,
            "reinvestment_rate": 31.19,
            "research_to_sale_ratio": 2.95,
            "price_fair": 20.25,
            "eps_avg_yearly": 0.58,
            "eps_latest_yearly": 0.32,
            "eps_growth_yearly": 326.76
        },
        "20131": {
            "year_quarter": 20131,
            "year": 2013,
            "quarter": 1,
            "eps": 0.15,
            "eps_growth_year": 150,
            "eps_4q": 0.37,
            "eps_4q_growth_year": 25.21,
            "roe": 0.65,
            "roe_4q": 1.5699999999999998,
            "gross_profit": 195129,
            "gross_margin": 34.69,
            "gross_margin_4q_avg": 34.39,
            "net_income": 42111,
            "revenue": 562569,
            "common_shares": 2780955,
            "book_valuer_per_share": 23.48,
            "book_valuer_per_share_4q_avg": 23.44,
            "equity": 6528376,
            "current_ratio": 1020.72,
            "debt_ratio": 5.6,
            "inventory_turnover_ratio": 1.19,
            "account_receivable_turnover_ratio": 3.65,
            "reinvestment_rate": 48.99,
            "research_to_sale_ratio": 2.93,
            "price_fair": 20.3,
            "eps_avg_yearly": 0.58,
            "eps_latest_yearly": 0.6,
            "eps_growth_yearly": 328.21
        },
        "20132": {
            "year_quarter": 20132,
            "year": 2013,
            "quarter": 2,
            "eps": 0.04,
            "eps_growth_year": -57.82,
            "eps_4q": 0.31,
            "eps_4q_growth_year": 23.44,
            "roe": 0.15,
            "roe_4q": 1.3199999999999998,
            "gross_profit": 221618,
            "gross_margin": 36.14,
            "gross_margin_4q_avg": 34.62,
            "net_income": 10053,
            "revenue": 613176,
            "common_shares": 2780955,
            "book_valuer_per_share": 23.24,
            "book_valuer_per_share_4q_avg": 23.42,
            "equity": 6462951,
            "current_ratio": 723.8,
            "debt_ratio": 7.14,
            "inventory_turnover_ratio": 1.21,
            "account_receivable_turnover_ratio": 3.37,
            "reinvestment_rate": 54.67,
            "research_to_sale_ratio": 2.55,
            "price_fair": 18.29,
            "eps_avg_yearly": 0.52,
            "eps_latest_yearly": 0.16,
            "eps_growth_yearly": 299.35
        },
        "20133": {
            "year_quarter": 20133,
            "year": 2013,
            "quarter": 3,
            "eps": 0.09,
            "eps_growth_year": 125.1,
            "eps_4q": 0.36,
            "eps_4q_growth_year": 57.57,
            "roe": 0.39,
            "roe_4q": 1.54,
            "gross_profit": 206395,
            "gross_margin": 33.41,
            "gross_margin_4q_avg": 34.78,
            "net_income": 25214,
            "revenue": 617681,
            "common_shares": 2780955,
            "book_valuer_per_share": 23.33,
            "book_valuer_per_share_4q_avg": 23.38,
            "equity": 6487592,
            "current_ratio": 936.92,
            "debt_ratio": 6.09,
            "inventory_turnover_ratio": 1.33,
            "account_receivable_turnover_ratio": 2.57,
            "reinvestment_rate": 70.5,
            "research_to_sale_ratio": 2.2,
            "price_fair": 16.89,
            "eps_avg_yearly": 0.48,
            "eps_latest_yearly": 0.36,
            "eps_growth_yearly": 332.45
        },
        "20134": {
            "year_quarter": 20134,
            "year": 2013,
            "quarter": 4,
            "eps": 0.24,
            "eps_growth_year": 191.77,
            "eps_4q": 0.63,
            "eps_4q_growth_year": 124.23,
            "roe": 0.79,
            "roe_4q": 1.98,
            "gross_profit": 203840,
            "gross_margin": 33.12,
            "gross_margin_4q_avg": 34.34,
            "net_income": 48576,
            "revenue": 615393,
            "common_shares": 2000000,
            "book_valuer_per_share": 28.67,
            "book_valuer_per_share_4q_avg": 24.68,
            "equity": 5734646,
            "current_ratio": 659.77,
            "debt_ratio": 7.08,
            "inventory_turnover_ratio": 1.42,
            "account_receivable_turnover_ratio": 2.62,
            "reinvestment_rate": -5.44,
            "research_to_sale_ratio": 3.12,
            "price_fair": 18.73,
            "eps_avg_yearly": 0.54,
            "eps_latest_yearly": 0.96,
            "eps_growth_yearly": 396.12
        },
        "20141": {
            "year_quarter": 20141,
            "year": 2014,
            "quarter": 1,
            "eps": 0.38,
            "eps_growth_year": 153.33,
            "eps_4q": 0.8,
            "eps_4q_growth_year": 117.32,
            "roe": 1.33,
            "roe_4q": 2.66,
            "gross_profit": 218305,
            "gross_margin": 34.73,
            "gross_margin_4q_avg": 34.35,
            "net_income": 76749,
            "revenue": 628615,
            "common_shares": 2000000,
            "book_valuer_per_share": 29.07,
            "book_valuer_per_share_4q_avg": 26.08,
            "equity": 5813183,
            "current_ratio": 788.7,
            "debt_ratio": 6.32,
            "inventory_turnover_ratio": 1.32,
            "account_receivable_turnover_ratio": 3.3,
            "reinvestment_rate": -13.23,
            "research_to_sale_ratio": 2.01,
            "price_fair": 20.21,
            "eps_avg_yearly": 0.58,
            "eps_latest_yearly": 1.52,
            "eps_growth_yearly": 260.7
        },
        "20142": {
            "year_quarter": 20142,
            "year": 2014,
            "quarter": 2,
            "eps": 0.16,
            "eps_growth_year": 300,
            "eps_4q": 0.9,
            "eps_4q_growth_year": 191.07,
            "roe": 0.53,
            "roe_4q": 3.0400000000000005,
            "gross_profit": 233873,
            "gross_margin": 36.23,
            "gross_margin_4q_avg": 34.37,
            "net_income": 30390,
            "revenue": 645478,
            "common_shares": 2000000,
            "book_valuer_per_share": 28.7,
            "book_valuer_per_share_4q_avg": 27.44,
            "equity": 5740065,
            "current_ratio": 507.28,
            "debt_ratio": 8.81,
            "inventory_turnover_ratio": 1.4,
            "account_receivable_turnover_ratio": 3.32,
            "reinvestment_rate": -13.99,
            "research_to_sale_ratio": 1.98,
            "price_fair": 20.48,
            "eps_avg_yearly": 0.59,
            "eps_latest_yearly": 0.64,
            "eps_growth_yearly": 255.75
        },
        "20143": {
            "year_quarter": 20143,
            "year": 2014,
            "quarter": 3,
            "eps": 0.27,
            "eps_growth_year": 200,
            "eps_4q": 1.05,
            "eps_4q_growth_year": 190.24,
            "roe": 0.94,
            "roe_4q": 3.59,
            "gross_profit": 233579,
            "gross_margin": 34.51,
            "gross_margin_4q_avg": 34.65,
            "net_income": 54121,
            "revenue": 676939,
            "common_shares": 2000000,
            "book_valuer_per_share": 28.94,
            "book_valuer_per_share_4q_avg": 28.85,
            "equity": 5788846,
            "current_ratio": 604.63,
            "debt_ratio": 7.63,
            "inventory_turnover_ratio": 1.5,
            "account_receivable_turnover_ratio": 3.19,
            "reinvestment_rate": -9.76,
            "research_to_sale_ratio": 1.92,
            "price_fair": 20.65,
            "eps_avg_yearly": 0.59,
            "eps_latest_yearly": 1.08,
            "eps_growth_yearly": 249.86
        },
        "20144": {
            "year_quarter": 20144,
            "year": 2014,
            "quarter": 4,
            "eps": 0.27,
            "eps_growth_year": 9.54,
            "eps_4q": 1.07,
            "eps_4q_growth_year": 70.28,
            "roe": 0.92,
            "roe_4q": 3.7199999999999998,
            "gross_profit": 231032,
            "gross_margin": 35.76,
            "gross_margin_4q_avg": 35.31,
            "net_income": 53209,
            "revenue": 646145,
            "common_shares": 2000000,
            "book_valuer_per_share": 29.12,
            "book_valuer_per_share_4q_avg": 28.96,
            "equity": 5824968,
            "current_ratio": 603.06,
            "debt_ratio": 13.55,
            "inventory_turnover_ratio": 1.32,
            "account_receivable_turnover_ratio": 3.03,
            "reinvestment_rate": 11.41,
            "research_to_sale_ratio": 2.83,
            "price_fair": 22.49,
            "eps_avg_yearly": 0.64,
            "eps_latest_yearly": 1.08,
            "eps_growth_yearly": 268.86
        },
        "20151": {
            "year_quarter": 20151,
            "year": 2015,
            "quarter": 1,
            "eps": 0.24,
            "eps_growth_year": -36.84,
            "eps_4q": 0.93,
            "eps_4q_growth_year": 15.82,
            "roe": 0.83,
            "roe_4q": 3.2199999999999998,
            "gross_profit": 250306,
            "gross_margin": 39.15,
            "gross_margin_4q_avg": 36.41,
            "net_income": 48273,
            "revenue": 639349,
            "common_shares": 2000000,
            "book_valuer_per_share": 29.37,
            "book_valuer_per_share_4q_avg": 29.03,
            "equity": 5873178,
            "current_ratio": 606.96,
            "debt_ratio": 13.91,
            "inventory_turnover_ratio": 1.21,
            "account_receivable_turnover_ratio": 3.16,
            "reinvestment_rate": 4.22,
            "research_to_sale_ratio": 1.87,
            "price_fair": 20.48,
            "eps_avg_yearly": 0.59,
            "eps_latest_yearly": 0.96,
            "eps_growth_yearly": 95.25
        },
        "20152": {
            "year_quarter": 20152,
            "year": 2015,
            "quarter": 2,
            "eps": 0.34,
            "eps_growth_year": 112.5,
            "eps_4q": 1.12,
            "eps_4q_growth_year": 23.48,
            "roe": 1.17,
            "roe_4q": 3.86,
            "gross_profit": 279982,
            "gross_margin": 38.42,
            "gross_margin_4q_avg": 36.96,
            "net_income": 67815,
            "revenue": 728696,
            "common_shares": 2000000,
            "book_valuer_per_share": 28.68,
            "book_valuer_per_share_4q_avg": 29.03,
            "equity": 5736869,
            "current_ratio": 392.46,
            "debt_ratio": 17.27,
            "inventory_turnover_ratio": 1.38,
            "account_receivable_turnover_ratio": 3.38,
            "reinvestment_rate": 13.66,
            "research_to_sale_ratio": 1.7,
            "price_fair": 22.23,
            "eps_avg_yearly": 0.64,
            "eps_latest_yearly": 1.36,
            "eps_growth_yearly": 123.22
        },
        "20153": {
            "year_quarter": 20153,
            "year": 2015,
            "quarter": 3,
            "eps": 0.6,
            "eps_growth_year": 122.22,
            "eps_4q": 1.45,
            "eps_4q_growth_year": 37.88,
            "roe": 2.07,
            "roe_4q": 4.989999999999999,
            "gross_profit": 270975,
            "gross_margin": 37.17,
            "gross_margin_4q_avg": 37.63,
            "net_income": 120020,
            "revenue": 729087,
            "common_shares": 2000000,
            "book_valuer_per_share": 29.22,
            "book_valuer_per_share_4q_avg": 29.1,
            "equity": 5844656,
            "current_ratio": 570.87,
            "debt_ratio": 14.25,
            "inventory_turnover_ratio": 1.39,
            "account_receivable_turnover_ratio": 3.07,
            "reinvestment_rate": 11.35,
            "research_to_sale_ratio": 1.68,
            "price_fair": 26.95,
            "eps_avg_yearly": 0.77,
            "eps_latest_yearly": 2.4,
            "eps_growth_yearly": 156.62
        },
        "20154": {
            "year_quarter": 20154,
            "year": 2015,
            "quarter": 4,
            "eps": 0.16,
            "eps_growth_year": -38.31,
            "eps_4q": 1.34,
            "eps_4q_growth_year": 25.39,
            "roe": 0.56,
            "roe_4q": 4.63,
            "gross_profit": 241046,
            "gross_margin": 36.3,
            "gross_margin_4q_avg": 37.76,
            "net_income": 32822,
            "revenue": 664072,
            "common_shares": 2000000,
            "book_valuer_per_share": 29.31,
            "book_valuer_per_share_4q_avg": 29.15,
            "equity": 5861026,
            "current_ratio": 574.62,
            "debt_ratio": 14.45,
            "inventory_turnover_ratio": 1.26,
            "account_receivable_turnover_ratio": 2.97,
            "reinvestment_rate": 5.7,
            "research_to_sale_ratio": 2.63,
            "price_fair": 28.09,
            "eps_avg_yearly": 0.8,
            "eps_latest_yearly": 0.64,
            "eps_growth_yearly": 150.79
        },
        "20161": {
            "year_quarter": 20161,
            "year": 2016,
            "quarter": 1,
            "eps": 0.34,
            "eps_growth_year": 41.67,
            "eps_4q": 1.45,
            "eps_4q_growth_year": 55.55,
            "roe": 1.16,
            "roe_4q": 4.96,
            "gross_profit": 244634,
            "gross_margin": 38.89,
            "gross_margin_4q_avg": 37.7,
            "net_income": 68659,
            "revenue": 629099,
            "common_shares": 2000000,
            "book_valuer_per_share": 29.68,
            "book_valuer_per_share_4q_avg": 29.22,
            "equity": 5936013,
            "current_ratio": 605.85,
            "debt_ratio": 14.14,
            "inventory_turnover_ratio": 1.26,
            "account_receivable_turnover_ratio": 3.26,
            "reinvestment_rate": -21.27,
            "research_to_sale_ratio": 1.87,
            "price_fair": 30.54,
            "eps_avg_yearly": 0.87,
            "eps_latest_yearly": 1.36,
            "eps_growth_yearly": 153.91
        },
        "20162": {
            "year_quarter": 20162,
            "year": 2016,
            "quarter": 2,
            "eps": 0.58,
            "eps_growth_year": 70.59,
            "eps_4q": 1.69,
            "eps_4q_growth_year": 51.11,
            "roe": 1.97,
            "roe_4q": 5.76,
            "gross_profit": 313108,
            "gross_margin": 42.93,
            "gross_margin_4q_avg": 38.82,
            "net_income": 116096,
            "revenue": 729415,
            "common_shares": 2000000,
            "book_valuer_per_share": 29.17,
            "book_valuer_per_share_4q_avg": 29.35,
            "equity": 5833099,
            "current_ratio": 404.74,
            "debt_ratio": 17.71,
            "inventory_turnover_ratio": 1.41,
            "account_receivable_turnover_ratio": 3.88,
            "reinvestment_rate": -20.45,
            "research_to_sale_ratio": 1.8,
            "price_fair": 34.83,
            "eps_avg_yearly": 1,
            "eps_latest_yearly": 2.32,
            "eps_growth_yearly": 159.06
        },
        "20163": {
            "year_quarter": 20163,
            "year": 2016,
            "quarter": 3,
            "eps": 0.5,
            "eps_growth_year": -16.67,
            "eps_4q": 1.59,
            "eps_4q_growth_year": 9.67,
            "roe": 1.7,
            "roe_4q": 5.390000000000001,
            "gross_profit": 310919,
            "gross_margin": 42.06,
            "gross_margin_4q_avg": 40.05,
            "net_income": 99713,
            "revenue": 739140,
            "common_shares": 2000000,
            "book_valuer_per_share": 29.66,
            "book_valuer_per_share_4q_avg": 29.46,
            "equity": 5932675,
            "current_ratio": 639.44,
            "debt_ratio": 14.33,
            "inventory_turnover_ratio": 1.4,
            "account_receivable_turnover_ratio": 3.96,
            "reinvestment_rate": -21.72,
            "research_to_sale_ratio": 1.79,
            "price_fair": 38.85,
            "eps_avg_yearly": 1.11,
            "eps_latest_yearly": 2,
            "eps_growth_yearly": 169.5
        },
        "20164": {
            "year_quarter": 20164,
            "year": 2016,
            "quarter": 4,
            "eps": 0.34,
            "eps_growth_year": 105.65,
            "eps_4q": 1.76,
            "eps_4q_growth_year": 30.88,
            "roe": 1.13,
            "roe_4q": 5.96,
            "gross_profit": 280179,
            "gross_margin": 42.61,
            "gross_margin_4q_avg": 41.62,
            "net_income": 67499,
            "revenue": 657531,
            "common_shares": 2000000,
            "book_valuer_per_share": 29.93,
            "book_valuer_per_share_4q_avg": 29.61,
            "equity": 5986342,
            "current_ratio": 603.42,
            "debt_ratio": 15.13,
            "inventory_turnover_ratio": 1.31,
            "account_receivable_turnover_ratio": 3.46,
            "reinvestment_rate": -18.34,
            "research_to_sale_ratio": 2.37,
            "price_fair": 41.13,
            "eps_avg_yearly": 1.18,
            "eps_latest_yearly": 1.36,
            "eps_growth_yearly": 136.5
        },
        "20171": {
            "year_quarter": 20171,
            "year": 2017,
            "quarter": 1,
            "eps": 0.33,
            "eps_growth_year": -2.94,
            "eps_4q": 1.75,
            "eps_4q_growth_year": 20.78,
            "roe": 1.1,
            "roe_4q": 5.8999999999999995,
            "gross_profit": 274956,
            "gross_margin": 41.93,
            "gross_margin_4q_avg": 42.38,
            "net_income": 66119,
            "revenue": 655823,
            "common_shares": 2000000,
            "book_valuer_per_share": 30.28,
            "book_valuer_per_share_4q_avg": 29.76,
            "equity": 6055475,
            "current_ratio": 688.71,
            "debt_ratio": 14.78,
            "inventory_turnover_ratio": 1.38,
            "account_receivable_turnover_ratio": 3.54,
            "reinvestment_rate": -29.47,
            "research_to_sale_ratio": 1.98,
            "price_fair": 42.7,
            "eps_avg_yearly": 1.22,
            "eps_latest_yearly": 1.32,
            "eps_growth_yearly": 113.89
        },
        "20172": {
            "year_quarter": 20172,
            "year": 2017,
            "quarter": 2,
            "eps": 0.57,
            "eps_growth_year": -1.72,
            "eps_4q": 1.73,
            "eps_4q_growth_year": 2.68,
            "roe": 1.9,
            "roe_4q": 5.83,
            "gross_profit": 304379,
            "gross_margin": 43.84,
            "gross_margin_4q_avg": 42.61,
            "net_income": 113317,
            "revenue": 694346,
            "common_shares": 2000000,
            "book_valuer_per_share": 29.34,
            "book_valuer_per_share_4q_avg": 29.8,
            "equity": 5868441,
            "current_ratio": 394.74,
            "debt_ratio": 18.83,
            "inventory_turnover_ratio": 1.33,
            "account_receivable_turnover_ratio": 3.87,
            "reinvestment_rate": -25.55,
            "research_to_sale_ratio": 1.89,
            "price_fair": 47.34,
            "eps_avg_yearly": 1.35,
            "eps_latest_yearly": 2.28,
            "eps_growth_yearly": 150.41
        },
        "20173": {
            "year_quarter": 20173,
            "year": 2017,
            "quarter": 3,
            "eps": 0.55,
            "eps_growth_year": 10,
            "eps_4q": 1.79,
            "eps_4q_growth_year": 12.65,
            "roe": 1.87,
            "roe_4q": 6,
            "gross_profit": 304072,
            "gross_margin": 41,
            "gross_margin_4q_avg": 42.35,
            "net_income": 110499,
            "revenue": 741666,
            "common_shares": 2000000,
            "book_valuer_per_share": 29.89,
            "book_valuer_per_share_4q_avg": 29.86,
            "equity": 5977718,
            "current_ratio": 580.84,
            "debt_ratio": 15.51,
            "inventory_turnover_ratio": 1.44,
            "account_receivable_turnover_ratio": 4.74,
            "reinvestment_rate": -14.52,
            "research_to_sale_ratio": 2,
            "price_fair": 51.36,
            "eps_avg_yearly": 1.47,
            "eps_latest_yearly": 2.2,
            "eps_growth_yearly": 118.28
        },
        "20174": {
            "year_quarter": 20174,
            "year": 2017,
            "quarter": 4,
            "eps": 0.32,
            "eps_growth_year": -5.54,
            "eps_4q": 1.77,
            "eps_4q_growth_year": 0.49,
            "roe": 1.06,
            "roe_4q": 5.93,
            "gross_profit": 255450,
            "gross_margin": 38.4,
            "gross_margin_4q_avg": 41.29,
            "net_income": 63759,
            "revenue": 665240,
            "common_shares": 2000000,
            "book_valuer_per_share": 30.09,
            "book_valuer_per_share_4q_avg": 29.9,
            "equity": 6018540,
            "current_ratio": 474.43,
            "debt_ratio": 16.95,
            "inventory_turnover_ratio": 1.3,
            "account_receivable_turnover_ratio": 4.52,
            "reinvestment_rate": 2.09,
            "research_to_sale_ratio": 2.49,
            "price_fair": 52.06,
            "eps_avg_yearly": 1.49,
            "eps_latest_yearly": 1.28,
            "eps_growth_yearly": 66.16
        },
        "20181": {
            "year_quarter": 20181,
            "year": 2018,
            "quarter": 1,
            "eps": 0.44,
            "eps_growth_year": 33.33,
            "eps_4q": 1.88,
            "eps_4q_growth_year": 7.42,
            "roe": 1.45,
            "roe_4q": 6.279999999999999,
            "gross_profit": 269019,
            "gross_margin": 39.48,
            "gross_margin_4q_avg": 40.68,
            "net_income": 87773,
            "revenue": 681388,
            "common_shares": 2000000,
            "book_valuer_per_share": 30.53,
            "book_valuer_per_share_4q_avg": 29.96,
            "equity": 6105854,
            "current_ratio": 534.75,
            "debt_ratio": 15.96,
            "inventory_turnover_ratio": 1.22,
            "account_receivable_turnover_ratio": 4.1,
            "reinvestment_rate": 5.61,
            "research_to_sale_ratio": 2,
            "price_fair": 52.59,
            "eps_avg_yearly": 1.5,
            "eps_latest_yearly": 1.76,
            "eps_growth_yearly": 60.95
        },
        "20182": {
            "year_quarter": 20182,
            "year": 2018,
            "quarter": 2,
            "eps": 1.07,
            "eps_growth_year": 87.72,
            "eps_4q": 2.38,
            "eps_4q_growth_year": 37.04,
            "roe": 3.51,
            "roe_4q": 7.89,
            "gross_profit": 335369,
            "gross_margin": 40.07,
            "gross_margin_4q_avg": 39.74,
            "net_income": 213029,
            "revenue": 836905,
            "common_shares": 2000000,
            "book_valuer_per_share": 30.09,
            "book_valuer_per_share_4q_avg": 30.15,
            "equity": 6018629,
            "current_ratio": 343.93,
            "debt_ratio": 19.83,
            "inventory_turnover_ratio": 1.42,
            "account_receivable_turnover_ratio": 3.78,
            "reinvestment_rate": 3.85,
            "research_to_sale_ratio": 1.68,
            "price_fair": 60.55,
            "eps_avg_yearly": 1.73,
            "eps_latest_yearly": 4.28,
            "eps_growth_yearly": 111.22
        },
        "20183": {
            "year_quarter": 20183,
            "year": 2018,
            "quarter": 3,
            "eps": 0.44,
            "eps_growth_year": -20,
            "eps_4q": 2.26,
            "eps_4q_growth_year": 26.54,
            "roe": 1.45,
            "roe_4q": 7.470000000000001,
            "gross_profit": 302221,
            "gross_margin": 40.35,
            "gross_margin_4q_avg": 39.58,
            "net_income": 87741,
            "revenue": 749000,
            "common_shares": 2000000,
            "book_valuer_per_share": 30.53,
            "book_valuer_per_share_4q_avg": 30.31,
            "equity": 6105611,
            "current_ratio": 588.23,
            "debt_ratio": 15.03,
            "inventory_turnover_ratio": 1.33,
            "account_receivable_turnover_ratio": 3.45,
            "reinvestment_rate": -0.19,
            "research_to_sale_ratio": 1.86,
            "price_fair": 62.04,
            "eps_avg_yearly": 1.77,
            "eps_latest_yearly": 1.76,
            "eps_growth_yearly": 79.31
        },
        "20184": {
            "year_quarter": 20184,
            "year": 2018,
            "quarter": 4,
            "eps": 0.32,
            "eps_growth_year": 0.69,
            "eps_4q": 2.26,
            "eps_4q_growth_year": 28,
            "roe": 1.05,
            "roe_4q": 7.46,
            "gross_profit": 294464,
            "gross_margin": 40.11,
            "gross_margin_4q_avg": 40,
            "net_income": 64198,
            "revenue": 734169,
            "common_shares": 2000000,
            "book_valuer_per_share": 30.78,
            "book_valuer_per_share_4q_avg": 30.48,
            "equity": 6155592,
            "current_ratio": 518.04,
            "debt_ratio": 15.98,
            "inventory_turnover_ratio": 1.45,
            "account_receivable_turnover_ratio": 4.61,
            "reinvestment_rate": 1.24,
            "research_to_sale_ratio": 2.28,
            "price_fair": 62.48,
            "eps_avg_yearly": 1.79,
            "eps_latest_yearly": 1.28,
            "eps_growth_yearly": 72.49
        },
        "20191": {
            "year_quarter": 20191,
            "year": 2019,
            "quarter": 1,
            "eps": 0.48,
            "eps_growth_year": 9.09,
            "eps_4q": 2.3,
            "eps_4q_growth_year": 22.68,
            "roe": 1.54,
            "roe_4q": 7.55,
            "gross_profit": 276153,
            "gross_margin": 40.85,
            "gross_margin_4q_avg": 40.35,
            "net_income": 95497,
            "revenue": 676048,
            "common_shares": 2000000,
            "book_valuer_per_share": 31.26,
            "book_valuer_per_share_4q_avg": 30.67,
            "equity": 6251573,
            "current_ratio": 540.89,
            "debt_ratio": 16.81,
            "inventory_turnover_ratio": 1.36,
            "account_receivable_turnover_ratio": 4.1,
            "reinvestment_rate": 5.38,
            "research_to_sale_ratio": 1.73,
            "price_fair": 64.58,
            "eps_avg_yearly": 1.85,
            "eps_latest_yearly": 1.92,
            "eps_growth_yearly": 87.77
        },
        "20192": {
            "year_quarter": 20192,
            "year": 2019,
            "quarter": 2,
            "eps": 0.45,
            "eps_growth_year": -57.94,
            "eps_4q": 1.69,
            "eps_4q_growth_year": -29.06,
            "roe": 1.46,
            "roe_4q": 5.5,
            "gross_profit": 307284,
            "gross_margin": 42.74,
            "gross_margin_4q_avg": 41.01,
            "net_income": 89595,
            "revenue": 718921,
            "common_shares": 2000000,
            "book_valuer_per_share": 29.9,
            "book_valuer_per_share_4q_avg": 30.62,
            "equity": 5980609,
            "current_ratio": 313.08,
            "debt_ratio": 21.8,
            "inventory_turnover_ratio": 1.36,
            "account_receivable_turnover_ratio": 3.99,
            "reinvestment_rate": 8.35,
            "research_to_sale_ratio": 2.05,
            "price_fair": 65.54,
            "eps_avg_yearly": 1.87,
            "eps_latest_yearly": 1.8,
            "eps_growth_yearly": 75.79
        },
        "20193": {
            "year_quarter": 20193,
            "year": 2019,
            "quarter": 3,
            "eps": 0.43,
            "eps_growth_year": -2.27,
            "eps_4q": 1.68,
            "eps_4q_growth_year": -25.89,
            "roe": 1.43,
            "roe_4q": 5.4799999999999995,
            "gross_profit": 319571,
            "gross_margin": 41.18,
            "gross_margin_4q_avg": 41.22,
            "net_income": 85897,
            "revenue": 775998,
            "common_shares": 2000000,
            "book_valuer_per_share": 30.33,
            "book_valuer_per_share_4q_avg": 30.57,
            "equity": 6065867,
            "current_ratio": 485.37,
            "debt_ratio": 17.08,
            "inventory_turnover_ratio": 1.47,
            "account_receivable_turnover_ratio": 4.09,
            "reinvestment_rate": 13.42,
            "research_to_sale_ratio": 2.36,
            "price_fair": 64.05,
            "eps_avg_yearly": 1.83,
            "eps_latest_yearly": 1.72,
            "eps_growth_yearly": 55.56
        },
        "20194": {
            "year_quarter": 20194,
            "year": 2019,
            "quarter": 4,
            "eps": 0.37,
            "eps_growth_year": 16.07,
            "eps_4q": 1.73,
            "eps_4q_growth_year": -23.69,
            "roe": 1.22,
            "roe_4q": 5.6499999999999995,
            "gross_profit": 307308,
            "gross_margin": 41.77,
            "gross_margin_4q_avg": 41.64,
            "net_income": 74514,
            "revenue": 735648,
            "common_shares": 2000000,
            "book_valuer_per_share": 30.76,
            "book_valuer_per_share_4q_avg": 30.56,
            "equity": 6152789,
            "current_ratio": 363.81,
            "debt_ratio": 19.06,
            "inventory_turnover_ratio": 1.35,
            "account_receivable_turnover_ratio": 3.95,
            "reinvestment_rate": 20.05,
            "research_to_sale_ratio": 3.24,
            "price_fair": 65.89,
            "eps_avg_yearly": 1.88,
            "eps_latest_yearly": 1.48,
            "eps_growth_yearly": 70.41
        },
        "20201": {
            "year_quarter": 20201,
            "year": 2020,
            "quarter": 1,
            "eps": 0.33,
            "eps_growth_year": -31.25,
            "eps_4q": 1.58,
            "eps_4q_growth_year": -31.4,
            "roe": 1.06,
            "roe_4q": 5.17,
            "gross_profit": 296965,
            "gross_margin": 40.99,
            "gross_margin_4q_avg": 41.67,
            "net_income": 65850,
            "revenue": 724457,
            "common_shares": 2000000,
            "book_valuer_per_share": 31.1,
            "book_valuer_per_share_4q_avg": 30.52,
            "equity": 6219487,
            "current_ratio": 376.14,
            "debt_ratio": 18.81,
            "inventory_turnover_ratio": 1.39,
            "account_receivable_turnover_ratio": 3.95,
            "reinvestment_rate": 25.85,
            "research_to_sale_ratio": 2.7,
            "price_fair": 65.8,
            "eps_avg_yearly": 1.88,
            "eps_latest_yearly": 1.32,
            "eps_growth_yearly": 39.58
        },
        "20202": {
            "year_quarter": 20202,
            "year": 2020,
            "quarter": 2,
            "eps": 0.41,
            "eps_growth_year": -8.89,
            "eps_4q": 1.54,
            "eps_4q_growth_year": -8.6,
            "roe": 1.33,
            "roe_4q": 5.04,
            "gross_profit": 330229,
            "gross_margin": 41.76,
            "gross_margin_4q_avg": 41.43,
            "net_income": 82085,
            "revenue": 790850,
            "common_shares": 2000000,
            "book_valuer_per_share": 30.08,
            "book_valuer_per_share_4q_avg": 30.57,
            "equity": 6140808,
            "current_ratio": 336.06,
            "debt_ratio": 20.79,
            "inventory_turnover_ratio": 1.45,
            "account_receivable_turnover_ratio": 4.29,
            "reinvestment_rate": 24.42,
            "research_to_sale_ratio": 3.14,
            "price_fair": 64.31,
            "eps_avg_yearly": 1.84,
            "eps_latest_yearly": 1.64,
            "eps_growth_yearly": 28
        },
        "20203": {
            "year_quarter": 20203,
            "year": 2020,
            "quarter": 3,
            "eps": 0.48,
            "eps_growth_year": 11.63,
            "eps_4q": 1.59,
            "eps_4q_growth_year": -5.04,
            "roe": 1.49,
            "roe_4q": 5.1000000000000005,
            "gross_profit": 316994,
            "gross_margin": 41.89,
            "gross_margin_4q_avg": 41.6,
            "net_income": 92089,
            "revenue": 756759,
            "common_shares": 2000000,
            "book_valuer_per_share": 30.56,
            "book_valuer_per_share_4q_avg": 30.63,
            "equity": 6233329,
            "current_ratio": 496.04,
            "debt_ratio": 17.21,
            "inventory_turnover_ratio": 1.35,
            "account_receivable_turnover_ratio": 3.97,
            "reinvestment_rate": 32.91,
            "research_to_sale_ratio": 1.85,
            "price_fair": 64.14,
            "eps_avg_yearly": 1.83,
            "eps_latest_yearly": 1.92,
            "eps_growth_yearly": 35.71
        },
        "20204": {
            "year_quarter": 20204,
            "year": 2020,
            "quarter": 4,
            "eps": 0.61,
            "eps_growth_year": 62.78,
            "eps_4q": 1.83,
            "eps_4q_growth_year": 5.67,
            "roe": 2.14,
            "roe_4q": 6.02,
            "gross_profit": 363404,
            "gross_margin": 42.34,
            "gross_margin_4q_avg": 41.75,
            "net_income": 134565,
            "revenue": 858281,
            "common_shares": 2000000,
            "book_valuer_per_share": 31.15,
            "book_valuer_per_share_4q_avg": 30.72,
            "equity": 6364228,
            "current_ratio": 417.4,
            "debt_ratio": 18.38,
            "inventory_turnover_ratio": 1.58,
            "account_receivable_turnover_ratio": 4.78,
            "reinvestment_rate": 32.67,
            "research_to_sale_ratio": 1.81,
            "price_fair": 66.5,
            "eps_avg_yearly": 1.9,
            "eps_latest_yearly": 2.44,
            "eps_growth_yearly": 50.48
        },
        "20211": {
            "year_quarter": 20211,
            "year": 2021,
            "quarter": 1,
            "eps": 0.51,
            "eps_growth_year": 54.55,
            "eps_4q": 2.01,
            "eps_4q_growth_year": 27.21,
            "roe": 1.59,
            "roe_4q": 6.550000000000001,
            "gross_profit": 321589,
            "gross_margin": 40.7,
            "gross_margin_4q_avg": 41.67,
            "net_income": 102043,
            "revenue": 790085,
            "common_shares": 2000000,
            "book_valuer_per_share": 31.66,
            "book_valuer_per_share_4q_avg": 30.86,
            "equity": 6466154,
            "current_ratio": 338.72,
            "debt_ratio": 20.57,
            "inventory_turnover_ratio": 1.4,
            "account_receivable_turnover_ratio": 4.25,
            "reinvestment_rate": 37.55,
            "research_to_sale_ratio": 1.67,
            "price_fair": 68.08,
            "eps_avg_yearly": 1.95,
            "eps_latest_yearly": 2.04,
            "eps_growth_yearly": 47.12
        },
        "20212": {
            "year_quarter": 20212,
            "year": 2021,
            "quarter": 2,
            "eps": 0.53,
            "eps_growth_year": 29.27,
            "eps_4q": 2.13,
            "eps_4q_growth_year": 38.57,
            "roe": 1.67,
            "roe_4q": 6.890000000000001,
            "gross_profit": 349750,
            "gross_margin": 35.47,
            "gross_margin_4q_avg": 40.1,
            "net_income": 106927,
            "revenue": 986096,
            "common_shares": 2000000,
            "book_valuer_per_share": 30.85,
            "book_valuer_per_share_4q_avg": 31.06,
            "equity": 6304050,
            "current_ratio": 258.29,
            "debt_ratio": 24.35,
            "inventory_turnover_ratio": 1.59,
            "account_receivable_turnover_ratio": 3.98,
            "reinvestment_rate": 36.46,
            "research_to_sale_ratio": 1.32,
            "price_fair": 67.73,
            "eps_avg_yearly": 1.94,
            "eps_latest_yearly": 2.12,
            "eps_growth_yearly": 29.92
        },
        "20213": {
            "year_quarter": 20213,
            "year": 2021,
            "quarter": 3,
            "eps": 0.5,
            "eps_growth_year": 4.17,
            "eps_4q": 2.16,
            "eps_4q_growth_year": 35.47,
            "roe": 1.7,
            "roe_4q": 7.1,
            "gross_profit": 354943,
            "gross_margin": 31.58,
            "gross_margin_4q_avg": 37.52,
            "net_income": 108358,
            "revenue": 1124034,
            "common_shares": 2000000,
            "book_valuer_per_share": 31.35,
            "book_valuer_per_share_4q_avg": 31.25,
            "equity": 6410748,
            "current_ratio": 227.29,
            "debt_ratio": 26.01,
            "inventory_turnover_ratio": 1.54,
            "account_receivable_turnover_ratio": 2.69,
            "reinvestment_rate": 44.12,
            "research_to_sale_ratio": 1.29,
            "price_fair": 67.29,
            "eps_avg_yearly": 1.92,
            "eps_latest_yearly": 2,
            "eps_growth_yearly": 29.38
        },
        "20214": {
            "year_quarter": 20214,
            "year": 2021,
            "quarter": 4,
            "eps": 0.42,
            "eps_growth_year": -31.32,
            "eps_4q": 1.97,
            "eps_4q_growth_year": 7.71,
            "roe": 1.47,
            "roe_4q": 6.43,
            "gross_profit": 346954,
            "gross_margin": 29.02,
            "gross_margin_4q_avg": 34.19,
            "net_income": 94834,
            "revenue": 1195436,
            "common_shares": 2000000,
            "book_valuer_per_share": 31.81,
            "book_valuer_per_share_4q_avg": 31.42,
            "equity": 6513377,
            "current_ratio": 260.06,
            "debt_ratio": 23.08,
            "inventory_turnover_ratio": 1.79,
            "account_receivable_turnover_ratio": 3.24,
            "reinvestment_rate": 32.17,
            "research_to_sale_ratio": 1.42,
            "price_fair": 68.16,
            "eps_avg_yearly": 1.95,
            "eps_latest_yearly": 1.68,
            "eps_growth_yearly": 35.83
        },
        "20221": {
            "year_quarter": 20221,
            "year": 2022,
            "quarter": 1,
            "eps": 0.64,
            "eps_growth_year": 25.49,
            "eps_4q": 2.09,
            "eps_4q_growth_year": 4.01,
            "roe": 2,
            "roe_4q": 6.84,
            "gross_profit": 327670,
            "gross_margin": 35.49,
            "gross_margin_4q_avg": 32.89,
            "net_income": 131736,
            "revenue": 923153,
            "common_shares": 2000000,
            "book_valuer_per_share": 32.45,
            "book_valuer_per_share_4q_avg": 31.62,
            "equity": 6645976,
            "current_ratio": 292.72,
            "debt_ratio": 21.6,
            "inventory_turnover_ratio": 1.51,
            "account_receivable_turnover_ratio": 3.66,
            "reinvestment_rate": 26.49,
            "research_to_sale_ratio": 1.5,
            "price_fair": 69.91,
            "eps_avg_yearly": 2,
            "eps_latest_yearly": 2.56,
            "eps_growth_yearly": 39.55
        },
        "20222": {
            "year_quarter": 20222,
            "year": 2022,
            "quarter": 2,
            "eps": 0.23,
            "eps_growth_year": -56.6,
            "eps_4q": 1.78,
            "eps_4q_growth_year": -16.38,
            "roe": 0.38,
            "roe_4q": 5.55,
            "gross_profit": 250436,
            "gross_margin": 28.67,
            "gross_margin_4q_avg": 31.19,
            "net_income": 24743,
            "revenue": 873547,
            "common_shares": 2000000,
            "book_valuer_per_share": 31.17,
            "book_valuer_per_share_4q_avg": 31.7,
            "equity": 6358140,
            "current_ratio": 223.97,
            "debt_ratio": 25.48,
            "inventory_turnover_ratio": 1.61,
            "account_receivable_turnover_ratio": 3.22,
            "reinvestment_rate": 38.56,
            "research_to_sale_ratio": 1.52,
            "price_fair": 5.36,
            "eps_avg_yearly": 1.79,
            "eps_latest_yearly": 0.92,
            "eps_growth_yearly": -12.26
        },
        "20223": {
            "year_quarter": 20223,
            "year": 2022,
            "quarter": 3,
            "eps": 0.81,
            "eps_growth_year": 62,
            "eps_4q": 2.1,
            "eps_4q_growth_year": -2.82,
            "roe": 2.54,
            "roe_4q": 6.39,
            "gross_profit": 383660,
            "gross_margin": 39.29,
            "gross_margin_4q_avg": 33.12,
            "net_income": 163547,
            "revenue": 976466,
            "common_shares": 2000000,
            "book_valuer_per_share": 31.99,
            "book_valuer_per_share_4q_avg": 31.86,
            "equity": 6521831,
            "current_ratio": 311.7,
            "debt_ratio": 19.92,
            "inventory_turnover_ratio": 1.62,
            "account_receivable_turnover_ratio": 4.77,
            "reinvestment_rate": 37.52,
            "research_to_sale_ratio": 1.56,
            "price_fair": 65.8,
            "eps_avg_yearly": 1.88,
            "eps_latest_yearly": 3.24,
            "eps_growth_yearly": 65.51
        },
        "20224": {
            "year_quarter": 20224,
            "year": 2022,
            "quarter": 4,
            "eps": 0.45,
            "eps_growth_year": 9.17,
            "eps_4q": 2.13,
            "eps_4q_growth_year": 8.51,
            "roe": 1.63,
            "roe_4q": 6.55,
            "gross_profit": 314839,
            "gross_margin": 37.46,
            "gross_margin_4q_avg": 35.23,
            "net_income": 107490,
            "revenue": 840441,
            "common_shares": 2000000,
            "book_valuer_per_share": 32.61,
            "book_valuer_per_share_4q_avg": 32.06,
            "equity": 6661904,
            "current_ratio": 334.1,
            "debt_ratio": 18.87,
            "inventory_turnover_ratio": 1.38,
            "account_receivable_turnover_ratio": 4.76,
            "reinvestment_rate": 40.36,
            "research_to_sale_ratio": 2.17,
            "price_fair": 66.94,
            "eps_avg_yearly": 1.91,
            "eps_latest_yearly": 1.8,
            "eps_growth_yearly": 61.21
        },
        "20231": {
            "year_quarter": 20231,
            "year": 2023,
            "quarter": 1,
            "eps": 0.54,
            "eps_growth_year": -15.62,
            "eps_4q": 2.04,
            "eps_4q_growth_year": -2.47,
            "roe": 1.56,
            "roe_4q": 6.11,
            "gross_profit": 329038,
            "gross_margin": 38.04,
            "gross_margin_4q_avg": 35.87,
            "net_income": 104922,
            "revenue": 865001,
            "common_shares": 2000000,
            "book_valuer_per_share": 33.15,
            "book_valuer_per_share_4q_avg": 32.23,
            "equity": 6766988,
            "current_ratio": 355.31,
            "debt_ratio": 18.15,
            "inventory_turnover_ratio": 1.34,
            "account_receivable_turnover_ratio": 3.9,
            "reinvestment_rate": 39.9,
            "research_to_sale_ratio": 1.59,
            "price_fair": 67.46,
            "eps_avg_yearly": 1.93,
            "eps_latest_yearly": 2.16,
            "eps_growth_yearly": 53.71
        }
    },
    "months": {
        "2003-11": {
            "month": "2003-11",
            "price": "25.03",
            "revenue": 340165
        },
        "2003-12": {
            "month": "2003-12",
            "price": "30.88",
            "revenue": 423290
        },
        "2004-01": {
            "month": "2004-01",
            "price": "31.91",
            "revenue": 365402
        },
        "2004-02": {
            "month": "2004-02",
            "price": "39.74",
            "revenue": 345659
        },
        "2004-03": {
            "month": "2004-03",
            "price": "47.48",
            "revenue": 315011
        },
        "2004-04": {
            "month": "2004-04",
            "price": "42.92",
            "revenue": 342681
        },
        "2004-05": {
            "month": "2004-05",
            "price": "41.03",
            "revenue": 307866
        },
        "2004-06": {
            "month": "2004-06",
            "price": "39.68",
            "revenue": 294965
        },
        "2004-07": {
            "month": "2004-07",
            "price": "38.48",
            "revenue": 298626
        },
        "2004-08": {
            "month": "2004-08",
            "price": "35.42",
            "revenue": 281089
        },
        "2004-09": {
            "month": "2004-09",
            "price": "39.51",
            "revenue": 270516
        },
        "2004-10": {
            "month": "2004-10",
            "price": "36.98",
            "revenue": 284804
        },
        "2004-11": {
            "month": "2004-11",
            "price": "37.00",
            "revenue": 308802
        },
        "2004-12": {
            "month": "2004-12",
            "price": "38.06",
            "revenue": 319518
        },
        "2005-01": {
            "month": "2005-01",
            "price": "37.54",
            "revenue": 276929
        },
        "2005-02": {
            "month": "2005-02",
            "price": "36.72",
            "revenue": 200962
        },
        "2005-03": {
            "month": "2005-03",
            "price": "34.90",
            "revenue": 267975
        },
        "2005-04": {
            "month": "2005-04",
            "price": "31.67",
            "revenue": 294188
        },
        "2005-05": {
            "month": "2005-05",
            "price": "31.85",
            "revenue": 247747
        },
        "2005-06": {
            "month": "2005-06",
            "price": "32.09",
            "revenue": 212123
        },
        "2005-07": {
            "month": "2005-07",
            "price": "32.04",
            "revenue": 219599
        },
        "2005-08": {
            "month": "2005-08",
            "price": "25.27",
            "revenue": 244378
        },
        "2005-09": {
            "month": "2005-09",
            "price": "23.64",
            "revenue": 260516
        },
        "2005-10": {
            "month": "2005-10",
            "price": "23.36",
            "revenue": 212294
        },
        "2005-11": {
            "month": "2005-11",
            "price": "21.20",
            "revenue": 229633
        },
        "2005-12": {
            "month": "2005-12",
            "price": "19.58",
            "revenue": 272675
        },
        "2006-01": {
            "month": "2006-01",
            "price": "19.00",
            "revenue": 250957
        },
        "2006-02": {
            "month": "2006-02",
            "price": "19.45",
            "revenue": 211067
        },
        "2006-03": {
            "month": "2006-03",
            "price": "19.07",
            "revenue": 242232
        },
        "2006-04": {
            "month": "2006-04",
            "price": "20.17",
            "revenue": 238992
        },
        "2006-05": {
            "month": "2006-05",
            "price": "22.47",
            "revenue": 282026
        },
        "2006-06": {
            "month": "2006-06",
            "price": "19.54",
            "revenue": 197241
        },
        "2006-07": {
            "month": "2006-07",
            "price": "19.79",
            "revenue": 211758
        },
        "2006-08": {
            "month": "2006-08",
            "price": "18.64",
            "revenue": 246577
        },
        "2006-09": {
            "month": "2006-09",
            "price": "17.02",
            "revenue": 210374
        },
        "2006-10": {
            "month": "2006-10",
            "price": "18.00",
            "revenue": 217604
        },
        "2006-11": {
            "month": "2006-11",
            "price": "18.52",
            "revenue": 208471
        },
        "2006-12": {
            "month": "2006-12",
            "price": "19.54",
            "revenue": 215509
        },
        "2007-01": {
            "month": "2007-01",
            "price": "19.17",
            "revenue": 185314
        },
        "2007-02": {
            "month": "2007-02",
            "price": "19.49",
            "revenue": 200041
        },
        "2007-03": {
            "month": "2007-03",
            "price": "19.15",
            "revenue": 199646
        },
        "2007-04": {
            "month": "2007-04",
            "price": "23.74",
            "revenue": 187571
        },
        "2007-05": {
            "month": "2007-05",
            "price": "25.52",
            "revenue": 181023
        },
        "2007-06": {
            "month": "2007-06",
            "price": "25.72",
            "revenue": 178444
        },
        "2007-07": {
            "month": "2007-07",
            "price": "32.27",
            "revenue": 181930
        },
        "2007-08": {
            "month": "2007-08",
            "price": "27.40",
            "revenue": 195457
        },
        "2007-09": {
            "month": "2007-09",
            "price": "26.97",
            "revenue": 172466
        },
        "2007-10": {
            "month": "2007-10",
            "price": "26.76",
            "revenue": 166792
        },
        "2007-11": {
            "month": "2007-11",
            "price": "23.82",
            "revenue": 165021
        },
        "2007-12": {
            "month": "2007-12",
            "price": "21.88",
            "revenue": 193068
        },
        "2008-01": {
            "month": "2008-01",
            "price": "20.42",
            "revenue": 207728
        },
        "2008-02": {
            "month": "2008-02",
            "price": "23.91",
            "revenue": 156756
        },
        "2008-03": {
            "month": "2008-03",
            "price": "26.27",
            "revenue": 174401
        },
        "2008-04": {
            "month": "2008-04",
            "price": "26.74",
            "revenue": 184253
        },
        "2008-05": {
            "month": "2008-05",
            "price": "26.34",
            "revenue": 208787
        },
        "2008-06": {
            "month": "2008-06",
            "price": "22.55",
            "revenue": 178487
        },
        "2008-07": {
            "month": "2008-07",
            "price": "19.00",
            "revenue": 162877
        },
        "2008-08": {
            "month": "2008-08",
            "price": "17.97",
            "revenue": 162572
        },
        "2008-09": {
            "month": "2008-09",
            "price": "13.69",
            "revenue": 162361
        },
        "2008-10": {
            "month": "2008-10",
            "price": "11.16",
            "revenue": 160595
        },
        "2008-11": {
            "month": "2008-11",
            "price": "11.48",
            "revenue": 139728
        },
        "2008-12": {
            "month": "2008-12",
            "price": "12.95",
            "revenue": 161275
        },
        "2009-01": {
            "month": "2009-01",
            "price": "12.84",
            "revenue": 163007
        },
        "2009-02": {
            "month": "2009-02",
            "price": "12.06",
            "revenue": 155075
        },
        "2009-03": {
            "month": "2009-03",
            "price": "13.36",
            "revenue": 165188
        },
        "2009-04": {
            "month": "2009-04",
            "price": "15.43",
            "revenue": 176313
        },
        "2009-05": {
            "month": "2009-05",
            "price": "18.30",
            "revenue": 186526
        },
        "2009-06": {
            "month": "2009-06",
            "price": "20.55",
            "revenue": 169666
        },
        "2009-07": {
            "month": "2009-07",
            "price": "21.34",
            "revenue": 162549
        },
        "2009-08": {
            "month": "2009-08",
            "price": "20.40",
            "revenue": 156495
        },
        "2009-09": {
            "month": "2009-09",
            "price": "19.82",
            "revenue": 162383
        },
        "2009-10": {
            "month": "2009-10",
            "price": "20.19",
            "revenue": 181851
        },
        "2009-11": {
            "month": "2009-11",
            "price": "19.84",
            "revenue": 135269
        },
        "2009-12": {
            "month": "2009-12",
            "price": "20.48",
            "revenue": 165850
        },
        "2010-01": {
            "month": "2010-01",
            "price": "20.43",
            "revenue": 206576
        },
        "2010-02": {
            "month": "2010-02",
            "price": "18.71",
            "revenue": 132594
        },
        "2010-03": {
            "month": "2010-03",
            "price": "20.10",
            "revenue": 171055
        },
        "2010-04": {
            "month": "2010-04",
            "price": "20.48",
            "revenue": 191278
        },
        "2010-05": {
            "month": "2010-05",
            "price": "19.11",
            "revenue": 185894
        },
        "2010-06": {
            "month": "2010-06",
            "price": "19.01",
            "revenue": 175891
        },
        "2010-07": {
            "month": "2010-07",
            "price": "19.98",
            "revenue": 165871
        },
        "2010-08": {
            "month": "2010-08",
            "price": "21.46",
            "revenue": 185467
        },
        "2010-09": {
            "month": "2010-09",
            "price": "23.75",
            "revenue": 197714
        },
        "2010-10": {
            "month": "2010-10",
            "price": "26.06",
            "revenue": 177597
        },
        "2010-11": {
            "month": "2010-11",
            "price": "23.50",
            "revenue": 153809
        },
        "2010-12": {
            "month": "2010-12",
            "price": "23.99",
            "revenue": 207922
        },
        "2011-01": {
            "month": "2011-01",
            "price": "23.24",
            "revenue": 227778
        },
        "2011-02": {
            "month": "2011-02",
            "price": "22.25",
            "revenue": 165762
        },
        "2011-03": {
            "month": "2011-03",
            "price": "23.09",
            "revenue": 271508
        },
        "2011-04": {
            "month": "2011-04",
            "price": "24.98",
            "revenue": 187183
        },
        "2011-05": {
            "month": "2011-05",
            "price": "25.63",
            "revenue": 194045
        },
        "2011-06": {
            "month": "2011-06",
            "price": "24.21",
            "revenue": 173860
        },
        "2011-07": {
            "month": "2011-07",
            "price": "25.76",
            "revenue": 164190
        },
        "2011-08": {
            "month": "2011-08",
            "price": "30.57",
            "revenue": 195847
        },
        "2011-09": {
            "month": "2011-09",
            "price": "26.29",
            "revenue": 185384
        },
        "2011-10": {
            "month": "2011-10",
            "price": "24.21",
            "revenue": 186192
        },
        "2011-11": {
            "month": "2011-11",
            "price": "23.93",
            "revenue": 181726
        },
        "2011-12": {
            "month": "2011-12",
            "price": "21.12",
            "revenue": 163466
        },
        "2012-01": {
            "month": "2012-01",
            "price": "20.60",
            "revenue": 175294
        },
        "2012-02": {
            "month": "2012-02",
            "price": "23.89",
            "revenue": 183540
        },
        "2012-03": {
            "month": "2012-03",
            "price": "23.66",
            "revenue": 176673
        },
        "2012-04": {
            "month": "2012-04",
            "price": "21.30",
            "revenue": 189806
        },
        "2012-05": {
            "month": "2012-05",
            "price": "20.66",
            "revenue": 229356
        },
        "2012-06": {
            "month": "2012-06",
            "price": "20.51",
            "revenue": 196474
        },
        "2012-07": {
            "month": "2012-07",
            "price": "21.65",
            "revenue": 175357
        },
        "2012-08": {
            "month": "2012-08",
            "price": "22.82",
            "revenue": 190334
        },
        "2012-09": {
            "month": "2012-09",
            "price": "22.81",
            "revenue": 191541
        },
        "2012-10": {
            "month": "2012-10",
            "price": "21.52",
            "revenue": 186316
        },
        "2012-11": {
            "month": "2012-11",
            "price": "19.75",
            "revenue": 206006
        },
        "2012-12": {
            "month": "2012-12",
            "price": "20.87",
            "revenue": 191738
        },
        "2013-01": {
            "month": "2013-01",
            "price": "20.92",
            "revenue": 214216
        },
        "2013-02": {
            "month": "2013-02",
            "price": "20.68",
            "revenue": 162502
        },
        "2013-03": {
            "month": "2013-03",
            "price": "26.60",
            "revenue": 185832
        },
        "2013-04": {
            "month": "2013-04",
            "price": "28.36",
            "revenue": 196596
        },
        "2013-05": {
            "month": "2013-05",
            "price": "28.11",
            "revenue": 212403
        },
        "2013-06": {
            "month": "2013-06",
            "price": "25.08",
            "revenue": 204196
        },
        "2013-07": {
            "month": "2013-07",
            "price": "24.70",
            "revenue": 206681
        },
        "2013-08": {
            "month": "2013-08",
            "price": "25.47",
            "revenue": 202205
        },
        "2013-09": {
            "month": "2013-09",
            "price": "25.28",
            "revenue": 208795
        },
        "2013-10": {
            "month": "2013-10",
            "price": "25.68",
            "revenue": 208439
        },
        "2013-11": {
            "month": "2013-11",
            "price": "24.16",
            "revenue": 191553
        },
        "2013-12": {
            "month": "2013-12",
            "price": "24.92",
            "revenue": 215401
        },
        "2014-01": {
            "month": "2014-01",
            "price": "29.32",
            "revenue": 250417
        },
        "2014-02": {
            "month": "2014-02",
            "price": "28.63",
            "revenue": 184669
        },
        "2014-03": {
            "month": "2014-03",
            "price": "28.22",
            "revenue": 193529
        },
        "2014-04": {
            "month": "2014-04",
            "price": "27.40",
            "revenue": 202987
        },
        "2014-05": {
            "month": "2014-05",
            "price": "26.33",
            "revenue": 225221
        },
        "2014-06": {
            "month": "2014-06",
            "price": "27.47",
            "revenue": 216382
        },
        "2014-07": {
            "month": "2014-07",
            "price": "27.50",
            "revenue": 236215
        },
        "2014-08": {
            "month": "2014-08",
            "price": "26.18",
            "revenue": 216913
        },
        "2014-09": {
            "month": "2014-09",
            "price": "25.52",
            "revenue": 224005
        },
        "2014-10": {
            "month": "2014-10",
            "price": "23.97",
            "revenue": 219511
        },
        "2014-11": {
            "month": "2014-11",
            "price": "24.04",
            "revenue": 202217
        },
        "2014-12": {
            "month": "2014-12",
            "price": "24.43",
            "revenue": 225112
        },
        "2015-01": {
            "month": "2015-01",
            "price": "24.60",
            "revenue": 214387
        },
        "2015-02": {
            "month": "2015-02",
            "price": "25.12",
            "revenue": 188681
        },
        "2015-03": {
            "month": "2015-03",
            "price": "26.09",
            "revenue": 236281
        },
        "2015-04": {
            "month": "2015-04",
            "price": "26.37",
            "revenue": 223475
        },
        "2015-05": {
            "month": "2015-05",
            "price": "24.96",
            "revenue": 254553
        },
        "2015-06": {
            "month": "2015-06",
            "price": "23.59",
            "revenue": 250668
        },
        "2015-07": {
            "month": "2015-07",
            "price": "23.55",
            "revenue": 247934
        },
        "2015-08": {
            "month": "2015-08",
            "price": "21.64",
            "revenue": 246915
        },
        "2015-09": {
            "month": "2015-09",
            "price": "21.36",
            "revenue": 234238
        },
        "2015-10": {
            "month": "2015-10",
            "price": "24.00",
            "revenue": 241652
        },
        "2015-11": {
            "month": "2015-11",
            "price": "25.10",
            "revenue": 209149
        },
        "2015-12": {
            "month": "2015-12",
            "price": "26.58",
            "revenue": 213271
        },
        "2016-01": {
            "month": "2016-01",
            "price": "32.66",
            "revenue": 242196
        },
        "2016-02": {
            "month": "2016-02",
            "price": "31.45",
            "revenue": 182609
        },
        "2016-03": {
            "month": "2016-03",
            "price": "30.30",
            "revenue": 204287
        },
        "2016-04": {
            "month": "2016-04",
            "price": "27.73",
            "revenue": 222950
        },
        "2016-05": {
            "month": "2016-05",
            "price": "27.35",
            "revenue": 258687
        },
        "2016-06": {
            "month": "2016-06",
            "price": "29.40",
            "revenue": 247786
        },
        "2016-07": {
            "month": "2016-07",
            "price": "31.09",
            "revenue": 232073
        },
        "2016-08": {
            "month": "2016-08",
            "price": "30.22",
            "revenue": 270980
        },
        "2016-09": {
            "month": "2016-09",
            "price": "29.36",
            "revenue": 236086
        },
        "2016-10": {
            "month": "2016-10",
            "price": "30.01",
            "revenue": 225807
        },
        "2016-11": {
            "month": "2016-11",
            "price": "29.44",
            "revenue": 224075
        },
        "2016-12": {
            "month": "2016-12",
            "price": "29.59",
            "revenue": 207649
        },
        "2017-01": {
            "month": "2017-01",
            "price": "29.53",
            "revenue": 239319
        },
        "2017-02": {
            "month": "2017-02",
            "price": "30.91",
            "revenue": 181455
        },
        "2017-03": {
            "month": "2017-03",
            "price": "30.55",
            "revenue": 235049
        },
        "2017-04": {
            "month": "2017-04",
            "price": "30.56",
            "revenue": 233373
        },
        "2017-05": {
            "month": "2017-05",
            "price": "30.39",
            "revenue": 235649
        },
        "2017-06": {
            "month": "2017-06",
            "price": "30.38",
            "revenue": 225324
        },
        "2017-07": {
            "month": "2017-07",
            "price": "30.18",
            "revenue": 224692
        },
        "2017-08": {
            "month": "2017-08",
            "price": "29.39",
            "revenue": 252208
        },
        "2017-09": {
            "month": "2017-09",
            "price": "28.48",
            "revenue": 264766
        },
        "2017-10": {
            "month": "2017-10",
            "price": "28.23",
            "revenue": 220738
        },
        "2017-11": {
            "month": "2017-11",
            "price": "28.01",
            "revenue": 206891
        },
        "2017-12": {
            "month": "2017-12",
            "price": "27.74",
            "revenue": 237611
        },
        "2018-01": {
            "month": "2018-01",
            "price": "28.29",
            "revenue": 242652
        },
        "2018-02": {
            "month": "2018-02",
            "price": "27.68",
            "revenue": 185241
        },
        "2018-03": {
            "month": "2018-03",
            "price": "28.01",
            "revenue": 253495
        },
        "2018-04": {
            "month": "2018-04",
            "price": "28.38",
            "revenue": 213260
        },
        "2018-05": {
            "month": "2018-05",
            "price": "29.05",
            "revenue": 340986
        },
        "2018-06": {
            "month": "2018-06",
            "price": "29.92",
            "revenue": 282659
        },
        "2018-07": {
            "month": "2018-07",
            "price": "29.64",
            "revenue": 252460
        },
        "2018-08": {
            "month": "2018-08",
            "price": "30.82",
            "revenue": 265445
        },
        "2018-09": {
            "month": "2018-09",
            "price": "30.69",
            "revenue": 231095
        },
        "2018-10": {
            "month": "2018-10",
            "price": "30.17",
            "revenue": 250979
        },
        "2018-11": {
            "month": "2018-11",
            "price": "29.76",
            "revenue": 222741
        },
        "2018-12": {
            "month": "2018-12",
            "price": "29.89",
            "revenue": 260449
        },
        "2019-01": {
            "month": "2019-01",
            "price": "30.11",
            "revenue": 274611
        },
        "2019-02": {
            "month": "2019-02",
            "price": "31.03",
            "revenue": 164679
        },
        "2019-03": {
            "month": "2019-03",
            "price": "31.20",
            "revenue": 236758
        },
        "2019-04": {
            "month": "2019-04",
            "price": "31.70",
            "revenue": 228226
        },
        "2019-05": {
            "month": "2019-05",
            "price": "33.13",
            "revenue": 260904
        },
        "2019-06": {
            "month": "2019-06",
            "price": "33.78",
            "revenue": 229791
        },
        "2019-07": {
            "month": "2019-07",
            "price": "33.82",
            "revenue": 259498
        },
        "2019-08": {
            "month": "2019-08",
            "price": "33.38",
            "revenue": 258901
        },
        "2019-09": {
            "month": "2019-09",
            "price": "32.93",
            "revenue": 257599
        },
        "2019-10": {
            "month": "2019-10",
            "price": "32.25",
            "revenue": 242350
        },
        "2019-11": {
            "month": "2019-11",
            "price": "31.67",
            "revenue": 225411
        },
        "2019-12": {
            "month": "2019-12",
            "price": "32.31",
            "revenue": 268745
        },
        "2020-01": {
            "month": "2020-01",
            "price": "32.10",
            "revenue": 230456
        },
        "2020-02": {
            "month": "2020-02",
            "price": "32.03",
            "revenue": 233536
        },
        "2020-03": {
            "month": "2020-03",
            "price": "29.70",
            "revenue": 260465
        },
        "2020-04": {
            "month": "2020-04",
            "price": "30.19",
            "revenue": 264371
        },
        "2020-05": {
            "month": "2020-05",
            "price": "30.98",
            "revenue": 249085
        },
        "2020-06": {
            "month": "2020-06",
            "price": "31.38",
            "revenue": 277394
        },
        "2020-07": {
            "month": "2020-07",
            "price": "31.51",
            "revenue": 247573
        },
        "2020-08": {
            "month": "2020-08",
            "price": "31.66",
            "revenue": 257340
        },
        "2020-09": {
            "month": "2020-09",
            "price": "30.61",
            "revenue": 282412
        },
        "2020-10": {
            "month": "2020-10",
            "price": "32.18",
            "revenue": 232717
        },
        "2020-11": {
            "month": "2020-11",
            "price": "32.57",
            "revenue": 252684
        },
        "2020-12": {
            "month": "2020-12",
            "price": "32.64",
            "revenue": 380378
        },
        "2021-01": {
            "month": "2021-01",
            "price": "32.37",
            "revenue": 280603
        },
        "2021-02": {
            "month": "2021-02",
            "price": "32.22",
            "revenue": 219142
        },
        "2021-03": {
            "month": "2021-03",
            "price": "32.98",
            "revenue": 290340
        },
        "2021-04": {
            "month": "2021-04",
            "price": "34.27",
            "revenue": 309644
        },
        "2021-05": {
            "month": "2021-05",
            "price": "32.42",
            "revenue": 362608
        },
        "2021-06": {
            "month": "2021-06",
            "price": "32.45",
            "revenue": 313844
        },
        "2021-07": {
            "month": "2021-07",
            "price": "32.36",
            "revenue": 315171
        },
        "2021-08": {
            "month": "2021-08",
            "price": "32.41",
            "revenue": 364313
        },
        "2021-09": {
            "month": "2021-09",
            "price": "33.06",
            "revenue": 444550
        },
        "2021-10": {
            "month": "2021-10",
            "price": "33.40",
            "revenue": 394956
        },
        "2021-11": {
            "month": "2021-11",
            "price": "33.23",
            "revenue": 252705
        },
        "2021-12": {
            "month": "2021-12",
            "price": "33.20",
            "revenue": 547775
        },
        "2022-01": {
            "month": "2022-01",
            "price": "33.29",
            "revenue": 339010
        },
        "2022-02": {
            "month": "2022-02",
            "price": "33.66",
            "revenue": 212495
        },
        "2022-03": {
            "month": "2022-03",
            "price": "33.94",
            "revenue": 371648
        },
        "2022-04": {
            "month": "2022-04",
            "price": "34.38",
            "revenue": 300262
        },
        "2022-05": {
            "month": "2022-05",
            "price": "33.83",
            "revenue": 296471
        },
        "2022-06": {
            "month": "2022-06",
            "price": "33.31",
            "revenue": 276814
        },
        "2022-07": {
            "month": "2022-07",
            "price": "33.27",
            "revenue": 305192
        },
        "2022-08": {
            "month": "2022-08",
            "price": "33.77",
            "revenue": 334505
        },
        "2022-09": {
            "month": "2022-09",
            "price": "32.53",
            "revenue": 332826
        },
        "2022-10": {
            "month": "2022-10",
            "price": "30.77",
            "revenue": 300649
        },
        "2022-11": {
            "month": "2022-11",
            "price": "31.15",
            "revenue": 273311
        },
        "2022-12": {
            "month": "2022-12",
            "price": "32.15",
            "revenue": 268302
        },
        "2023-01": {
            "month": "2023-01",
            "price": "32.40",
            "revenue": 320289
        },
        "2023-02": {
            "month": "2023-02",
            "price": "32.80",
            "revenue": 250507
        },
        "2023-03": {
            "month": "2023-03",
            "price": "33.35",
            "revenue": 294205
        },
        "2023-04": {
            "month": "2023-04",
            "price": "33.58",
            "revenue": 260635
        }
    }
}
