{
    "summary": {
        "stock_name": "台蠟",
        "stock_id": "1742",
        "category": "化工",
        "main_business": "軟蠟、硬蠟、凡士林原料、配方蠟及製蠟特用化學品之開發、製造<br>各種水產品批發銷售<br>太陽能光電設備建造買賣",
        "website_url": "http://www.wax.com.tw/",
        "ceo": "傅振祥",
        "pe_ratio": -14,
        "report_year_from": 2001,
        "report_year_to": 2023,
        "age": 22,
        "eps_negative_percentage": 32,
        "eps_growth_avg": {
            "last_all": -28.03,
            "last_2y": -100,
            "last_4y": -100,
            "last_8y": -100,
            "last_12y": -73.78,
            "last_16y": -47.43,
            "last_20y": null,
            "at_2006_last_3y": 39.02,
            "at_2007_last_3y": 34.19,
            "at_2008_last_3y": 5.58,
            "at_2009_last_3y": -1.32,
            "at_2010_last_3y": -6.17,
            "at_2011_last_3y": -29.87,
            "at_2012_last_3y": -35.04,
            "at_2013_last_3y": -54.12,
            "at_2014_last_3y": -74.58,
            "at_2015_last_3y": -67.57,
            "at_2016_last_3y": -100,
            "at_2017_last_3y": null,
            "at_2018_last_3y": -100,
            "at_2019_last_3y": -100,
            "at_2020_last_3y": -100,
            "at_2021_last_3y": -100,
            "at_2022_last_3y": -100,
            "at_2023_last_3y": -100,
            "at_2006_last_all": 39.02,
            "at_2007_last_all": 32.45,
            "at_2008_last_all": 24.64,
            "at_2009_last_all": 17.73,
            "at_2010_last_all": 16.42,
            "at_2011_last_all": 4.75,
            "at_2012_last_all": 0.76,
            "at_2013_last_all": -8.4,
            "at_2014_last_all": -8.4,
            "at_2015_last_all": -8.4,
            "at_2016_last_all": -8.4,
            "at_2017_last_all": -8.4,
            "at_2018_last_all": -16.03,
            "at_2019_last_all": -16.03,
            "at_2020_last_all": -22.49,
            "at_2021_last_all": -22.49,
            "at_2022_last_all": -28.03,
            "at_2023_last_all": -28.03
        },
        "latest_eps": -1.18,
        "latest_price": 16.65,
        "latest_roe": -8.07,
        "latest_gross_margin": 49.31,
        "latest_equity": 1291422,
        "latest_revenue": 104237,
        "latest_gross_profit": 51400,
        "latest_net_income": 25382,
        "latest_debt_ratio": 54.1,
        "latest_current_ratio": 145.99,
        "latest_account_receivable_turnover_ratio": 0.95,
        "latest_inventory_turnover_ratio": 0.95,
        "latest_reinvestment_rate": 108.97,
        "latest_research_to_sale_ratio": null
    },
    "eps_dividends": {
        "2001": {
            "cash": 0,
            "stock": 0,
            "eps": 0
        },
        "2002": {
            "cash": 0,
            "stock": 0,
            "eps": 0.51
        },
        "2003": {
            "cash": 0,
            "stock": 0,
            "eps": 0.64
        },
        "2004": {
            "cash": 0,
            "stock": 0,
            "eps": 3.32
        },
        "2005": {
            "cash": 0.24,
            "stock": 1.9,
            "eps": 3.45
        },
        "2006": {
            "cash": 1.77,
            "stock": 1,
            "eps": 4.37
        },
        "2007": {
            "cash": 2.15,
            "stock": 1.5,
            "eps": 4.64
        },
        "2008": {
            "cash": 2.78,
            "stock": 1,
            "eps": 3.97
        },
        "2009": {
            "cash": 2.65,
            "stock": 2,
            "eps": 3.03
        },
        "2010": {
            "cash": 0.13,
            "stock": 2.5,
            "eps": 3.25
        },
        "2011": {
            "cash": 0.2,
            "stock": 2.8,
            "eps": 0.37
        },
        "2012": {
            "cash": 0,
            "stock": 0,
            "eps": 0.24
        },
        "2013": {
            "cash": 0,
            "stock": 0,
            "eps": -0.43
        },
        "2014": {
            "cash": 0,
            "stock": 0,
            "eps": -0.96
        },
        "2015": {
            "cash": 0,
            "stock": 0,
            "eps": -1.91
        },
        "2016": {
            "cash": 0,
            "stock": 0,
            "eps": -2.28
        },
        "2017": {
            "cash": 0,
            "stock": 0,
            "eps": 0.15
        },
        "2018": {
            "cash": 0,
            "stock": 0,
            "eps": -1.92
        },
        "2019": {
            "cash": 0,
            "stock": 0,
            "eps": 0.91
        },
        "2020": {
            "cash": 0,
            "stock": 0,
            "eps": -0.08
        },
        "2021": {
            "cash": 0,
            "stock": 0,
            "eps": 4.7
        },
        "2022": {
            "cash": 0.2,
            "stock": 1.5,
            "eps": -1.28
        },
        "2023": {
            "cash": 0,
            "stock": 0,
            "eps": 0.27
        }
    },
    "dividends": {
        "2005-03-15": {
            "cash": 0.24,
            "stock": 1.9
        },
        "2006-03-31": {
            "cash": 1.77,
            "stock": 1
        },
        "2007-03-23": {
            "cash": 2.15,
            "stock": 1.5
        },
        "2008-03-28": {
            "cash": 2.78,
            "stock": 1
        },
        "2009-03-30": {
            "cash": 2.65,
            "stock": 2
        },
        "2010-03-30": {
            "cash": 0.13,
            "stock": 2.5
        },
        "2011-03-28": {
            "cash": 0.2,
            "stock": 2.8
        },
        "2022-11-18": {
            "cash": 0.2,
            "stock": 1.5
        }
    },
    "prices": {
        "200101": "無",
        "200102": "無",
        "200103": "無",
        "200104": "無",
        "200105": "無",
        "200106": "無",
        "200107": "無",
        "200108": "無",
        "200109": "無",
        "200110": "無",
        "200111": "無",
        "200112": "無",
        "200201": "無",
        "200202": "無",
        "200203": "無",
        "200204": "無",
        "200205": "無",
        "200206": "無",
        "200207": "無",
        "200208": "無",
        "200209": "無",
        "200210": "無",
        "200211": "無",
        "200212": "無",
        "200301": "無",
        "200302": "無",
        "200303": "無",
        "200304": "無",
        "200305": "無",
        "200306": "無",
        "200307": "無",
        "200308": "無",
        "200309": "15.57",
        "200310": "無",
        "200311": "13.60",
        "200312": "15.56",
        "200401": "19.68",
        "200402": "22.61",
        "200403": "22.44",
        "200404": "25.74",
        "200405": "20.78",
        "200406": "18.71",
        "200407": "17.52",
        "200408": "17.59",
        "200409": "20.20",
        "200410": "20.02",
        "200411": "21.10",
        "200412": "21.36",
        "200501": "21.22",
        "200502": "21.93",
        "200503": "23.13",
        "200504": "23.00",
        "200505": "23.47",
        "200506": "23.21",
        "200507": "23.00",
        "200508": "22.22",
        "200509": "19.72",
        "200510": "18.87",
        "200511": "16.53",
        "200512": "17.48",
        "200601": "18.06",
        "200602": "18.12",
        "200603": "18.65",
        "200604": "23.13",
        "200605": "29.94",
        "200606": "27.97",
        "200607": "30.48",
        "200608": "34.87",
        "200609": "29.19",
        "200610": "30.15",
        "200611": "33.81",
        "200612": "34.60",
        "200701": "35.60",
        "200702": "35.72",
        "200703": "36.70",
        "200704": "40.12",
        "200705": "43.84",
        "200706": "49.93",
        "200707": "53.70",
        "200708": "47.97",
        "200709": "43.89",
        "200710": "44.56",
        "200711": "43.22",
        "200712": "40.95",
        "200801": "40.56",
        "200802": "42.44",
        "200803": "45.54",
        "200804": "49.20",
        "200805": "50.95",
        "200806": "49.72",
        "200807": "47.37",
        "200808": "49.46",
        "200809": "43.25",
        "200810": "36.23",
        "200811": "36.15",
        "200812": "35.15",
        "200901": "30.77",
        "200902": "26.23",
        "200903": "26.64",
        "200904": "37.75",
        "200905": "39.18",
        "200906": "39.70",
        "200907": "40.67",
        "200908": "42.20",
        "200909": "45.25",
        "200910": "38.07",
        "200911": "37.15",
        "200912": "38.76",
        "201001": "39.96",
        "201002": "39.07",
        "201003": "43.99",
        "201004": "53.15",
        "201005": "49.87",
        "201006": "49.03",
        "201007": "50.78",
        "201008": "53.41",
        "201009": "45.49",
        "201010": "46.44",
        "201011": "46.40",
        "201012": "49.10",
        "201101": "50.76",
        "201102": "51.74",
        "201103": "51.18",
        "201104": "53.24",
        "201105": "48.20",
        "201106": "46.50",
        "201107": "42.46",
        "201108": "30.65",
        "201109": "24.02",
        "201110": "22.94",
        "201111": "20.44",
        "201112": "17.24",
        "201201": "18.02",
        "201202": "21.29",
        "201203": "19.78",
        "201204": "17.30",
        "201205": "16.28",
        "201206": "15.15",
        "201207": "15.32",
        "201208": "14.53",
        "201209": "15.48",
        "201210": "14.70",
        "201211": "12.92",
        "201212": "13.38",
        "201301": "14.61",
        "201302": "14.00",
        "201303": "16.44",
        "201304": "19.60",
        "201305": "18.97",
        "201306": "17.15",
        "201307": "17.42",
        "201308": "17.49",
        "201309": "16.80",
        "201310": "17.54",
        "201311": "18.30",
        "201312": "19.15",
        "201401": "22.97",
        "201402": "22.04",
        "201403": "21.84",
        "201404": "26.10",
        "201405": "32.04",
        "201406": "36.52",
        "201407": "33.08",
        "201408": "29.20",
        "201409": "27.19",
        "201410": "26.57",
        "201411": "25.00",
        "201412": "28.31",
        "201501": "26.46",
        "201502": "26.40",
        "201503": "27.44",
        "201504": "26.78",
        "201505": "24.32",
        "201506": "22.22",
        "201507": "21.11",
        "201508": "14.31",
        "201509": "13.16",
        "201510": "13.33",
        "201511": "12.83",
        "201512": "11.29",
        "201601": "10.87",
        "201602": "10.22",
        "201603": "11.87",
        "201604": "10.77",
        "201605": "9.24",
        "201606": "9.86",
        "201607": "11.46",
        "201608": "11.62",
        "201609": "13.54",
        "201610": "12.12",
        "201611": "11.83",
        "201612": "11.25",
        "201701": "11.18",
        "201702": "12.36",
        "201703": "11.88",
        "201704": "11.41",
        "201705": "10.49",
        "201706": "11.73",
        "201707": "10.95",
        "201708": "10.60",
        "201709": "10.68",
        "201710": "10.60",
        "201711": "10.58",
        "201712": "10.15",
        "201801": "10.14",
        "201802": "9.58",
        "201803": "14.03",
        "201804": "19.06",
        "201805": "19.40",
        "201806": "21.98",
        "201807": "21.70",
        "201808": "20.96",
        "201809": "19.69",
        "201810": "17.80",
        "201811": "17.41",
        "201812": "18.80",
        "201901": "18.57",
        "201902": "18.81",
        "201903": "19.36",
        "201904": "22.11",
        "201905": "21.08",
        "201906": "19.77",
        "201907": "19.07",
        "201908": "19.28",
        "201909": "20.58",
        "201910": "20.28",
        "201911": "20.47",
        "201912": "20.39",
        "202001": "20.55",
        "202002": "23.61",
        "202003": "20.48",
        "202004": "19.72",
        "202005": "22.29",
        "202006": "22.10",
        "202007": "21.30",
        "202008": "21.05",
        "202009": "21.70",
        "202010": "21.54",
        "202011": "20.87",
        "202012": "20.09",
        "202101": "19.26",
        "202102": "19.55",
        "202103": "18.13",
        "202104": "17.57",
        "202105": "16.16",
        "202106": "15.59",
        "202107": "19.16",
        "202108": "19.22",
        "202109": "18.92",
        "202110": "21.28",
        "202111": "19.50",
        "202112": "19.87",
        "202201": "19.62",
        "202202": "20.69",
        "202203": "21.53",
        "202204": "20.84",
        "202205": "20.91",
        "202206": "21.07",
        "202207": "20.75",
        "202208": "20.57",
        "202209": "20.56",
        "202210": "16.49",
        "202211": "15.30",
        "202212": "14.92",
        "202301": "14.52",
        "202302": "14.71",
        "202303": "15.27",
        "202304": "14.83",
        "202305": "16.14"
    },
    "quarters": {
        "20011": {
            "year_quarter": 20011,
            "year": 2001,
            "quarter": 1,
            "eps": null,
            "eps_growth_year": null,
            "eps_4q": null,
            "eps_4q_growth_year": null,
            "roe": null,
            "roe_4q": 0,
            "gross_profit": null,
            "gross_margin": null,
            "gross_margin_4q_avg": 0,
            "net_income": null,
            "revenue": null,
            "common_shares": null,
            "book_valuer_per_share": null,
            "book_valuer_per_share_4q_avg": 0,
            "equity": null,
            "current_ratio": null,
            "debt_ratio": null,
            "inventory_turnover_ratio": null,
            "account_receivable_turnover_ratio": null,
            "reinvestment_rate": null,
            "research_to_sale_ratio": null,
            "price_fair": 0,
            "eps_avg_yearly": 0,
            "eps_latest_yearly": 0,
            "eps_growth_yearly": 0
        },
        "20012": {
            "year_quarter": 20012,
            "year": 2001,
            "quarter": 2,
            "eps": null,
            "eps_growth_year": null,
            "eps_4q": null,
            "eps_4q_growth_year": null,
            "roe": null,
            "roe_4q": 0,
            "gross_profit": null,
            "gross_margin": null,
            "gross_margin_4q_avg": 0,
            "net_income": null,
            "revenue": null,
            "common_shares": null,
            "book_valuer_per_share": null,
            "book_valuer_per_share_4q_avg": 0,
            "equity": null,
            "current_ratio": null,
            "debt_ratio": null,
            "inventory_turnover_ratio": null,
            "account_receivable_turnover_ratio": null,
            "reinvestment_rate": null,
            "research_to_sale_ratio": null,
            "price_fair": 0,
            "eps_avg_yearly": 0,
            "eps_latest_yearly": 0,
            "eps_growth_yearly": 0
        },
        "20013": {
            "year_quarter": 20013,
            "year": 2001,
            "quarter": 3,
            "eps": null,
            "eps_growth_year": null,
            "eps_4q": null,
            "eps_4q_growth_year": null,
            "roe": null,
            "roe_4q": 0,
            "gross_profit": null,
            "gross_margin": null,
            "gross_margin_4q_avg": 0,
            "net_income": null,
            "revenue": null,
            "common_shares": null,
            "book_valuer_per_share": null,
            "book_valuer_per_share_4q_avg": 0,
            "equity": null,
            "current_ratio": null,
            "debt_ratio": null,
            "inventory_turnover_ratio": null,
            "account_receivable_turnover_ratio": null,
            "reinvestment_rate": null,
            "research_to_sale_ratio": null,
            "price_fair": 0,
            "eps_avg_yearly": 0,
            "eps_latest_yearly": 0,
            "eps_growth_yearly": 0
        },
        "20014": {
            "year_quarter": 20014,
            "year": 2001,
            "quarter": 4,
            "eps": null,
            "eps_growth_year": null,
            "eps_4q": null,
            "eps_4q_growth_year": null,
            "roe": null,
            "roe_4q": 0,
            "gross_profit": null,
            "gross_margin": null,
            "gross_margin_4q_avg": 0,
            "net_income": null,
            "revenue": null,
            "common_shares": 199000,
            "book_valuer_per_share": 9.3,
            "book_valuer_per_share_4q_avg": 2.33,
            "equity": 185126,
            "current_ratio": 118.54,
            "debt_ratio": 72.13,
            "inventory_turnover_ratio": null,
            "account_receivable_turnover_ratio": null,
            "reinvestment_rate": null,
            "research_to_sale_ratio": null,
            "price_fair": 0,
            "eps_avg_yearly": 0,
            "eps_latest_yearly": 0,
            "eps_growth_yearly": 0
        },
        "20021": {
            "year_quarter": 20021,
            "year": 2002,
            "quarter": 1,
            "eps": null,
            "eps_growth_year": null,
            "eps_4q": null,
            "eps_4q_growth_year": null,
            "roe": null,
            "roe_4q": 0,
            "gross_profit": null,
            "gross_margin": null,
            "gross_margin_4q_avg": 0,
            "net_income": null,
            "revenue": null,
            "common_shares": null,
            "book_valuer_per_share": null,
            "book_valuer_per_share_4q_avg": 2.33,
            "equity": null,
            "current_ratio": null,
            "debt_ratio": null,
            "inventory_turnover_ratio": null,
            "account_receivable_turnover_ratio": null,
            "reinvestment_rate": null,
            "research_to_sale_ratio": null,
            "price_fair": 0,
            "eps_avg_yearly": 0,
            "eps_latest_yearly": 0,
            "eps_growth_yearly": 0
        },
        "20022": {
            "year_quarter": 20022,
            "year": 2002,
            "quarter": 2,
            "eps": null,
            "eps_growth_year": null,
            "eps_4q": null,
            "eps_4q_growth_year": null,
            "roe": null,
            "roe_4q": 0,
            "gross_profit": null,
            "gross_margin": null,
            "gross_margin_4q_avg": 0,
            "net_income": null,
            "revenue": null,
            "common_shares": null,
            "book_valuer_per_share": null,
            "book_valuer_per_share_4q_avg": 2.33,
            "equity": null,
            "current_ratio": null,
            "debt_ratio": null,
            "inventory_turnover_ratio": null,
            "account_receivable_turnover_ratio": null,
            "reinvestment_rate": null,
            "research_to_sale_ratio": null,
            "price_fair": 0,
            "eps_avg_yearly": 0,
            "eps_latest_yearly": 0,
            "eps_growth_yearly": 0
        },
        "20023": {
            "year_quarter": 20023,
            "year": 2002,
            "quarter": 3,
            "eps": 0.54,
            "eps_growth_year": null,
            "eps_4q": null,
            "eps_4q_growth_year": null,
            "roe": 5.14,
            "roe_4q": 5.14,
            "gross_profit": 17487,
            "gross_margin": 10.47,
            "gross_margin_4q_avg": 2.62,
            "net_income": 10812,
            "revenue": 167025,
            "common_shares": 199000,
            "book_valuer_per_share": 10.56,
            "book_valuer_per_share_4q_avg": 4.97,
            "equity": 210174,
            "current_ratio": 100.88,
            "debt_ratio": 67.58,
            "inventory_turnover_ratio": 3.81,
            "account_receivable_turnover_ratio": null,
            "reinvestment_rate": null,
            "research_to_sale_ratio": null,
            "price_fair": 0,
            "eps_avg_yearly": 0,
            "eps_latest_yearly": 0,
            "eps_growth_yearly": 0
        },
        "20024": {
            "year_quarter": 20024,
            "year": 2002,
            "quarter": 4,
            "eps": -0.03,
            "eps_growth_year": null,
            "eps_4q": null,
            "eps_4q_growth_year": null,
            "roe": -0.32,
            "roe_4q": 4.819999999999999,
            "gross_profit": 13407,
            "gross_margin": 8.15,
            "gross_margin_4q_avg": 4.66,
            "net_income": -665,
            "revenue": 164563,
            "common_shares": 199000,
            "book_valuer_per_share": 10.53,
            "book_valuer_per_share_4q_avg": 5.27,
            "equity": 209509,
            "current_ratio": 105.05,
            "debt_ratio": 64.28,
            "inventory_turnover_ratio": 3.49,
            "account_receivable_turnover_ratio": null,
            "reinvestment_rate": null,
            "research_to_sale_ratio": null,
            "price_fair": 0,
            "eps_avg_yearly": 0,
            "eps_latest_yearly": 0,
            "eps_growth_yearly": 0
        },
        "20031": {
            "year_quarter": 20031,
            "year": 2003,
            "quarter": 1,
            "eps": null,
            "eps_growth_year": null,
            "eps_4q": null,
            "eps_4q_growth_year": null,
            "roe": null,
            "roe_4q": 4.819999999999999,
            "gross_profit": null,
            "gross_margin": null,
            "gross_margin_4q_avg": 4.66,
            "net_income": null,
            "revenue": null,
            "common_shares": null,
            "book_valuer_per_share": null,
            "book_valuer_per_share_4q_avg": 5.27,
            "equity": null,
            "current_ratio": null,
            "debt_ratio": null,
            "inventory_turnover_ratio": null,
            "account_receivable_turnover_ratio": null,
            "reinvestment_rate": null,
            "research_to_sale_ratio": null,
            "price_fair": 0,
            "eps_avg_yearly": 0,
            "eps_latest_yearly": 0,
            "eps_growth_yearly": 0
        },
        "20032": {
            "year_quarter": 20032,
            "year": 2003,
            "quarter": 2,
            "eps": null,
            "eps_growth_year": null,
            "eps_4q": null,
            "eps_4q_growth_year": null,
            "roe": null,
            "roe_4q": 4.819999999999999,
            "gross_profit": null,
            "gross_margin": null,
            "gross_margin_4q_avg": 4.66,
            "net_income": null,
            "revenue": null,
            "common_shares": null,
            "book_valuer_per_share": null,
            "book_valuer_per_share_4q_avg": 5.27,
            "equity": null,
            "current_ratio": null,
            "debt_ratio": null,
            "inventory_turnover_ratio": null,
            "account_receivable_turnover_ratio": null,
            "reinvestment_rate": null,
            "research_to_sale_ratio": null,
            "price_fair": 0,
            "eps_avg_yearly": 0,
            "eps_latest_yearly": 0,
            "eps_growth_yearly": 0
        },
        "20033": {
            "year_quarter": 20033,
            "year": 2003,
            "quarter": 3,
            "eps": 0.36,
            "eps_growth_year": -33.33,
            "eps_4q": null,
            "eps_4q_growth_year": null,
            "roe": 2.89,
            "roe_4q": 2.5700000000000003,
            "gross_profit": 18383,
            "gross_margin": 9.41,
            "gross_margin_4q_avg": 4.39,
            "net_income": 7146,
            "revenue": 195415,
            "common_shares": 199000,
            "book_valuer_per_share": 12.41,
            "book_valuer_per_share_4q_avg": 5.74,
            "equity": 246865,
            "current_ratio": 113.14,
            "debt_ratio": 52.98,
            "inventory_turnover_ratio": 4.27,
            "account_receivable_turnover_ratio": null,
            "reinvestment_rate": null,
            "research_to_sale_ratio": null,
            "price_fair": 0,
            "eps_avg_yearly": 0,
            "eps_latest_yearly": 0,
            "eps_growth_yearly": 0
        },
        "20034": {
            "year_quarter": 20034,
            "year": 2003,
            "quarter": 4,
            "eps": 0.28,
            "eps_growth_year": null,
            "eps_4q": null,
            "eps_4q_growth_year": null,
            "roe": 2.2,
            "roe_4q": 5.09,
            "gross_profit": 18335,
            "gross_margin": 10.46,
            "gross_margin_4q_avg": 4.97,
            "net_income": 5490,
            "revenue": 175223,
            "common_shares": 199000,
            "book_valuer_per_share": 12.68,
            "book_valuer_per_share_4q_avg": 6.27,
            "equity": 252354,
            "current_ratio": 111.76,
            "debt_ratio": 50.98,
            "inventory_turnover_ratio": 4.06,
            "account_receivable_turnover_ratio": null,
            "reinvestment_rate": null,
            "research_to_sale_ratio": null,
            "price_fair": 3.36,
            "eps_avg_yearly": 1.12,
            "eps_latest_yearly": 1.12,
            "eps_growth_yearly": -88.89
        },
        "20041": {
            "year_quarter": 20041,
            "year": 2004,
            "quarter": 1,
            "eps": 0.7,
            "eps_growth_year": null,
            "eps_4q": null,
            "eps_4q_growth_year": null,
            "roe": 5.38,
            "roe_4q": 10.47,
            "gross_profit": 28786,
            "gross_margin": 16.21,
            "gross_margin_4q_avg": 9.02,
            "net_income": 13954,
            "revenue": 177579,
            "common_shares": 199000,
            "book_valuer_per_share": 13.38,
            "book_valuer_per_share_4q_avg": 9.62,
            "equity": 266308,
            "current_ratio": 118.61,
            "debt_ratio": 48.85,
            "inventory_turnover_ratio": 3.78,
            "account_receivable_turnover_ratio": null,
            "reinvestment_rate": null,
            "research_to_sale_ratio": null,
            "price_fair": 68.6,
            "eps_avg_yearly": 1.96,
            "eps_latest_yearly": 2.8,
            "eps_growth_yearly": 255.56
        },
        "20042": {
            "year_quarter": 20042,
            "year": 2004,
            "quarter": 2,
            "eps": 0.9,
            "eps_growth_year": null,
            "eps_4q": 2.23,
            "eps_4q_growth_year": null,
            "roe": 6.51,
            "roe_4q": 16.98,
            "gross_profit": 35720,
            "gross_margin": 16.93,
            "gross_margin_4q_avg": 13.25,
            "net_income": 17931,
            "revenue": 211033,
            "common_shares": 199000,
            "book_valuer_per_share": 14.28,
            "book_valuer_per_share_4q_avg": 13.19,
            "equity": 284238,
            "current_ratio": 129.96,
            "debt_ratio": 47.2,
            "inventory_turnover_ratio": 3.56,
            "account_receivable_turnover_ratio": null,
            "reinvestment_rate": null,
            "research_to_sale_ratio": null,
            "price_fair": 87.73,
            "eps_avg_yearly": 2.51,
            "eps_latest_yearly": 3.6,
            "eps_growth_yearly": 208.47
        },
        "20043": {
            "year_quarter": 20043,
            "year": 2004,
            "quarter": 3,
            "eps": 1,
            "eps_growth_year": 177.78,
            "eps_4q": 2.89,
            "eps_4q_growth_year": null,
            "roe": 6.73,
            "roe_4q": 20.82,
            "gross_profit": 37651,
            "gross_margin": 15.29,
            "gross_margin_4q_avg": 14.72,
            "net_income": 19803,
            "revenue": 246257,
            "common_shares": 199000,
            "book_valuer_per_share": 15.28,
            "book_valuer_per_share_4q_avg": 13.91,
            "equity": 304041,
            "current_ratio": 143.01,
            "debt_ratio": 44.83,
            "inventory_turnover_ratio": 4.01,
            "account_receivable_turnover_ratio": null,
            "reinvestment_rate": null,
            "research_to_sale_ratio": null,
            "price_fair": 100.8,
            "eps_avg_yearly": 2.88,
            "eps_latest_yearly": 4,
            "eps_growth_yearly": 167.46
        },
        "20044": {
            "year_quarter": 20044,
            "year": 2004,
            "quarter": 4,
            "eps": 0.72,
            "eps_growth_year": 157.14,
            "eps_4q": 3.33,
            "eps_4q_growth_year": null,
            "roe": 4.58,
            "roe_4q": 23.2,
            "gross_profit": 31881,
            "gross_margin": 16.23,
            "gross_margin_4q_avg": 16.17,
            "net_income": 14263,
            "revenue": 196447,
            "common_shares": 199000,
            "book_valuer_per_share": 16,
            "book_valuer_per_share_4q_avg": 14.74,
            "equity": 318305,
            "current_ratio": 140.23,
            "debt_ratio": 42.65,
            "inventory_turnover_ratio": 3.22,
            "account_receivable_turnover_ratio": null,
            "reinvestment_rate": null,
            "research_to_sale_ratio": null,
            "price_fair": 100.8,
            "eps_avg_yearly": 2.88,
            "eps_latest_yearly": 2.88,
            "eps_growth_yearly": 111.57
        },
        "20051": {
            "year_quarter": 20051,
            "year": 2005,
            "quarter": 1,
            "eps": 0.99,
            "eps_growth_year": 41.43,
            "eps_4q": 3.61,
            "eps_4q_growth_year": null,
            "roe": 5.98,
            "roe_4q": 23.799999999999997,
            "gross_profit": 38057,
            "gross_margin": 19.07,
            "gross_margin_4q_avg": 16.88,
            "net_income": 19615,
            "revenue": 199547,
            "common_shares": 199000,
            "book_valuer_per_share": 16.98,
            "book_valuer_per_share_4q_avg": 15.64,
            "equity": 337920,
            "current_ratio": 137.17,
            "debt_ratio": 39.73,
            "inventory_turnover_ratio": 2.64,
            "account_receivable_turnover_ratio": null,
            "reinvestment_rate": null,
            "research_to_sale_ratio": null,
            "price_fair": 107.1,
            "eps_avg_yearly": 3.06,
            "eps_latest_yearly": 3.96,
            "eps_growth_yearly": 117.97
        },
        "20052": {
            "year_quarter": 20052,
            "year": 2005,
            "quarter": 2,
            "eps": 0.85,
            "eps_growth_year": -5.56,
            "eps_4q": 3.56,
            "eps_4q_growth_year": 59.39,
            "roe": 4.79,
            "roe_4q": 22.08,
            "gross_profit": 29912,
            "gross_margin": 14.49,
            "gross_margin_4q_avg": 16.27,
            "net_income": 16826,
            "revenue": 206436,
            "common_shares": 199000,
            "book_valuer_per_share": 18.31,
            "book_valuer_per_share_4q_avg": 16.64,
            "equity": 364338,
            "current_ratio": 143.59,
            "debt_ratio": 34.62,
            "inventory_turnover_ratio": 2.2,
            "account_receivable_turnover_ratio": null,
            "reinvestment_rate": null,
            "research_to_sale_ratio": null,
            "price_fair": 108.8,
            "eps_avg_yearly": 3.11,
            "eps_latest_yearly": 3.4,
            "eps_growth_yearly": 93.04
        },
        "20053": {
            "year_quarter": 20053,
            "year": 2005,
            "quarter": 3,
            "eps": 0.6,
            "eps_growth_year": -40,
            "eps_4q": 2.73,
            "eps_4q_growth_year": -5.47,
            "roe": 3.85,
            "roe_4q": 19.200000000000003,
            "gross_profit": 34146,
            "gross_margin": 14.08,
            "gross_margin_4q_avg": 15.97,
            "net_income": 14286,
            "revenue": 242581,
            "common_shares": 237679,
            "book_valuer_per_share": 15.93,
            "book_valuer_per_share_4q_avg": 16.81,
            "equity": 378623,
            "current_ratio": 156.81,
            "debt_ratio": 32.31,
            "inventory_turnover_ratio": 2.37,
            "account_receivable_turnover_ratio": null,
            "reinvestment_rate": null,
            "research_to_sale_ratio": null,
            "price_fair": 105.7,
            "eps_avg_yearly": 3.02,
            "eps_latest_yearly": 2.4,
            "eps_growth_yearly": 66.7
        },
        "20054": {
            "year_quarter": 20054,
            "year": 2005,
            "quarter": 4,
            "eps": 1.01,
            "eps_growth_year": 40.28,
            "eps_4q": 3.14,
            "eps_4q_growth_year": -5.76,
            "roe": 6.16,
            "roe_4q": 20.78,
            "gross_profit": 47557,
            "gross_margin": 20.07,
            "gross_margin_4q_avg": 16.93,
            "net_income": 24081,
            "revenue": 236964,
            "common_shares": 237679,
            "book_valuer_per_share": 16.94,
            "book_valuer_per_share_4q_avg": 17.04,
            "equity": 402704,
            "current_ratio": 155.6,
            "debt_ratio": 35.25,
            "inventory_turnover_ratio": 1.78,
            "account_receivable_turnover_ratio": null,
            "reinvestment_rate": null,
            "research_to_sale_ratio": null,
            "price_fair": 109.67,
            "eps_avg_yearly": 3.13,
            "eps_latest_yearly": 4.04,
            "eps_growth_yearly": 89.66
        },
        "20061": {
            "year_quarter": 20061,
            "year": 2006,
            "quarter": 1,
            "eps": 1.18,
            "eps_growth_year": 19.19,
            "eps_4q": 3.5,
            "eps_4q_growth_year": -3.14,
            "roe": 6.73,
            "roe_4q": 21.53,
            "gross_profit": 54692,
            "gross_margin": 21.7,
            "gross_margin_4q_avg": 17.59,
            "net_income": 28063,
            "revenue": 252077,
            "common_shares": 237679,
            "book_valuer_per_share": 18.12,
            "book_valuer_per_share_4q_avg": 17.33,
            "equity": 430767,
            "current_ratio": 159.51,
            "debt_ratio": 37.09,
            "inventory_turnover_ratio": 1.31,
            "account_receivable_turnover_ratio": null,
            "reinvestment_rate": null,
            "research_to_sale_ratio": null,
            "price_fair": 115.22,
            "eps_avg_yearly": 3.29,
            "eps_latest_yearly": 4.72,
            "eps_growth_yearly": 87.43
        },
        "20062": {
            "year_quarter": 20062,
            "year": 2006,
            "quarter": 2,
            "eps": 1.17,
            "eps_growth_year": 37.65,
            "eps_4q": 3.96,
            "eps_4q_growth_year": 11.25,
            "roe": 6.57,
            "roe_4q": 23.310000000000002,
            "gross_profit": 59891,
            "gross_margin": 18.51,
            "gross_margin_4q_avg": 18.59,
            "net_income": 27834,
            "revenue": 323520,
            "common_shares": 237679,
            "book_valuer_per_share": 17.52,
            "book_valuer_per_share_4q_avg": 17.13,
            "equity": 416532,
            "current_ratio": 129.43,
            "debt_ratio": 45.48,
            "inventory_turnover_ratio": 1.49,
            "account_receivable_turnover_ratio": null,
            "reinvestment_rate": null,
            "research_to_sale_ratio": null,
            "price_fair": 119.64,
            "eps_avg_yearly": 3.42,
            "eps_latest_yearly": 4.68,
            "eps_growth_yearly": 79.17
        },
        "20063": {
            "year_quarter": 20063,
            "year": 2006,
            "quarter": 3,
            "eps": 1.34,
            "eps_growth_year": 123.33,
            "eps_4q": 4.39,
            "eps_4q_growth_year": 60.89,
            "roe": 8.1,
            "roe_4q": 27.56,
            "gross_profit": 68911,
            "gross_margin": 20.01,
            "gross_margin_4q_avg": 20.07,
            "net_income": 35120,
            "revenue": 344303,
            "common_shares": 262791,
            "book_valuer_per_share": 17.16,
            "book_valuer_per_share_4q_avg": 17.44,
            "equity": 450899,
            "current_ratio": 145.74,
            "debt_ratio": 38.75,
            "inventory_turnover_ratio": 1.53,
            "account_receivable_turnover_ratio": null,
            "reinvestment_rate": null,
            "research_to_sale_ratio": null,
            "price_fair": 125.3,
            "eps_avg_yearly": 3.58,
            "eps_latest_yearly": 5.36,
            "eps_growth_yearly": 77.42
        },
        "20064": {
            "year_quarter": 20064,
            "year": 2006,
            "quarter": 4,
            "eps": 0.68,
            "eps_growth_year": -32.67,
            "eps_4q": 4.16,
            "eps_4q_growth_year": 32.52,
            "roe": 3.87,
            "roe_4q": 25.27,
            "gross_profit": 51229,
            "gross_margin": 17.73,
            "gross_margin_4q_avg": 19.49,
            "net_income": 17795,
            "revenue": 288947,
            "common_shares": 262791,
            "book_valuer_per_share": 17.87,
            "book_valuer_per_share_4q_avg": 17.67,
            "equity": 469645,
            "current_ratio": 162.02,
            "debt_ratio": 34.26,
            "inventory_turnover_ratio": 1.41,
            "account_receivable_turnover_ratio": null,
            "reinvestment_rate": null,
            "research_to_sale_ratio": null,
            "price_fair": 122.98,
            "eps_avg_yearly": 3.51,
            "eps_latest_yearly": 2.72,
            "eps_growth_yearly": 56.31
        },
        "20071": {
            "year_quarter": 20071,
            "year": 2007,
            "quarter": 1,
            "eps": 1.25,
            "eps_growth_year": 5.93,
            "eps_4q": 4.32,
            "eps_4q_growth_year": 23.51,
            "roe": 6.75,
            "roe_4q": 25.29,
            "gross_profit": 62203,
            "gross_margin": 23.88,
            "gross_margin_4q_avg": 20.03,
            "net_income": 32837,
            "revenue": 260462,
            "common_shares": 262791,
            "book_valuer_per_share": 19.13,
            "book_valuer_per_share_4q_avg": 17.92,
            "equity": 502750,
            "current_ratio": 160.43,
            "debt_ratio": 36.35,
            "inventory_turnover_ratio": 1.15,
            "account_receivable_turnover_ratio": null,
            "reinvestment_rate": null,
            "research_to_sale_ratio": null,
            "price_fair": 126.7,
            "eps_avg_yearly": 3.62,
            "eps_latest_yearly": 5,
            "eps_growth_yearly": 76.24
        },
        "20072": {
            "year_quarter": 20072,
            "year": 2007,
            "quarter": 2,
            "eps": 1.39,
            "eps_growth_year": 18.8,
            "eps_4q": 4.66,
            "eps_4q_growth_year": 17.63,
            "roe": 7.4,
            "roe_4q": 26.119999999999997,
            "gross_profit": 81687,
            "gross_margin": 24.27,
            "gross_margin_4q_avg": 21.47,
            "net_income": 36440,
            "revenue": 336545,
            "common_shares": 262791,
            "book_valuer_per_share": 18.36,
            "book_valuer_per_share_4q_avg": 18.13,
            "equity": 482498,
            "current_ratio": 144.24,
            "debt_ratio": 41.12,
            "inventory_turnover_ratio": 1.39,
            "account_receivable_turnover_ratio": null,
            "reinvestment_rate": 101.53,
            "research_to_sale_ratio": null,
            "price_fair": 131.23,
            "eps_avg_yearly": 3.75,
            "eps_latest_yearly": 5.56,
            "eps_growth_yearly": 74.14
        },
        "20073": {
            "year_quarter": 20073,
            "year": 2007,
            "quarter": 3,
            "eps": 1.41,
            "eps_growth_year": 5.22,
            "eps_4q": 4.27,
            "eps_4q_growth_year": -2.73,
            "roe": 8.51,
            "roe_4q": 26.53,
            "gross_profit": 75248,
            "gross_margin": 21.47,
            "gross_margin_4q_avg": 21.84,
            "net_income": 42902,
            "revenue": 350449,
            "common_shares": 304167,
            "book_valuer_per_share": 17.27,
            "book_valuer_per_share_4q_avg": 18.16,
            "equity": 525318,
            "current_ratio": 149.93,
            "debt_ratio": 36.13,
            "inventory_turnover_ratio": 1.57,
            "account_receivable_turnover_ratio": null,
            "reinvestment_rate": -10.72,
            "research_to_sale_ratio": null,
            "price_fair": 135.36,
            "eps_avg_yearly": 3.87,
            "eps_latest_yearly": 5.64,
            "eps_growth_yearly": 69.87
        },
        "20074": {
            "year_quarter": 20074,
            "year": 2007,
            "quarter": 4,
            "eps": 0.59,
            "eps_growth_year": -13.24,
            "eps_4q": 4.26,
            "eps_4q_growth_year": 2.49,
            "roe": 3.37,
            "roe_4q": 26.03,
            "gross_profit": 69279,
            "gross_margin": 21.58,
            "gross_margin_4q_avg": 22.8,
            "net_income": 18027,
            "revenue": 320980,
            "common_shares": 304167,
            "book_valuer_per_share": 17.86,
            "book_valuer_per_share_4q_avg": 18.16,
            "equity": 543268,
            "current_ratio": 182.47,
            "debt_ratio": 29.29,
            "inventory_turnover_ratio": 1.54,
            "account_receivable_turnover_ratio": null,
            "reinvestment_rate": -8.41,
            "research_to_sale_ratio": null,
            "price_fair": 138.08,
            "eps_avg_yearly": 3.95,
            "eps_latest_yearly": 2.36,
            "eps_growth_yearly": 60.88
        },
        "20081": {
            "year_quarter": 20081,
            "year": 2008,
            "quarter": 1,
            "eps": 1.32,
            "eps_growth_year": 5.6,
            "eps_4q": 4.52,
            "eps_4q_growth_year": 4.51,
            "roe": 7.13,
            "roe_4q": 26.409999999999997,
            "gross_profit": 79179,
            "gross_margin": 23.1,
            "gross_margin_4q_avg": 22.61,
            "net_income": 40180,
            "revenue": 342751,
            "common_shares": 304167,
            "book_valuer_per_share": 19.18,
            "book_valuer_per_share_4q_avg": 18.17,
            "equity": 583409,
            "current_ratio": 164.71,
            "debt_ratio": 37.78,
            "inventory_turnover_ratio": 1.31,
            "account_receivable_turnover_ratio": null,
            "reinvestment_rate": -8.4,
            "research_to_sale_ratio": null,
            "price_fair": 143.5,
            "eps_avg_yearly": 4.1,
            "eps_latest_yearly": 5.28,
            "eps_growth_yearly": 54.31
        },
        "20082": {
            "year_quarter": 20082,
            "year": 2008,
            "quarter": 2,
            "eps": 0.31,
            "eps_growth_year": -77.7,
            "eps_4q": 3.59,
            "eps_4q_growth_year": -23.05,
            "roe": 1.75,
            "roe_4q": 20.759999999999998,
            "gross_profit": 106446,
            "gross_margin": 25.31,
            "gross_margin_4q_avg": 22.87,
            "net_income": 9566,
            "revenue": 420539,
            "common_shares": 304167,
            "book_valuer_per_share": 16.71,
            "book_valuer_per_share_4q_avg": 17.76,
            "equity": 508415,
            "current_ratio": 130.63,
            "debt_ratio": 47.66,
            "inventory_turnover_ratio": 1.13,
            "account_receivable_turnover_ratio": null,
            "reinvestment_rate": -9.11,
            "research_to_sale_ratio": null,
            "price_fair": 138.34,
            "eps_avg_yearly": 3.95,
            "eps_latest_yearly": 1.24,
            "eps_growth_yearly": 28.04
        },
        "20083": {
            "year_quarter": 20083,
            "year": 2008,
            "quarter": 3,
            "eps": 1.81,
            "eps_growth_year": 28.37,
            "eps_4q": 3.82,
            "eps_4q_growth_year": -10.54,
            "roe": 11.31,
            "roe_4q": 23.560000000000002,
            "gross_profit": 124119,
            "gross_margin": 23.95,
            "gross_margin_4q_avg": 23.49,
            "net_income": 60990,
            "revenue": 518162,
            "common_shares": 336930,
            "book_valuer_per_share": 16.91,
            "book_valuer_per_share_4q_avg": 17.67,
            "equity": 569701,
            "current_ratio": 146.19,
            "debt_ratio": 44.87,
            "inventory_turnover_ratio": 1.11,
            "account_receivable_turnover_ratio": null,
            "reinvestment_rate": -8.89,
            "research_to_sale_ratio": null,
            "price_fair": 145.43,
            "eps_avg_yearly": 4.16,
            "eps_latest_yearly": 7.24,
            "eps_growth_yearly": 146.23
        },
        "20084": {
            "year_quarter": 20084,
            "year": 2008,
            "quarter": 4,
            "eps": 0.53,
            "eps_growth_year": -10.17,
            "eps_4q": 3.8,
            "eps_4q_growth_year": -10.72,
            "roe": 3.1,
            "roe_4q": 23.29,
            "gross_profit": 43771,
            "gross_margin": 15.25,
            "gross_margin_4q_avg": 21.9,
            "net_income": 17923,
            "revenue": 286997,
            "common_shares": 336930,
            "book_valuer_per_share": 17.44,
            "book_valuer_per_share_4q_avg": 17.56,
            "equity": 587648,
            "current_ratio": 166.15,
            "debt_ratio": 37.71,
            "inventory_turnover_ratio": 0.64,
            "account_receivable_turnover_ratio": 6.62,
            "reinvestment_rate": -8.26,
            "research_to_sale_ratio": null,
            "price_fair": 143.76,
            "eps_avg_yearly": 4.11,
            "eps_latest_yearly": 2.12,
            "eps_growth_yearly": 135.55
        },
        "20091": {
            "year_quarter": 20091,
            "year": 2009,
            "quarter": 1,
            "eps": 0.25,
            "eps_growth_year": -81.06,
            "eps_4q": 2.86,
            "eps_4q_growth_year": -36.71,
            "roe": 1.43,
            "roe_4q": 17.59,
            "gross_profit": 22772,
            "gross_margin": 21.98,
            "gross_margin_4q_avg": 21.62,
            "net_income": 8475,
            "revenue": 103602,
            "common_shares": 336930,
            "book_valuer_per_share": 17.69,
            "book_valuer_per_share_4q_avg": 17.19,
            "equity": 596016,
            "current_ratio": 193.54,
            "debt_ratio": 32.14,
            "inventory_turnover_ratio": 0.24,
            "account_receivable_turnover_ratio": 1.21,
            "reinvestment_rate": -8.8,
            "research_to_sale_ratio": null,
            "price_fair": 137.29,
            "eps_avg_yearly": 3.92,
            "eps_latest_yearly": 1,
            "eps_growth_yearly": 112.97
        },
        "20092": {
            "year_quarter": 20092,
            "year": 2009,
            "quarter": 2,
            "eps": 1.07,
            "eps_growth_year": 245.16,
            "eps_4q": 3.66,
            "eps_4q_growth_year": 1.91,
            "roe": 6.35,
            "roe_4q": 22.189999999999998,
            "gross_profit": 66297,
            "gross_margin": 24.64,
            "gross_margin_4q_avg": 21.46,
            "net_income": 36170,
            "revenue": 269069,
            "common_shares": 336930,
            "book_valuer_per_share": 16.12,
            "book_valuer_per_share_4q_avg": 17.04,
            "equity": 543031,
            "current_ratio": 160.55,
            "debt_ratio": 38.16,
            "inventory_turnover_ratio": 0.65,
            "account_receivable_turnover_ratio": 2.72,
            "reinvestment_rate": -3.7,
            "research_to_sale_ratio": null,
            "price_fair": 139.21,
            "eps_avg_yearly": 3.98,
            "eps_latest_yearly": 4.28,
            "eps_growth_yearly": 198.51
        },
        "20093": {
            "year_quarter": 20093,
            "year": 2009,
            "quarter": 3,
            "eps": 1.05,
            "eps_growth_year": -41.99,
            "eps_4q": 2.9,
            "eps_4q_growth_year": -24.06,
            "roe": 6.33,
            "roe_4q": 17.21,
            "gross_profit": 69917,
            "gross_margin": 21.91,
            "gross_margin_4q_avg": 20.95,
            "net_income": 35477,
            "revenue": 319174,
            "common_shares": 336930,
            "book_valuer_per_share": 17.17,
            "book_valuer_per_share_4q_avg": 17.11,
            "equity": 578508,
            "current_ratio": 161.3,
            "debt_ratio": 36.47,
            "inventory_turnover_ratio": 0.88,
            "account_receivable_turnover_ratio": 3.21,
            "reinvestment_rate": -4.11,
            "research_to_sale_ratio": null,
            "price_fair": 143.15,
            "eps_avg_yearly": 4.09,
            "eps_latest_yearly": 4.2,
            "eps_growth_yearly": 205.39
        },
        "20094": {
            "year_quarter": 20094,
            "year": 2009,
            "quarter": 4,
            "eps": 0.66,
            "eps_growth_year": 24.53,
            "eps_4q": 2.64,
            "eps_4q_growth_year": -30.54,
            "roe": 4.52,
            "roe_4q": 18.63,
            "gross_profit": 71148,
            "gross_margin": 19.44,
            "gross_margin_4q_avg": 21.99,
            "net_income": 26725,
            "revenue": 366040,
            "common_shares": 404316,
            "book_valuer_per_share": 14.96,
            "book_valuer_per_share_4q_avg": 16.49,
            "equity": 605052,
            "current_ratio": 167.15,
            "debt_ratio": 35.89,
            "inventory_turnover_ratio": 1,
            "account_receivable_turnover_ratio": 6.92,
            "reinvestment_rate": 20.8,
            "research_to_sale_ratio": null,
            "price_fair": 140.09,
            "eps_avg_yearly": 4,
            "eps_latest_yearly": 2.64,
            "eps_growth_yearly": 179.02
        },
        "20101": {
            "year_quarter": 20101,
            "year": 2010,
            "quarter": 1,
            "eps": 1.37,
            "eps_growth_year": 448,
            "eps_4q": 3.8,
            "eps_4q_growth_year": 32.88,
            "roe": 8.37,
            "roe_4q": 25.57,
            "gross_profit": 95995,
            "gross_margin": 20.28,
            "gross_margin_4q_avg": 21.57,
            "net_income": 55287,
            "revenue": 473301,
            "common_shares": 404316,
            "book_valuer_per_share": 0,
            "book_valuer_per_share_4q_avg": 12.06,
            "equity": 716739,
            "current_ratio": 179.81,
            "debt_ratio": 32.56,
            "inventory_turnover_ratio": 1.21,
            "account_receivable_turnover_ratio": 3.92,
            "reinvestment_rate": 29.53,
            "research_to_sale_ratio": 0.35,
            "price_fair": 141.75,
            "eps_avg_yearly": 4.05,
            "eps_latest_yearly": 5.48,
            "eps_growth_yearly": 201.71
        },
        "20102": {
            "year_quarter": 20102,
            "year": 2010,
            "quarter": 2,
            "eps": 1.2,
            "eps_growth_year": 12.39,
            "eps_4q": 3.53,
            "eps_4q_growth_year": -3.5,
            "roe": 8.49,
            "roe_4q": 27.71,
            "gross_profit": 117168,
            "gross_margin": 22.72,
            "gross_margin_4q_avg": 21.09,
            "net_income": 60780,
            "revenue": 515618,
            "common_shares": 404316,
            "book_valuer_per_share": 0,
            "book_valuer_per_share_4q_avg": 8.03,
            "equity": 715561,
            "current_ratio": 224,
            "debt_ratio": 29.4,
            "inventory_turnover_ratio": 1.42,
            "account_receivable_turnover_ratio": 3.51,
            "reinvestment_rate": 20.94,
            "research_to_sale_ratio": 0.52,
            "price_fair": 142.01,
            "eps_avg_yearly": 4.06,
            "eps_latest_yearly": 4.8,
            "eps_growth_yearly": 198.82
        },
        "20103": {
            "year_quarter": 20103,
            "year": 2010,
            "quarter": 3,
            "eps": 1.26,
            "eps_growth_year": 20.02,
            "eps_4q": 4.09,
            "eps_4q_growth_year": 40.79,
            "roe": 8.53,
            "roe_4q": 29.91,
            "gross_profit": 109826,
            "gross_margin": 23.1,
            "gross_margin_4q_avg": 21.39,
            "net_income": 63690,
            "revenue": 475437,
            "common_shares": 505395,
            "book_valuer_per_share": 0,
            "book_valuer_per_share_4q_avg": 3.74,
            "equity": 778475,
            "current_ratio": 257.37,
            "debt_ratio": 26.31,
            "inventory_turnover_ratio": 1.46,
            "account_receivable_turnover_ratio": 3.44,
            "reinvestment_rate": 20.56,
            "research_to_sale_ratio": 0.42,
            "price_fair": 141.31,
            "eps_avg_yearly": 4.04,
            "eps_latest_yearly": 5.04,
            "eps_growth_yearly": 196.44
        },
        "20104": {
            "year_quarter": 20104,
            "year": 2010,
            "quarter": 4,
            "eps": -0.58,
            "eps_growth_year": -188.37,
            "eps_4q": 2.97,
            "eps_4q_growth_year": 12.52,
            "roe": -3.65,
            "roe_4q": 21.74,
            "gross_profit": 47427,
            "gross_margin": 5.4,
            "gross_margin_4q_avg": 17.88,
            "net_income": -29478,
            "revenue": 877550,
            "common_shares": 505395,
            "book_valuer_per_share": 16.3,
            "book_valuer_per_share_4q_avg": 4.08,
            "equity": 838001,
            "current_ratio": 155.35,
            "debt_ratio": 43.73,
            "inventory_turnover_ratio": 2.62,
            "account_receivable_turnover_ratio": 4.81,
            "reinvestment_rate": 54.35,
            "research_to_sale_ratio": 0.16,
            "price_fair": 144.39,
            "eps_avg_yearly": 4.13,
            "eps_latest_yearly": 5.04,
            "eps_growth_yearly": 222.67
        },
        "20111": {
            "year_quarter": 20111,
            "year": 2011,
            "quarter": 1,
            "eps": 0.38,
            "eps_growth_year": -72.26,
            "eps_4q": 2.26,
            "eps_4q_growth_year": -40.48,
            "roe": 2.26,
            "roe_4q": 15.629999999999999,
            "gross_profit": 73438,
            "gross_margin": 14.04,
            "gross_margin_4q_avg": 16.32,
            "net_income": 19570,
            "revenue": 523120,
            "common_shares": 505395,
            "book_valuer_per_share": 17.46,
            "book_valuer_per_share_4q_avg": 8.44,
            "equity": 897636,
            "current_ratio": 176.41,
            "debt_ratio": 38.03,
            "inventory_turnover_ratio": 1.1,
            "account_receivable_turnover_ratio": 2.18,
            "reinvestment_rate": 44.26,
            "research_to_sale_ratio": 0.37,
            "price_fair": 142.2,
            "eps_avg_yearly": 4.06,
            "eps_latest_yearly": 5.04,
            "eps_growth_yearly": 214.62
        },
        "20112": {
            "year_quarter": 20112,
            "year": 2011,
            "quarter": 2,
            "eps": 0.13,
            "eps_growth_year": -88.84,
            "eps_4q": 0.96,
            "eps_4q_growth_year": -72.73,
            "roe": 0.69,
            "roe_4q": 7.829999999999999,
            "gross_profit": 52846,
            "gross_margin": 10.07,
            "gross_margin_4q_avg": 13.15,
            "net_income": 6166,
            "revenue": 524724,
            "common_shares": 505395,
            "book_valuer_per_share": 17.2,
            "book_valuer_per_share_4q_avg": 12.74,
            "equity": 881943,
            "current_ratio": 165.67,
            "debt_ratio": 39.54,
            "inventory_turnover_ratio": 1.04,
            "account_receivable_turnover_ratio": 2.63,
            "reinvestment_rate": 48.83,
            "research_to_sale_ratio": 0.33,
            "price_fair": 129.6,
            "eps_avg_yearly": 3.7,
            "eps_latest_yearly": 0.52,
            "eps_growth_yearly": 192.62
        },
        "20113": {
            "year_quarter": 20113,
            "year": 2011,
            "quarter": 3,
            "eps": -0.19,
            "eps_growth_year": -115.45,
            "eps_4q": -0.22,
            "eps_4q_growth_year": -105.32,
            "roe": -1.46,
            "roe_4q": -2.16,
            "gross_profit": 29767,
            "gross_margin": 6.62,
            "gross_margin_4q_avg": 9.03,
            "net_income": -12626,
            "revenue": 449361,
            "common_shares": 646905,
            "book_valuer_per_share": 12.92,
            "book_valuer_per_share_4q_avg": 15.97,
            "equity": 848317,
            "current_ratio": 173.79,
            "debt_ratio": 37.41,
            "inventory_turnover_ratio": 0.88,
            "account_receivable_turnover_ratio": 3.14,
            "reinvestment_rate": 46.47,
            "research_to_sale_ratio": 0.39,
            "price_fair": 124.38,
            "eps_avg_yearly": 3.55,
            "eps_latest_yearly": 0.52,
            "eps_growth_yearly": 207
        },
        "20114": {
            "year_quarter": 20114,
            "year": 2011,
            "quarter": 4,
            "eps": 0.05,
            "eps_growth_year": null,
            "eps_4q": 0.29,
            "eps_4q_growth_year": -90.34,
            "roe": 0.57,
            "roe_4q": 2.0599999999999996,
            "gross_profit": 31381,
            "gross_margin": 8.51,
            "gross_margin_4q_avg": 9.81,
            "net_income": 4871,
            "revenue": 368861,
            "common_shares": 646906,
            "book_valuer_per_share": 12.95,
            "book_valuer_per_share_4q_avg": 15.13,
            "equity": 850911,
            "current_ratio": 189.42,
            "debt_ratio": 37.71,
            "inventory_turnover_ratio": 0.78,
            "account_receivable_turnover_ratio": 2.51,
            "reinvestment_rate": 65.69,
            "research_to_sale_ratio": 0.58,
            "price_fair": 127.87,
            "eps_avg_yearly": 3.65,
            "eps_latest_yearly": 0.52,
            "eps_growth_yearly": 243.63
        },
        "20121": {
            "year_quarter": 20121,
            "year": 2012,
            "quarter": 1,
            "eps": -0.2,
            "eps_growth_year": -152.63,
            "eps_4q": -0.21,
            "eps_4q_growth_year": -109.16,
            "roe": -1.42,
            "roe_4q": -1.62,
            "gross_profit": 6851,
            "gross_margin": 1.89,
            "gross_margin_4q_avg": 6.77,
            "net_income": -11955,
            "revenue": 362997,
            "common_shares": 646906,
            "book_valuer_per_share": 12.74,
            "book_valuer_per_share_4q_avg": 13.95,
            "equity": 837990,
            "current_ratio": 162.13,
            "debt_ratio": 43.16,
            "inventory_turnover_ratio": 0.91,
            "account_receivable_turnover_ratio": 2.14,
            "reinvestment_rate": 74.08,
            "research_to_sale_ratio": 0.36,
            "price_fair": 122.69,
            "eps_avg_yearly": 3.51,
            "eps_latest_yearly": 0.52,
            "eps_growth_yearly": 220.79
        },
        "20122": {
            "year_quarter": 20122,
            "year": 2012,
            "quarter": 2,
            "eps": 0.04,
            "eps_growth_year": -73.76,
            "eps_4q": -0.31,
            "eps_4q_growth_year": -131.82,
            "roe": 0.27,
            "roe_4q": -2.04,
            "gross_profit": 27570,
            "gross_margin": 7.56,
            "gross_margin_4q_avg": 6.15,
            "net_income": 2384,
            "revenue": 364850,
            "common_shares": 646906,
            "book_valuer_per_share": 13.9,
            "book_valuer_per_share_4q_avg": 13.13,
            "equity": 913278,
            "current_ratio": 165.26,
            "debt_ratio": 38.01,
            "inventory_turnover_ratio": 0.83,
            "account_receivable_turnover_ratio": 2.42,
            "reinvestment_rate": 77.27,
            "research_to_sale_ratio": 0.26,
            "price_fair": 130.62,
            "eps_avg_yearly": 3.73,
            "eps_latest_yearly": 0.52,
            "eps_growth_yearly": 273.48
        },
        "20123": {
            "year_quarter": 20123,
            "year": 2012,
            "quarter": 3,
            "eps": -0.12,
            "eps_growth_year": null,
            "eps_4q": -0.23,
            "eps_4q_growth_year": null,
            "roe": -0.79,
            "roe_4q": -1.37,
            "gross_profit": 16480,
            "gross_margin": 6.41,
            "gross_margin_4q_avg": 6.09,
            "net_income": -7199,
            "revenue": 257170,
            "common_shares": 646906,
            "book_valuer_per_share": 13.8,
            "book_valuer_per_share_4q_avg": 13.35,
            "equity": 907054,
            "current_ratio": 193.38,
            "debt_ratio": 32.21,
            "inventory_turnover_ratio": 0.6,
            "account_receivable_turnover_ratio": 2.43,
            "reinvestment_rate": 88.96,
            "research_to_sale_ratio": 0.57,
            "price_fair": 116.98,
            "eps_avg_yearly": 3.34,
            "eps_latest_yearly": 0.52,
            "eps_growth_yearly": 88.81
        },
        "20124": {
            "year_quarter": 20124,
            "year": 2012,
            "quarter": 4,
            "eps": 0.52,
            "eps_growth_year": 954.95,
            "eps_4q": 0.24,
            "eps_4q_growth_year": -16.68,
            "roe": 3.73,
            "roe_4q": 1.79,
            "gross_profit": -14174,
            "gross_margin": -4.06,
            "gross_margin_4q_avg": 2.95,
            "net_income": 33039,
            "revenue": 349087,
            "common_shares": 646906,
            "book_valuer_per_share": 13.13,
            "book_valuer_per_share_4q_avg": 13.39,
            "equity": 863127,
            "current_ratio": 185.46,
            "debt_ratio": 35.68,
            "inventory_turnover_ratio": 1,
            "account_receivable_turnover_ratio": 2.97,
            "reinvestment_rate": 82.57,
            "research_to_sale_ratio": 0.48,
            "price_fair": 122.33,
            "eps_avg_yearly": 3.5,
            "eps_latest_yearly": 0.52,
            "eps_growth_yearly": 135.27
        },
        "20131": {
            "year_quarter": 20131,
            "year": 2013,
            "quarter": 1,
            "eps": 0.11,
            "eps_growth_year": null,
            "eps_4q": 0.54,
            "eps_4q_growth_year": null,
            "roe": 0.81,
            "roe_4q": 4.02,
            "gross_profit": 33901,
            "gross_margin": 7.34,
            "gross_margin_4q_avg": 4.31,
            "net_income": 6955,
            "revenue": 461600,
            "common_shares": 646906,
            "book_valuer_per_share": 13.12,
            "book_valuer_per_share_4q_avg": 13.49,
            "equity": 862725,
            "current_ratio": 167.19,
            "debt_ratio": 38.36,
            "inventory_turnover_ratio": 1.34,
            "account_receivable_turnover_ratio": 2.44,
            "reinvestment_rate": 87.39,
            "research_to_sale_ratio": 0.27,
            "price_fair": 119.88,
            "eps_avg_yearly": 3.43,
            "eps_latest_yearly": 0.44,
            "eps_growth_yearly": 122.26
        },
        "20132": {
            "year_quarter": 20132,
            "year": 2013,
            "quarter": 2,
            "eps": -0.2,
            "eps_growth_year": -668.21,
            "eps_4q": 0.31,
            "eps_4q_growth_year": null,
            "roe": -1.52,
            "roe_4q": 2.23,
            "gross_profit": 8517,
            "gross_margin": 2.45,
            "gross_margin_4q_avg": 3.04,
            "net_income": -13008,
            "revenue": 347288,
            "common_shares": 646906,
            "book_valuer_per_share": 12.93,
            "book_valuer_per_share_4q_avg": 13.25,
            "equity": 850166,
            "current_ratio": 204.36,
            "debt_ratio": 29.81,
            "inventory_turnover_ratio": 1.3,
            "account_receivable_turnover_ratio": 1.93,
            "reinvestment_rate": 101.13,
            "research_to_sale_ratio": 0.35,
            "price_fair": 9.91,
            "eps_avg_yearly": 3.3,
            "eps_latest_yearly": 0.44,
            "eps_growth_yearly": -47.7
        },
        "20133": {
            "year_quarter": 20133,
            "year": 2013,
            "quarter": 3,
            "eps": -0.09,
            "eps_growth_year": null,
            "eps_4q": 0.34,
            "eps_4q_growth_year": null,
            "roe": -0.64,
            "roe_4q": 2.38,
            "gross_profit": 12478,
            "gross_margin": 3.21,
            "gross_margin_4q_avg": 2.24,
            "net_income": -5465,
            "revenue": 388564,
            "common_shares": 646906,
            "book_valuer_per_share": 12.85,
            "book_valuer_per_share_4q_avg": 13.01,
            "equity": 845350,
            "current_ratio": 204.99,
            "debt_ratio": 28.77,
            "inventory_turnover_ratio": 1.87,
            "account_receivable_turnover_ratio": 2.61,
            "reinvestment_rate": 115.35,
            "research_to_sale_ratio": 0.42,
            "price_fair": 9.46,
            "eps_avg_yearly": 3.15,
            "eps_latest_yearly": 0.44,
            "eps_growth_yearly": -54.41
        },
        "20134": {
            "year_quarter": 20134,
            "year": 2013,
            "quarter": 4,
            "eps": -0.25,
            "eps_growth_year": -148.3,
            "eps_4q": -0.43,
            "eps_4q_growth_year": -278.13,
            "roe": -1.91,
            "roe_4q": -3.2600000000000002,
            "gross_profit": 3616,
            "gross_margin": 1.02,
            "gross_margin_4q_avg": 3.51,
            "net_income": -16005,
            "revenue": 353904,
            "common_shares": 646906,
            "book_valuer_per_share": 12.58,
            "book_valuer_per_share_4q_avg": 12.87,
            "equity": 828093,
            "current_ratio": 226.37,
            "debt_ratio": 25.91,
            "inventory_turnover_ratio": 1.88,
            "account_receivable_turnover_ratio": 2.4,
            "reinvestment_rate": 83.99,
            "research_to_sale_ratio": 0.41,
            "price_fair": 9.77,
            "eps_avg_yearly": 3.26,
            "eps_latest_yearly": 0.44,
            "eps_growth_yearly": -35.57
        },
        "20141": {
            "year_quarter": 20141,
            "year": 2014,
            "quarter": 1,
            "eps": -0.22,
            "eps_growth_year": -300,
            "eps_4q": -0.75,
            "eps_4q_growth_year": -238.43,
            "roe": -1.76,
            "roe_4q": -5.83,
            "gross_profit": 4034,
            "gross_margin": 1.25,
            "gross_margin_4q_avg": 1.98,
            "net_income": -14449,
            "revenue": 322846,
            "common_shares": 646906,
            "book_valuer_per_share": 12.36,
            "book_valuer_per_share_4q_avg": 12.68,
            "equity": 813307,
            "current_ratio": 179.21,
            "debt_ratio": 33.48,
            "inventory_turnover_ratio": 1.26,
            "account_receivable_turnover_ratio": 2.72,
            "reinvestment_rate": 77.69,
            "research_to_sale_ratio": 0.46,
            "price_fair": 8.1,
            "eps_avg_yearly": 2.7,
            "eps_latest_yearly": 0.44,
            "eps_growth_yearly": -152.04
        },
        "20142": {
            "year_quarter": 20142,
            "year": 2014,
            "quarter": 2,
            "eps": -0.48,
            "eps_growth_year": null,
            "eps_4q": -1.03,
            "eps_4q_growth_year": -432.12,
            "roe": -3.92,
            "roe_4q": -8.23,
            "gross_profit": -1340,
            "gross_margin": -0.38,
            "gross_margin_4q_avg": 1.28,
            "net_income": -31004,
            "revenue": 355050,
            "common_shares": 646906,
            "book_valuer_per_share": 11.89,
            "book_valuer_per_share_4q_avg": 12.42,
            "equity": 768915,
            "current_ratio": 185.94,
            "debt_ratio": 39.97,
            "inventory_turnover_ratio": 1.13,
            "account_receivable_turnover_ratio": 3.38,
            "reinvestment_rate": -17.98,
            "research_to_sale_ratio": 0.49,
            "price_fair": 6,
            "eps_avg_yearly": 2,
            "eps_latest_yearly": 0.44,
            "eps_growth_yearly": -186.18
        },
        "20143": {
            "year_quarter": 20143,
            "year": 2014,
            "quarter": 3,
            "eps": -0.17,
            "eps_growth_year": null,
            "eps_4q": -1.11,
            "eps_4q_growth_year": -428.87,
            "roe": -1.46,
            "roe_4q": -9.049999999999999,
            "gross_profit": 9618,
            "gross_margin": 3.03,
            "gross_margin_4q_avg": 1.23,
            "net_income": -11113,
            "revenue": 317111,
            "common_shares": 646906,
            "book_valuer_per_share": 11.73,
            "book_valuer_per_share_4q_avg": 12.14,
            "equity": 758500,
            "current_ratio": 165.08,
            "debt_ratio": 38.7,
            "inventory_turnover_ratio": 0.95,
            "account_receivable_turnover_ratio": 2.39,
            "reinvestment_rate": null,
            "research_to_sale_ratio": 0.51,
            "price_fair": 1.44,
            "eps_avg_yearly": 0.48,
            "eps_latest_yearly": 0.44,
            "eps_growth_yearly": -289.27
        },
        "20144": {
            "year_quarter": 20144,
            "year": 2014,
            "quarter": 4,
            "eps": -0.09,
            "eps_growth_year": null,
            "eps_4q": -0.95,
            "eps_4q_growth_year": null,
            "roe": -0.75,
            "roe_4q": -7.89,
            "gross_profit": 12909,
            "gross_margin": 6.03,
            "gross_margin_4q_avg": 2.48,
            "net_income": -5655,
            "revenue": 214103,
            "common_shares": 646906,
            "book_valuer_per_share": 11.63,
            "book_valuer_per_share_4q_avg": 11.9,
            "equity": 752392,
            "current_ratio": 199.57,
            "debt_ratio": 30.81,
            "inventory_turnover_ratio": 0.62,
            "account_receivable_turnover_ratio": 1.68,
            "reinvestment_rate": null,
            "research_to_sale_ratio": 0.44,
            "price_fair": 1.44,
            "eps_avg_yearly": 0.48,
            "eps_latest_yearly": 0.44,
            "eps_growth_yearly": -289.27
        },
        "20151": {
            "year_quarter": 20151,
            "year": 2015,
            "quarter": 1,
            "eps": -0.3,
            "eps_growth_year": null,
            "eps_4q": -1.03,
            "eps_4q_growth_year": null,
            "roe": -2.58,
            "roe_4q": -8.71,
            "gross_profit": -4551,
            "gross_margin": -3.12,
            "gross_margin_4q_avg": 1.39,
            "net_income": -19205,
            "revenue": 145865,
            "common_shares": 646906,
            "book_valuer_per_share": 11.38,
            "book_valuer_per_share_4q_avg": 11.66,
            "equity": 735928,
            "current_ratio": 175.31,
            "debt_ratio": 35.64,
            "inventory_turnover_ratio": 0.41,
            "account_receivable_turnover_ratio": 1.71,
            "reinvestment_rate": null,
            "research_to_sale_ratio": 0.72,
            "price_fair": 1.44,
            "eps_avg_yearly": 0.48,
            "eps_latest_yearly": 0.44,
            "eps_growth_yearly": -289.27
        },
        "20152": {
            "year_quarter": 20152,
            "year": 2015,
            "quarter": 2,
            "eps": -0.76,
            "eps_growth_year": null,
            "eps_4q": -1.32,
            "eps_4q_growth_year": null,
            "roe": -6.95,
            "roe_4q": -11.740000000000002,
            "gross_profit": 4,
            "gross_margin": 0,
            "gross_margin_4q_avg": 1.49,
            "net_income": -49404,
            "revenue": 187029,
            "common_shares": 646906,
            "book_valuer_per_share": 10.59,
            "book_valuer_per_share_4q_avg": 11.33,
            "equity": 684976,
            "current_ratio": 181.22,
            "debt_ratio": 34.06,
            "inventory_turnover_ratio": 0.48,
            "account_receivable_turnover_ratio": 2.77,
            "reinvestment_rate": null,
            "research_to_sale_ratio": 0.76,
            "price_fair": 1.32,
            "eps_avg_yearly": 0.44,
            "eps_latest_yearly": 0.44,
            "eps_growth_yearly": -315.38
        },
        "20153": {
            "year_quarter": 20153,
            "year": 2015,
            "quarter": 3,
            "eps": -0.47,
            "eps_growth_year": null,
            "eps_4q": -1.62,
            "eps_4q_growth_year": null,
            "roe": -4.5,
            "roe_4q": -14.78,
            "gross_profit": -2527,
            "gross_margin": -1.73,
            "gross_margin_4q_avg": 0.3,
            "net_income": -30239,
            "revenue": 145885,
            "common_shares": 646906,
            "book_valuer_per_share": 10.19,
            "book_valuer_per_share_4q_avg": 10.95,
            "equity": 659035,
            "current_ratio": 153.45,
            "debt_ratio": 39.86,
            "inventory_turnover_ratio": 0.42,
            "account_receivable_turnover_ratio": 1.98,
            "reinvestment_rate": null,
            "research_to_sale_ratio": 0.8,
            "price_fair": 1.32,
            "eps_avg_yearly": 0.44,
            "eps_latest_yearly": 0.44,
            "eps_growth_yearly": -315.38
        },
        "20154": {
            "year_quarter": 20154,
            "year": 2015,
            "quarter": 4,
            "eps": -0.38,
            "eps_growth_year": null,
            "eps_4q": -1.91,
            "eps_4q_growth_year": null,
            "roe": -3.8,
            "roe_4q": -17.83,
            "gross_profit": -559,
            "gross_margin": -0.33,
            "gross_margin_4q_avg": -1.3,
            "net_income": -24584,
            "revenue": 168098,
            "common_shares": 646906,
            "book_valuer_per_share": 9.83,
            "book_valuer_per_share_4q_avg": 10.5,
            "equity": 635886,
            "current_ratio": 149.87,
            "debt_ratio": 40.83,
            "inventory_turnover_ratio": 0.51,
            "account_receivable_turnover_ratio": 2.58,
            "reinvestment_rate": null,
            "research_to_sale_ratio": 0.7,
            "price_fair": 1.32,
            "eps_avg_yearly": 0.44,
            "eps_latest_yearly": 0.44,
            "eps_growth_yearly": -315.38
        },
        "20161": {
            "year_quarter": 20161,
            "year": 2016,
            "quarter": 1,
            "eps": -0.25,
            "eps_growth_year": null,
            "eps_4q": -1.87,
            "eps_4q_growth_year": null,
            "roe": -2.62,
            "roe_4q": -17.87,
            "gross_profit": 7087,
            "gross_margin": 4.32,
            "gross_margin_4q_avg": 0.57,
            "net_income": -16450,
            "revenue": 164003,
            "common_shares": 646906,
            "book_valuer_per_share": 9.56,
            "book_valuer_per_share_4q_avg": 10.04,
            "equity": 618536,
            "current_ratio": 148.54,
            "debt_ratio": 40.84,
            "inventory_turnover_ratio": 0.53,
            "account_receivable_turnover_ratio": 2.45,
            "reinvestment_rate": null,
            "research_to_sale_ratio": 0.8,
            "price_fair": 1.32,
            "eps_avg_yearly": 0.44,
            "eps_latest_yearly": 0.44,
            "eps_growth_yearly": -315.38
        },
        "20162": {
            "year_quarter": 20162,
            "year": 2016,
            "quarter": 2,
            "eps": -0.19,
            "eps_growth_year": null,
            "eps_4q": -1.29,
            "eps_4q_growth_year": null,
            "roe": -1.99,
            "roe_4q": -12.91,
            "gross_profit": 9634,
            "gross_margin": 7.23,
            "gross_margin_4q_avg": 2.37,
            "net_income": -12158,
            "revenue": 133283,
            "common_shares": 646906,
            "book_valuer_per_share": 9.37,
            "book_valuer_per_share_4q_avg": 9.74,
            "equity": 606030,
            "current_ratio": 152.11,
            "debt_ratio": 39.01,
            "inventory_turnover_ratio": 0.48,
            "account_receivable_turnover_ratio": 1.82,
            "reinvestment_rate": null,
            "research_to_sale_ratio": 0.33,
            "price_fair": 1.32,
            "eps_avg_yearly": 0.44,
            "eps_latest_yearly": 0.44,
            "eps_growth_yearly": -315.38
        },
        "20163": {
            "year_quarter": 20163,
            "year": 2016,
            "quarter": 3,
            "eps": -1.01,
            "eps_growth_year": null,
            "eps_4q": -1.65,
            "eps_4q_growth_year": null,
            "roe": -10.7,
            "roe_4q": -19.11,
            "gross_profit": 17977,
            "gross_margin": 11.13,
            "gross_margin_4q_avg": 5.59,
            "net_income": -64994,
            "revenue": 161515,
            "common_shares": 646906,
            "book_valuer_per_share": 8.5,
            "book_valuer_per_share_4q_avg": 9.32,
            "equity": 609370,
            "current_ratio": 181.49,
            "debt_ratio": 36.92,
            "inventory_turnover_ratio": 0.55,
            "account_receivable_turnover_ratio": 3.05,
            "reinvestment_rate": null,
            "research_to_sale_ratio": 0.26,
            "price_fair": 1.32,
            "eps_avg_yearly": 0.44,
            "eps_latest_yearly": 0.44,
            "eps_growth_yearly": -315.38
        },
        "20164": {
            "year_quarter": 20164,
            "year": 2016,
            "quarter": 4,
            "eps": -0.83,
            "eps_growth_year": null,
            "eps_4q": -2.13,
            "eps_4q_growth_year": null,
            "roe": -10.31,
            "roe_4q": -25.619999999999997,
            "gross_profit": 8060,
            "gross_margin": 5.3,
            "gross_margin_4q_avg": 7,
            "net_income": -60302,
            "revenue": 151932,
            "common_shares": 722406,
            "book_valuer_per_share": 7.76,
            "book_valuer_per_share_4q_avg": 8.8,
            "equity": 560896,
            "current_ratio": 198.52,
            "debt_ratio": 34.02,
            "inventory_turnover_ratio": 0.49,
            "account_receivable_turnover_ratio": 3.09,
            "reinvestment_rate": null,
            "research_to_sale_ratio": 0.23,
            "price_fair": 1.32,
            "eps_avg_yearly": 0.44,
            "eps_latest_yearly": 0.44,
            "eps_growth_yearly": -315.38
        },
        "20171": {
            "year_quarter": 20171,
            "year": 2017,
            "quarter": 1,
            "eps": 0.04,
            "eps_growth_year": null,
            "eps_4q": -1.86,
            "eps_4q_growth_year": null,
            "roe": 0.53,
            "roe_4q": -22.47,
            "gross_profit": 16212,
            "gross_margin": 14.55,
            "gross_margin_4q_avg": 9.55,
            "net_income": 2975,
            "revenue": 111429,
            "common_shares": 722406,
            "book_valuer_per_share": 7.82,
            "book_valuer_per_share_4q_avg": 8.36,
            "equity": 564852,
            "current_ratio": 224.47,
            "debt_ratio": 30.15,
            "inventory_turnover_ratio": 0.31,
            "account_receivable_turnover_ratio": 2.04,
            "reinvestment_rate": null,
            "research_to_sale_ratio": 0.3,
            "price_fair": 0,
            "eps_avg_yearly": 0,
            "eps_latest_yearly": 0,
            "eps_growth_yearly": 0
        },
        "20172": {
            "year_quarter": 20172,
            "year": 2017,
            "quarter": 2,
            "eps": 0.01,
            "eps_growth_year": null,
            "eps_4q": -1.69,
            "eps_4q_growth_year": null,
            "roe": 0.06,
            "roe_4q": -20.42,
            "gross_profit": 11907,
            "gross_margin": 10.94,
            "gross_margin_4q_avg": 10.48,
            "net_income": 332,
            "revenue": 108839,
            "common_shares": 722406,
            "book_valuer_per_share": 7.82,
            "book_valuer_per_share_4q_avg": 7.98,
            "equity": 565138,
            "current_ratio": 191.22,
            "debt_ratio": 35.74,
            "inventory_turnover_ratio": 0.32,
            "account_receivable_turnover_ratio": 2.13,
            "reinvestment_rate": null,
            "research_to_sale_ratio": 0.4,
            "price_fair": 0.12,
            "eps_avg_yearly": 0.04,
            "eps_latest_yearly": 0.04,
            "eps_growth_yearly": -300
        },
        "20173": {
            "year_quarter": 20173,
            "year": 2017,
            "quarter": 3,
            "eps": 0.02,
            "eps_growth_year": null,
            "eps_4q": -0.77,
            "eps_4q_growth_year": null,
            "roe": 0.28,
            "roe_4q": -9.440000000000001,
            "gross_profit": 8312,
            "gross_margin": 7.64,
            "gross_margin_4q_avg": 9.61,
            "net_income": 1563,
            "revenue": 108786,
            "common_shares": 722406,
            "book_valuer_per_share": 7.85,
            "book_valuer_per_share_4q_avg": 7.81,
            "equity": 566779,
            "current_ratio": 199.96,
            "debt_ratio": 31.83,
            "inventory_turnover_ratio": 0.36,
            "account_receivable_turnover_ratio": 2.48,
            "reinvestment_rate": null,
            "research_to_sale_ratio": 0.38,
            "price_fair": 2.1,
            "eps_avg_yearly": 0.06,
            "eps_latest_yearly": 0.08,
            "eps_growth_yearly": 50
        },
        "20174": {
            "year_quarter": 20174,
            "year": 2017,
            "quarter": 4,
            "eps": 0.08,
            "eps_growth_year": null,
            "eps_4q": 0.19,
            "eps_4q_growth_year": null,
            "roe": 0.69,
            "roe_4q": 1.56,
            "gross_profit": 8485,
            "gross_margin": 9.45,
            "gross_margin_4q_avg": 10.65,
            "net_income": 3933,
            "revenue": 89783,
            "common_shares": 463000,
            "book_valuer_per_share": 12.36,
            "book_valuer_per_share_4q_avg": 8.96,
            "equity": 572382,
            "current_ratio": 192.21,
            "debt_ratio": 33.42,
            "inventory_turnover_ratio": 0.32,
            "account_receivable_turnover_ratio": 2.25,
            "reinvestment_rate": null,
            "research_to_sale_ratio": 0.4,
            "price_fair": 5.13,
            "eps_avg_yearly": 0.15,
            "eps_latest_yearly": 0.32,
            "eps_growth_yearly": 433.33
        },
        "20181": {
            "year_quarter": 20181,
            "year": 2018,
            "quarter": 1,
            "eps": -0.34,
            "eps_growth_year": -950,
            "eps_4q": -0.21,
            "eps_4q_growth_year": null,
            "roe": -2.73,
            "roe_4q": -1.7,
            "gross_profit": 4553,
            "gross_margin": 4.86,
            "gross_margin_4q_avg": 8.22,
            "net_income": -15546,
            "revenue": 93607,
            "common_shares": 463000,
            "book_valuer_per_share": 12.24,
            "book_valuer_per_share_4q_avg": 10.07,
            "equity": 566840,
            "current_ratio": 153.66,
            "debt_ratio": 41.82,
            "inventory_turnover_ratio": 0.34,
            "account_receivable_turnover_ratio": 2.72,
            "reinvestment_rate": null,
            "research_to_sale_ratio": 0.57,
            "price_fair": 5.13,
            "eps_avg_yearly": 0.15,
            "eps_latest_yearly": 0.32,
            "eps_growth_yearly": 433.33
        },
        "20182": {
            "year_quarter": 20182,
            "year": 2018,
            "quarter": 2,
            "eps": -0.9,
            "eps_growth_year": -9100,
            "eps_4q": -1.07,
            "eps_4q_growth_year": null,
            "roe": -8.26,
            "roe_4q": -10.020000000000001,
            "gross_profit": -36201,
            "gross_margin": -35.62,
            "gross_margin_4q_avg": -3.42,
            "net_income": -48320,
            "revenue": 101623,
            "common_shares": 550500,
            "book_valuer_per_share": 11.07,
            "book_valuer_per_share_4q_avg": 10.88,
            "equity": 602812,
            "current_ratio": 180.37,
            "debt_ratio": 35.62,
            "inventory_turnover_ratio": 0.57,
            "account_receivable_turnover_ratio": 2.91,
            "reinvestment_rate": null,
            "research_to_sale_ratio": 0.46,
            "price_fair": 5.13,
            "eps_avg_yearly": 0.15,
            "eps_latest_yearly": 0.32,
            "eps_growth_yearly": 433.33
        },
        "20183": {
            "year_quarter": 20183,
            "year": 2018,
            "quarter": 3,
            "eps": -0.63,
            "eps_growth_year": -3250,
            "eps_4q": -1.71,
            "eps_4q_growth_year": null,
            "roe": -5.82,
            "roe_4q": -16.119999999999997,
            "gross_profit": -6794,
            "gross_margin": -7.16,
            "gross_margin_4q_avg": -7.12,
            "net_income": -34111,
            "revenue": 94905,
            "common_shares": 550500,
            "book_valuer_per_share": 10.33,
            "book_valuer_per_share_4q_avg": 11.5,
            "equity": 568667,
            "current_ratio": 139.63,
            "debt_ratio": 45.57,
            "inventory_turnover_ratio": 0.48,
            "account_receivable_turnover_ratio": 2.62,
            "reinvestment_rate": null,
            "research_to_sale_ratio": 0.3,
            "price_fair": 5.13,
            "eps_avg_yearly": 0.15,
            "eps_latest_yearly": 0.32,
            "eps_growth_yearly": 433.33
        },
        "20184": {
            "year_quarter": 20184,
            "year": 2018,
            "quarter": 4,
            "eps": -0.05,
            "eps_growth_year": -162.89,
            "eps_4q": -1.85,
            "eps_4q_growth_year": -1074.47,
            "roe": -0.51,
            "roe_4q": -17.32,
            "gross_profit": 6654,
            "gross_margin": 4.98,
            "gross_margin_4q_avg": -8.24,
            "net_income": -2909,
            "revenue": 133676,
            "common_shares": 550500,
            "book_valuer_per_share": 10.59,
            "book_valuer_per_share_4q_avg": 11.06,
            "equity": 576759,
            "current_ratio": 130.05,
            "debt_ratio": 48.36,
            "inventory_turnover_ratio": 0.69,
            "account_receivable_turnover_ratio": 2.85,
            "reinvestment_rate": null,
            "research_to_sale_ratio": 0.63,
            "price_fair": 5.13,
            "eps_avg_yearly": 0.15,
            "eps_latest_yearly": 0.32,
            "eps_growth_yearly": 433.33
        },
        "20191": {
            "year_quarter": 20191,
            "year": 2019,
            "quarter": 1,
            "eps": 0.22,
            "eps_growth_year": null,
            "eps_4q": -1.34,
            "eps_4q_growth_year": null,
            "roe": 2.09,
            "roe_4q": -12.5,
            "gross_profit": 28637,
            "gross_margin": 10.83,
            "gross_margin_4q_avg": -6.74,
            "net_income": 12204,
            "revenue": 264511,
            "common_shares": 550500,
            "book_valuer_per_share": 10.82,
            "book_valuer_per_share_4q_avg": 10.7,
            "equity": 588915,
            "current_ratio": 132.03,
            "debt_ratio": 48.2,
            "inventory_turnover_ratio": 1.38,
            "account_receivable_turnover_ratio": 2.02,
            "reinvestment_rate": null,
            "research_to_sale_ratio": 0.13,
            "price_fair": 5.13,
            "eps_avg_yearly": 0.15,
            "eps_latest_yearly": 0.32,
            "eps_growth_yearly": 433.33
        },
        "20192": {
            "year_quarter": 20192,
            "year": 2019,
            "quarter": 2,
            "eps": 0.45,
            "eps_growth_year": null,
            "eps_4q": -0,
            "eps_4q_growth_year": null,
            "roe": 4.08,
            "roe_4q": -0.16000000000000014,
            "gross_profit": 32370,
            "gross_margin": 11.22,
            "gross_margin_4q_avg": 4.97,
            "net_income": 24743,
            "revenue": 288411,
            "common_shares": 550500,
            "book_valuer_per_share": 11.35,
            "book_valuer_per_share_4q_avg": 10.77,
            "equity": 624987,
            "current_ratio": 150.16,
            "debt_ratio": 48.89,
            "inventory_turnover_ratio": 1.53,
            "account_receivable_turnover_ratio": 1.37,
            "reinvestment_rate": null,
            "research_to_sale_ratio": 0.08,
            "price_fair": 19.6,
            "eps_avg_yearly": 0.56,
            "eps_latest_yearly": 1.8,
            "eps_growth_yearly": 429.55
        },
        "20193": {
            "year_quarter": 20193,
            "year": 2019,
            "quarter": 3,
            "eps": 0.11,
            "eps_growth_year": null,
            "eps_4q": 0.57,
            "eps_4q_growth_year": null,
            "roe": 0.89,
            "roe_4q": 6.55,
            "gross_profit": 19154,
            "gross_margin": 11.13,
            "gross_margin_4q_avg": 9.54,
            "net_income": 6735,
            "revenue": 172098,
            "common_shares": 715500,
            "book_valuer_per_share": 12.31,
            "book_valuer_per_share_4q_avg": 11.27,
            "equity": 880881,
            "current_ratio": 296.38,
            "debt_ratio": 28.7,
            "inventory_turnover_ratio": 0.99,
            "account_receivable_turnover_ratio": 0.91,
            "reinvestment_rate": null,
            "research_to_sale_ratio": 0.12,
            "price_fair": 18.76,
            "eps_avg_yearly": 0.54,
            "eps_latest_yearly": 0.44,
            "eps_growth_yearly": 283.19
        },
        "20194": {
            "year_quarter": 20194,
            "year": 2019,
            "quarter": 4,
            "eps": 0.13,
            "eps_growth_year": null,
            "eps_4q": 0.75,
            "eps_4q_growth_year": null,
            "roe": 1.09,
            "roe_4q": 8.15,
            "gross_profit": 21719,
            "gross_margin": 5.17,
            "gross_margin_4q_avg": 9.59,
            "net_income": 9650,
            "revenue": 420300,
            "common_shares": 715500,
            "book_valuer_per_share": 12.46,
            "book_valuer_per_share_4q_avg": 11.74,
            "equity": 891575,
            "current_ratio": 201.74,
            "debt_ratio": 40.41,
            "inventory_turnover_ratio": 1.85,
            "account_receivable_turnover_ratio": 1.73,
            "reinvestment_rate": null,
            "research_to_sale_ratio": 0.04,
            "price_fair": 18.67,
            "eps_avg_yearly": 0.53,
            "eps_latest_yearly": 0.52,
            "eps_growth_yearly": 248.11
        },
        "20201": {
            "year_quarter": 20201,
            "year": 2020,
            "quarter": 1,
            "eps": 0.02,
            "eps_growth_year": -90.91,
            "eps_4q": 0.6,
            "eps_4q_growth_year": null,
            "roe": 0.13,
            "roe_4q": 6.19,
            "gross_profit": 22219,
            "gross_margin": 6.63,
            "gross_margin_4q_avg": 8.54,
            "net_income": 1187,
            "revenue": 334889,
            "common_shares": 715500,
            "book_valuer_per_share": 12.4,
            "book_valuer_per_share_4q_avg": 12.13,
            "equity": 875156,
            "current_ratio": 223.48,
            "debt_ratio": 36.54,
            "inventory_turnover_ratio": 1.4,
            "account_receivable_turnover_ratio": 1.04,
            "reinvestment_rate": null,
            "research_to_sale_ratio": 0.11,
            "price_fair": 16.4,
            "eps_avg_yearly": 0.47,
            "eps_latest_yearly": 0.08,
            "eps_growth_yearly": 164.32
        },
        "20202": {
            "year_quarter": 20202,
            "year": 2020,
            "quarter": 2,
            "eps": 0.2,
            "eps_growth_year": -55.56,
            "eps_4q": 0.45,
            "eps_4q_growth_year": null,
            "roe": 1.58,
            "roe_4q": 3.69,
            "gross_profit": 13296,
            "gross_margin": 3.59,
            "gross_margin_4q_avg": 6.63,
            "net_income": 13828,
            "revenue": 370262,
            "common_shares": 715500,
            "book_valuer_per_share": 12.54,
            "book_valuer_per_share_4q_avg": 12.43,
            "equity": 878378,
            "current_ratio": 217.57,
            "debt_ratio": 37.28,
            "inventory_turnover_ratio": 2.18,
            "account_receivable_turnover_ratio": 1.16,
            "reinvestment_rate": null,
            "research_to_sale_ratio": 0.06,
            "price_fair": 17.85,
            "eps_avg_yearly": 0.51,
            "eps_latest_yearly": 0.8,
            "eps_growth_yearly": 593.78
        },
        "20203": {
            "year_quarter": 20203,
            "year": 2020,
            "quarter": 3,
            "eps": -0.22,
            "eps_growth_year": -300,
            "eps_4q": 0.13,
            "eps_4q_growth_year": -77.43,
            "roe": -1.8,
            "roe_4q": 1,
            "gross_profit": 13761,
            "gross_margin": 17.04,
            "gross_margin_4q_avg": 8.11,
            "net_income": -15655,
            "revenue": 80778,
            "common_shares": 715500,
            "book_valuer_per_share": 12.31,
            "book_valuer_per_share_4q_avg": 12.43,
            "equity": 862740,
            "current_ratio": 211.17,
            "debt_ratio": 38.08,
            "inventory_turnover_ratio": 0.45,
            "account_receivable_turnover_ratio": 0.45,
            "reinvestment_rate": null,
            "research_to_sale_ratio": 0.23,
            "price_fair": 17.85,
            "eps_avg_yearly": 0.51,
            "eps_latest_yearly": 0.8,
            "eps_growth_yearly": 593.78
        },
        "20204": {
            "year_quarter": 20204,
            "year": 2020,
            "quarter": 4,
            "eps": -0.08,
            "eps_growth_year": -162.81,
            "eps_4q": -0.09,
            "eps_4q_growth_year": -112.59,
            "roe": -0.69,
            "roe_4q": -0.7800000000000001,
            "gross_profit": 10830,
            "gross_margin": 20.29,
            "gross_margin_4q_avg": 11.89,
            "net_income": -5935,
            "revenue": 53367,
            "common_shares": 715500,
            "book_valuer_per_share": 12.24,
            "book_valuer_per_share_4q_avg": 12.37,
            "equity": 857752,
            "current_ratio": 166.53,
            "debt_ratio": 45.58,
            "inventory_turnover_ratio": 0.31,
            "account_receivable_turnover_ratio": 1.83,
            "reinvestment_rate": null,
            "research_to_sale_ratio": 0.44,
            "price_fair": 17.85,
            "eps_avg_yearly": 0.51,
            "eps_latest_yearly": 0.8,
            "eps_growth_yearly": 593.78
        },
        "20211": {
            "year_quarter": 20211,
            "year": 2021,
            "quarter": 1,
            "eps": 0.03,
            "eps_growth_year": 50,
            "eps_4q": -0.08,
            "eps_4q_growth_year": -112.74,
            "roe": 0.28,
            "roe_4q": -0.6299999999999999,
            "gross_profit": 17513,
            "gross_margin": 16.83,
            "gross_margin_4q_avg": 14.44,
            "net_income": 2411,
            "revenue": 104035,
            "common_shares": 715500,
            "book_valuer_per_share": 12.25,
            "book_valuer_per_share_4q_avg": 12.34,
            "equity": 858486,
            "current_ratio": 128.91,
            "debt_ratio": 49.33,
            "inventory_turnover_ratio": 0.61,
            "account_receivable_turnover_ratio": 2.51,
            "reinvestment_rate": null,
            "research_to_sale_ratio": 0,
            "price_fair": 17.85,
            "eps_avg_yearly": 0.51,
            "eps_latest_yearly": 0.8,
            "eps_growth_yearly": 593.78
        },
        "20212": {
            "year_quarter": 20212,
            "year": 2021,
            "quarter": 2,
            "eps": 0.11,
            "eps_growth_year": -45,
            "eps_4q": -0.16,
            "eps_4q_growth_year": -135.89,
            "roe": 0.92,
            "roe_4q": -1.2899999999999998,
            "gross_profit": 39672,
            "gross_margin": 23.59,
            "gross_margin_4q_avg": 19.44,
            "net_income": 7911,
            "revenue": 168184,
            "common_shares": 715500,
            "book_valuer_per_share": 12.33,
            "book_valuer_per_share_4q_avg": 12.28,
            "equity": 864120,
            "current_ratio": 125.06,
            "debt_ratio": 51.9,
            "inventory_turnover_ratio": 0.89,
            "account_receivable_turnover_ratio": 2.05,
            "reinvestment_rate": null,
            "research_to_sale_ratio": 0,
            "price_fair": 19.6,
            "eps_avg_yearly": 0.56,
            "eps_latest_yearly": 0.44,
            "eps_growth_yearly": 764.61
        },
        "20213": {
            "year_quarter": 20213,
            "year": 2021,
            "quarter": 3,
            "eps": 0.22,
            "eps_growth_year": null,
            "eps_4q": 0.28,
            "eps_4q_growth_year": 117.1,
            "roe": 1.74,
            "roe_4q": 2.2500000000000004,
            "gross_profit": 37134,
            "gross_margin": 27,
            "gross_margin_4q_avg": 21.93,
            "net_income": 15174,
            "revenue": 137534,
            "common_shares": 715500,
            "book_valuer_per_share": 12.55,
            "book_valuer_per_share_4q_avg": 12.34,
            "equity": 878983,
            "current_ratio": 125.9,
            "debt_ratio": 52.16,
            "inventory_turnover_ratio": 0.67,
            "account_receivable_turnover_ratio": 1.48,
            "reinvestment_rate": null,
            "research_to_sale_ratio": 0,
            "price_fair": 23.1,
            "eps_avg_yearly": 0.66,
            "eps_latest_yearly": 0.88,
            "eps_growth_yearly": 764.61
        },
        "20214": {
            "year_quarter": 20214,
            "year": 2021,
            "quarter": 4,
            "eps": 4.34,
            "eps_growth_year": null,
            "eps_4q": 4.66,
            "eps_4q_growth_year": null,
            "roe": 30.68,
            "roe_4q": 33.620000000000005,
            "gross_profit": 1350,
            "gross_margin": 1.49,
            "gross_margin_4q_avg": 17.23,
            "net_income": 347462,
            "revenue": 90711,
            "common_shares": 815500,
            "book_valuer_per_share": 17.31,
            "book_valuer_per_share_4q_avg": 13.61,
            "equity": 1385949,
            "current_ratio": 203.07,
            "debt_ratio": 42.38,
            "inventory_turnover_ratio": 0.63,
            "account_receivable_turnover_ratio": 1.71,
            "reinvestment_rate": 95.79,
            "research_to_sale_ratio": 0,
            "price_fair": 97.65,
            "eps_avg_yearly": 2.79,
            "eps_latest_yearly": 17.36,
            "eps_growth_yearly": 1550.98
        },
        "20221": {
            "year_quarter": 20221,
            "year": 2022,
            "quarter": 1,
            "eps": 0.14,
            "eps_growth_year": 366.67,
            "eps_4q": 4.76,
            "eps_4q_growth_year": null,
            "roe": 0.78,
            "roe_4q": 34.120000000000005,
            "gross_profit": 13970,
            "gross_margin": 9.93,
            "gross_margin_4q_avg": 15.5,
            "net_income": 10946,
            "revenue": 140645,
            "common_shares": 815500,
            "book_valuer_per_share": 17.65,
            "book_valuer_per_share_4q_avg": 14.96,
            "equity": 1413258,
            "current_ratio": 221.74,
            "debt_ratio": 37.19,
            "inventory_turnover_ratio": 0.97,
            "account_receivable_turnover_ratio": 3.05,
            "reinvestment_rate": 82.09,
            "research_to_sale_ratio": null,
            "price_fair": 88.98,
            "eps_avg_yearly": 2.54,
            "eps_latest_yearly": 0.56,
            "eps_growth_yearly": 1335.63
        },
        "20222": {
            "year_quarter": 20222,
            "year": 2022,
            "quarter": 2,
            "eps": 0.44,
            "eps_growth_year": 300,
            "eps_4q": 4.44,
            "eps_4q_growth_year": null,
            "roe": 2.48,
            "roe_4q": 35.68,
            "gross_profit": 35683,
            "gross_margin": 28.15,
            "gross_margin_4q_avg": 16.64,
            "net_income": 35147,
            "revenue": 126750,
            "common_shares": 815500,
            "book_valuer_per_share": 17.81,
            "book_valuer_per_share_4q_avg": 16.33,
            "equity": 1425859,
            "current_ratio": 232.96,
            "debt_ratio": 35.44,
            "inventory_turnover_ratio": 0.76,
            "account_receivable_turnover_ratio": 1.91,
            "reinvestment_rate": 65.32,
            "research_to_sale_ratio": null,
            "price_fair": 86.24,
            "eps_avg_yearly": 2.46,
            "eps_latest_yearly": 1.76,
            "eps_growth_yearly": 1287.78
        },
        "20223": {
            "year_quarter": 20223,
            "year": 2022,
            "quarter": 3,
            "eps": -0.22,
            "eps_growth_year": -200,
            "eps_4q": 4.06,
            "eps_4q_growth_year": 1353.08,
            "roe": -1.24,
            "roe_4q": 32.7,
            "gross_profit": 29932,
            "gross_margin": 18.97,
            "gross_margin_4q_avg": 14.64,
            "net_income": -17593,
            "revenue": 157817,
            "common_shares": 815500,
            "book_valuer_per_share": 17.63,
            "book_valuer_per_share_4q_avg": 17.6,
            "equity": 1422202,
            "current_ratio": 191.73,
            "debt_ratio": 42.64,
            "inventory_turnover_ratio": 1.55,
            "account_receivable_turnover_ratio": 1.83,
            "reinvestment_rate": 75.5,
            "research_to_sale_ratio": null,
            "price_fair": 86.24,
            "eps_avg_yearly": 2.46,
            "eps_latest_yearly": 1.76,
            "eps_growth_yearly": 1287.78
        },
        "20224": {
            "year_quarter": 20224,
            "year": 2022,
            "quarter": 4,
            "eps": -1.64,
            "eps_growth_year": -137.83,
            "eps_4q": -1.33,
            "eps_4q_growth_year": -128.64,
            "roe": -11.33,
            "roe_4q": -9.31,
            "gross_profit": 21131,
            "gross_margin": 37.2,
            "gross_margin_4q_avg": 23.56,
            "net_income": -152135,
            "revenue": 56800,
            "common_shares": 935593,
            "book_valuer_per_share": 13.64,
            "book_valuer_per_share_4q_avg": 16.68,
            "equity": 1264292,
            "current_ratio": 155.54,
            "debt_ratio": 51.83,
            "inventory_turnover_ratio": 0.6,
            "account_receivable_turnover_ratio": 0.55,
            "reinvestment_rate": 88.91,
            "research_to_sale_ratio": null,
            "price_fair": 86.24,
            "eps_avg_yearly": 2.46,
            "eps_latest_yearly": 1.76,
            "eps_growth_yearly": 1287.78
        },
        "20231": {
            "year_quarter": 20231,
            "year": 2023,
            "quarter": 1,
            "eps": 0.27,
            "eps_growth_year": 92.86,
            "eps_4q": -1.18,
            "eps_4q_growth_year": -124.73,
            "roe": 1.99,
            "roe_4q": -8.1,
            "gross_profit": 51400,
            "gross_margin": 49.31,
            "gross_margin_4q_avg": 33.41,
            "net_income": 25382,
            "revenue": 104237,
            "common_shares": 935593,
            "book_valuer_per_share": 13.94,
            "book_valuer_per_share_4q_avg": 15.76,
            "equity": 1291422,
            "current_ratio": 145.99,
            "debt_ratio": 54.1,
            "inventory_turnover_ratio": 0.95,
            "account_receivable_turnover_ratio": 0.95,
            "reinvestment_rate": 108.97,
            "research_to_sale_ratio": null,
            "price_fair": 86.24,
            "eps_avg_yearly": 2.46,
            "eps_latest_yearly": 1.76,
            "eps_growth_yearly": 1287.78
        }
    },
    "months": {
        "2003-09": {
            "month": "2003-09",
            "price": "15.57",
            "revenue": 67433
        },
        "2003-11": {
            "month": "2003-11",
            "price": "13.60",
            "revenue": 37971
        },
        "2003-12": {
            "month": "2003-12",
            "price": "15.56",
            "revenue": 71521
        },
        "2004-01": {
            "month": "2004-01",
            "price": "19.68",
            "revenue": 56553
        },
        "2004-02": {
            "month": "2004-02",
            "price": "22.61",
            "revenue": 56052
        },
        "2004-03": {
            "month": "2004-03",
            "price": "22.44",
            "revenue": 64974
        },
        "2004-04": {
            "month": "2004-04",
            "price": "25.74",
            "revenue": 60754
        },
        "2004-05": {
            "month": "2004-05",
            "price": "20.78",
            "revenue": 75173
        },
        "2004-06": {
            "month": "2004-06",
            "price": "18.71",
            "revenue": 75106
        },
        "2004-07": {
            "month": "2004-07",
            "price": "17.52",
            "revenue": 82235
        },
        "2004-08": {
            "month": "2004-08",
            "price": "17.59",
            "revenue": 84415
        },
        "2004-09": {
            "month": "2004-09",
            "price": "20.20",
            "revenue": 79607
        },
        "2004-10": {
            "month": "2004-10",
            "price": "20.02",
            "revenue": 77953
        },
        "2004-11": {
            "month": "2004-11",
            "price": "21.10",
            "revenue": 73887
        },
        "2004-12": {
            "month": "2004-12",
            "price": "21.36",
            "revenue": 44608
        },
        "2005-01": {
            "month": "2005-01",
            "price": "21.22",
            "revenue": 66921
        },
        "2005-02": {
            "month": "2005-02",
            "price": "21.93",
            "revenue": 59836
        },
        "2005-03": {
            "month": "2005-03",
            "price": "23.13",
            "revenue": 72790
        },
        "2005-04": {
            "month": "2005-04",
            "price": "23.00",
            "revenue": 71828
        },
        "2005-05": {
            "month": "2005-05",
            "price": "23.47",
            "revenue": 72358
        },
        "2005-06": {
            "month": "2005-06",
            "price": "23.21",
            "revenue": 62250
        },
        "2005-07": {
            "month": "2005-07",
            "price": "23.00",
            "revenue": 62821
        },
        "2005-08": {
            "month": "2005-08",
            "price": "22.22",
            "revenue": 106141
        },
        "2005-09": {
            "month": "2005-09",
            "price": "19.72",
            "revenue": 73618
        },
        "2005-10": {
            "month": "2005-10",
            "price": "18.87",
            "revenue": 68058
        },
        "2005-11": {
            "month": "2005-11",
            "price": "16.53",
            "revenue": 91893
        },
        "2005-12": {
            "month": "2005-12",
            "price": "17.48",
            "revenue": 77017
        },
        "2006-01": {
            "month": "2006-01",
            "price": "18.06",
            "revenue": 80389
        },
        "2006-02": {
            "month": "2006-02",
            "price": "18.12",
            "revenue": 90068
        },
        "2006-03": {
            "month": "2006-03",
            "price": "18.65",
            "revenue": 81619
        },
        "2006-04": {
            "month": "2006-04",
            "price": "23.13",
            "revenue": 93556
        },
        "2006-05": {
            "month": "2006-05",
            "price": "29.94",
            "revenue": 100736
        },
        "2006-06": {
            "month": "2006-06",
            "price": "27.97",
            "revenue": 129227
        },
        "2006-07": {
            "month": "2006-07",
            "price": "30.48",
            "revenue": 148078
        },
        "2006-08": {
            "month": "2006-08",
            "price": "34.87",
            "revenue": 104249
        },
        "2006-09": {
            "month": "2006-09",
            "price": "29.19",
            "revenue": 91977
        },
        "2006-10": {
            "month": "2006-10",
            "price": "30.15",
            "revenue": 102732
        },
        "2006-11": {
            "month": "2006-11",
            "price": "33.81",
            "revenue": 90652
        },
        "2006-12": {
            "month": "2006-12",
            "price": "34.60",
            "revenue": 95563
        },
        "2007-01": {
            "month": "2007-01",
            "price": "35.60",
            "revenue": 83081
        },
        "2007-02": {
            "month": "2007-02",
            "price": "35.72",
            "revenue": 92304
        },
        "2007-03": {
            "month": "2007-03",
            "price": "36.70",
            "revenue": 85077
        },
        "2007-04": {
            "month": "2007-04",
            "price": "40.12",
            "revenue": 94894
        },
        "2007-05": {
            "month": "2007-05",
            "price": "43.84",
            "revenue": 110659
        },
        "2007-06": {
            "month": "2007-06",
            "price": "49.93",
            "revenue": 130992
        },
        "2007-07": {
            "month": "2007-07",
            "price": "53.70",
            "revenue": 143491
        },
        "2007-08": {
            "month": "2007-08",
            "price": "47.97",
            "revenue": 104720
        },
        "2007-09": {
            "month": "2007-09",
            "price": "43.89",
            "revenue": 102238
        },
        "2007-10": {
            "month": "2007-10",
            "price": "44.56",
            "revenue": 107978
        },
        "2007-11": {
            "month": "2007-11",
            "price": "43.22",
            "revenue": 96645
        },
        "2007-12": {
            "month": "2007-12",
            "price": "40.95",
            "revenue": 116356
        },
        "2008-01": {
            "month": "2008-01",
            "price": "40.56",
            "revenue": 105528
        },
        "2008-02": {
            "month": "2008-02",
            "price": "42.44",
            "revenue": 111027
        },
        "2008-03": {
            "month": "2008-03",
            "price": "45.54",
            "revenue": 126195
        },
        "2008-04": {
            "month": "2008-04",
            "price": "49.20",
            "revenue": 119759
        },
        "2008-05": {
            "month": "2008-05",
            "price": "50.95",
            "revenue": 142071
        },
        "2008-06": {
            "month": "2008-06",
            "price": "49.72",
            "revenue": 158710
        },
        "2008-07": {
            "month": "2008-07",
            "price": "47.37",
            "revenue": 211725
        },
        "2008-08": {
            "month": "2008-08",
            "price": "49.46",
            "revenue": 160940
        },
        "2008-09": {
            "month": "2008-09",
            "price": "43.25",
            "revenue": 145497
        },
        "2008-10": {
            "month": "2008-10",
            "price": "36.23",
            "revenue": 141855
        },
        "2008-11": {
            "month": "2008-11",
            "price": "36.15",
            "revenue": 97712
        },
        "2008-12": {
            "month": "2008-12",
            "price": "35.15",
            "revenue": 47430
        },
        "2009-01": {
            "month": "2009-01",
            "price": "30.77",
            "revenue": 19262
        },
        "2009-02": {
            "month": "2009-02",
            "price": "26.23",
            "revenue": 28383
        },
        "2009-03": {
            "month": "2009-03",
            "price": "26.64",
            "revenue": 55957
        },
        "2009-04": {
            "month": "2009-04",
            "price": "37.75",
            "revenue": 79558
        },
        "2009-05": {
            "month": "2009-05",
            "price": "39.18",
            "revenue": 87632
        },
        "2009-06": {
            "month": "2009-06",
            "price": "39.70",
            "revenue": 101879
        },
        "2009-07": {
            "month": "2009-07",
            "price": "40.67",
            "revenue": 103114
        },
        "2009-08": {
            "month": "2009-08",
            "price": "42.20",
            "revenue": 104865
        },
        "2009-09": {
            "month": "2009-09",
            "price": "45.25",
            "revenue": 111196
        },
        "2009-10": {
            "month": "2009-10",
            "price": "38.07",
            "revenue": 127542
        },
        "2009-11": {
            "month": "2009-11",
            "price": "37.15",
            "revenue": 113647
        },
        "2009-12": {
            "month": "2009-12",
            "price": "38.76",
            "revenue": 124851
        },
        "2010-01": {
            "month": "2010-01",
            "price": "39.96",
            "revenue": 145540
        },
        "2010-02": {
            "month": "2010-02",
            "price": "39.07",
            "revenue": 149798
        },
        "2010-03": {
            "month": "2010-03",
            "price": "43.99",
            "revenue": 177964
        },
        "2010-04": {
            "month": "2010-04",
            "price": "53.15",
            "revenue": 178172
        },
        "2010-05": {
            "month": "2010-05",
            "price": "49.87",
            "revenue": 168484
        },
        "2010-06": {
            "month": "2010-06",
            "price": "49.03",
            "revenue": 168962
        },
        "2010-07": {
            "month": "2010-07",
            "price": "50.78",
            "revenue": 161519
        },
        "2010-08": {
            "month": "2010-08",
            "price": "53.41",
            "revenue": 163081
        },
        "2010-09": {
            "month": "2010-09",
            "price": "45.49",
            "revenue": 150837
        },
        "2010-10": {
            "month": "2010-10",
            "price": "46.44",
            "revenue": 164281
        },
        "2010-11": {
            "month": "2010-11",
            "price": "46.40",
            "revenue": 163685
        },
        "2010-12": {
            "month": "2010-12",
            "price": "49.10",
            "revenue": 161842
        },
        "2011-01": {
            "month": "2011-01",
            "price": "50.76",
            "revenue": 162349
        },
        "2011-02": {
            "month": "2011-02",
            "price": "51.74",
            "revenue": 123965
        },
        "2011-03": {
            "month": "2011-03",
            "price": "51.18",
            "revenue": 183304
        },
        "2011-04": {
            "month": "2011-04",
            "price": "53.24",
            "revenue": 148961
        },
        "2011-05": {
            "month": "2011-05",
            "price": "48.20",
            "revenue": 125488
        },
        "2011-06": {
            "month": "2011-06",
            "price": "46.50",
            "revenue": 138178
        },
        "2011-07": {
            "month": "2011-07",
            "price": "42.46",
            "revenue": 156640
        },
        "2011-08": {
            "month": "2011-08",
            "price": "30.65",
            "revenue": 96523
        },
        "2011-09": {
            "month": "2011-09",
            "price": "24.02",
            "revenue": 151267
        },
        "2011-10": {
            "month": "2011-10",
            "price": "22.94",
            "revenue": 86148
        },
        "2011-11": {
            "month": "2011-11",
            "price": "20.44",
            "revenue": 74160
        },
        "2011-12": {
            "month": "2011-12",
            "price": "17.24",
            "revenue": 113672
        },
        "2012-01": {
            "month": "2012-01",
            "price": "18.02",
            "revenue": 84196
        },
        "2012-02": {
            "month": "2012-02",
            "price": "21.29",
            "revenue": 84178
        },
        "2012-03": {
            "month": "2012-03",
            "price": "19.78",
            "revenue": 157816
        },
        "2012-04": {
            "month": "2012-04",
            "price": "17.30",
            "revenue": 87240
        },
        "2012-05": {
            "month": "2012-05",
            "price": "16.28",
            "revenue": 134013
        },
        "2012-06": {
            "month": "2012-06",
            "price": "15.15",
            "revenue": 115589
        },
        "2012-07": {
            "month": "2012-07",
            "price": "15.32",
            "revenue": 61690
        },
        "2012-08": {
            "month": "2012-08",
            "price": "14.53",
            "revenue": 109647
        },
        "2012-09": {
            "month": "2012-09",
            "price": "15.48",
            "revenue": 52349
        },
        "2012-10": {
            "month": "2012-10",
            "price": "14.70",
            "revenue": 54622
        },
        "2012-11": {
            "month": "2012-11",
            "price": "12.92",
            "revenue": 111426
        },
        "2012-12": {
            "month": "2012-12",
            "price": "13.38",
            "revenue": 142950
        },
        "2013-01": {
            "month": "2013-01",
            "price": "14.61",
            "revenue": 115679
        },
        "2013-02": {
            "month": "2013-02",
            "price": "14.00",
            "revenue": 157485
        },
        "2013-03": {
            "month": "2013-03",
            "price": "16.44",
            "revenue": 188436
        },
        "2013-04": {
            "month": "2013-04",
            "price": "19.60",
            "revenue": 132792
        },
        "2013-05": {
            "month": "2013-05",
            "price": "18.97",
            "revenue": 89891
        },
        "2013-06": {
            "month": "2013-06",
            "price": "17.15",
            "revenue": 124605
        },
        "2013-07": {
            "month": "2013-07",
            "price": "17.42",
            "revenue": 123696
        },
        "2013-08": {
            "month": "2013-08",
            "price": "17.49",
            "revenue": 139583
        },
        "2013-09": {
            "month": "2013-09",
            "price": "16.80",
            "revenue": 125285
        },
        "2013-10": {
            "month": "2013-10",
            "price": "17.54",
            "revenue": 139307
        },
        "2013-11": {
            "month": "2013-11",
            "price": "18.30",
            "revenue": 86897
        },
        "2013-12": {
            "month": "2013-12",
            "price": "19.15",
            "revenue": 127699
        },
        "2014-01": {
            "month": "2014-01",
            "price": "22.97",
            "revenue": 127790
        },
        "2014-02": {
            "month": "2014-02",
            "price": "22.04",
            "revenue": 103574
        },
        "2014-03": {
            "month": "2014-03",
            "price": "21.84",
            "revenue": 91482
        },
        "2014-04": {
            "month": "2014-04",
            "price": "26.10",
            "revenue": 154453
        },
        "2014-05": {
            "month": "2014-05",
            "price": "32.04",
            "revenue": 122001
        },
        "2014-06": {
            "month": "2014-06",
            "price": "36.52",
            "revenue": 98325
        },
        "2014-07": {
            "month": "2014-07",
            "price": "33.08",
            "revenue": 90774
        },
        "2014-08": {
            "month": "2014-08",
            "price": "29.20",
            "revenue": 86430
        },
        "2014-09": {
            "month": "2014-09",
            "price": "27.19",
            "revenue": 138637
        },
        "2014-10": {
            "month": "2014-10",
            "price": "26.57",
            "revenue": 76413
        },
        "2014-11": {
            "month": "2014-11",
            "price": "25.00",
            "revenue": 44177
        },
        "2014-12": {
            "month": "2014-12",
            "price": "28.31",
            "revenue": 93513
        },
        "2015-01": {
            "month": "2015-01",
            "price": "26.46",
            "revenue": 44913
        },
        "2015-02": {
            "month": "2015-02",
            "price": "26.40",
            "revenue": 36183
        },
        "2015-03": {
            "month": "2015-03",
            "price": "27.44",
            "revenue": 61288
        },
        "2015-04": {
            "month": "2015-04",
            "price": "26.78",
            "revenue": 97028
        },
        "2015-05": {
            "month": "2015-05",
            "price": "24.32",
            "revenue": 42785
        },
        "2015-06": {
            "month": "2015-06",
            "price": "22.22",
            "revenue": 47668
        },
        "2015-07": {
            "month": "2015-07",
            "price": "21.11",
            "revenue": 41378
        },
        "2015-08": {
            "month": "2015-08",
            "price": "14.31",
            "revenue": 42120
        },
        "2015-09": {
            "month": "2015-09",
            "price": "13.16",
            "revenue": 62260
        },
        "2015-10": {
            "month": "2015-10",
            "price": "13.33",
            "revenue": 44520
        },
        "2015-11": {
            "month": "2015-11",
            "price": "12.83",
            "revenue": 73084
        },
        "2015-12": {
            "month": "2015-12",
            "price": "11.29",
            "revenue": 54265
        },
        "2016-01": {
            "month": "2016-01",
            "price": "10.87",
            "revenue": 51551
        },
        "2016-02": {
            "month": "2016-02",
            "price": "10.22",
            "revenue": 20568
        },
        "2016-03": {
            "month": "2016-03",
            "price": "11.87",
            "revenue": 91914
        },
        "2016-04": {
            "month": "2016-04",
            "price": "10.77",
            "revenue": 42863
        },
        "2016-05": {
            "month": "2016-05",
            "price": "9.24",
            "revenue": 45699
        },
        "2016-06": {
            "month": "2016-06",
            "price": "9.86",
            "revenue": 44721
        },
        "2016-07": {
            "month": "2016-07",
            "price": "11.46",
            "revenue": 37026
        },
        "2016-08": {
            "month": "2016-08",
            "price": "11.62",
            "revenue": 77911
        },
        "2016-09": {
            "month": "2016-09",
            "price": "13.54",
            "revenue": 46636
        },
        "2016-10": {
            "month": "2016-10",
            "price": "12.12",
            "revenue": 75482
        },
        "2016-11": {
            "month": "2016-11",
            "price": "11.83",
            "revenue": 42234
        },
        "2016-12": {
            "month": "2016-12",
            "price": "11.25",
            "revenue": 32591
        },
        "2017-01": {
            "month": "2017-01",
            "price": "11.18",
            "revenue": 32194
        },
        "2017-02": {
            "month": "2017-02",
            "price": "12.36",
            "revenue": 29886
        },
        "2017-03": {
            "month": "2017-03",
            "price": "11.88",
            "revenue": 49030
        },
        "2017-04": {
            "month": "2017-04",
            "price": "11.41",
            "revenue": 35987
        },
        "2017-05": {
            "month": "2017-05",
            "price": "10.49",
            "revenue": 35827
        },
        "2017-06": {
            "month": "2017-06",
            "price": "11.73",
            "revenue": 37356
        },
        "2017-07": {
            "month": "2017-07",
            "price": "10.95",
            "revenue": 39060
        },
        "2017-08": {
            "month": "2017-08",
            "price": "10.60",
            "revenue": 30911
        },
        "2017-09": {
            "month": "2017-09",
            "price": "10.68",
            "revenue": 38822
        },
        "2017-10": {
            "month": "2017-10",
            "price": "10.60",
            "revenue": 29397
        },
        "2017-11": {
            "month": "2017-11",
            "price": "10.58",
            "revenue": 26737
        },
        "2017-12": {
            "month": "2017-12",
            "price": "10.15",
            "revenue": 33657
        },
        "2018-01": {
            "month": "2018-01",
            "price": "10.14",
            "revenue": 34387
        },
        "2018-02": {
            "month": "2018-02",
            "price": "9.58",
            "revenue": 30461
        },
        "2018-03": {
            "month": "2018-03",
            "price": "14.03",
            "revenue": 28767
        },
        "2018-04": {
            "month": "2018-04",
            "price": "19.06",
            "revenue": 35359
        },
        "2018-05": {
            "month": "2018-05",
            "price": "19.40",
            "revenue": 36255
        },
        "2018-06": {
            "month": "2018-06",
            "price": "21.98",
            "revenue": 28085
        },
        "2018-07": {
            "month": "2018-07",
            "price": "21.70",
            "revenue": 50203
        },
        "2018-08": {
            "month": "2018-08",
            "price": "20.96",
            "revenue": 22587
        },
        "2018-09": {
            "month": "2018-09",
            "price": "19.69",
            "revenue": 24040
        },
        "2018-10": {
            "month": "2018-10",
            "price": "17.80",
            "revenue": 42057
        },
        "2018-11": {
            "month": "2018-11",
            "price": "17.41",
            "revenue": 22036
        },
        "2018-12": {
            "month": "2018-12",
            "price": "18.80",
            "revenue": 57099
        },
        "2019-01": {
            "month": "2019-01",
            "price": "18.57",
            "revenue": 60582
        },
        "2019-02": {
            "month": "2019-02",
            "price": "18.81",
            "revenue": 43263
        },
        "2019-03": {
            "month": "2019-03",
            "price": "19.36",
            "revenue": 160666
        },
        "2019-04": {
            "month": "2019-04",
            "price": "22.11",
            "revenue": 82254
        },
        "2019-05": {
            "month": "2019-05",
            "price": "21.08",
            "revenue": 94356
        },
        "2019-06": {
            "month": "2019-06",
            "price": "19.77",
            "revenue": 111801
        },
        "2019-07": {
            "month": "2019-07",
            "price": "19.07",
            "revenue": 42792
        },
        "2019-08": {
            "month": "2019-08",
            "price": "19.28",
            "revenue": 68067
        },
        "2019-09": {
            "month": "2019-09",
            "price": "20.58",
            "revenue": 61239
        },
        "2019-10": {
            "month": "2019-10",
            "price": "20.28",
            "revenue": 75222
        },
        "2019-11": {
            "month": "2019-11",
            "price": "20.47",
            "revenue": 175162
        },
        "2019-12": {
            "month": "2019-12",
            "price": "20.39",
            "revenue": 169916
        },
        "2020-01": {
            "month": "2020-01",
            "price": "20.55",
            "revenue": 143404
        },
        "2020-02": {
            "month": "2020-02",
            "price": "23.61",
            "revenue": 60745
        },
        "2020-03": {
            "month": "2020-03",
            "price": "20.48",
            "revenue": 131125
        },
        "2020-04": {
            "month": "2020-04",
            "price": "19.72",
            "revenue": 217800
        },
        "2020-05": {
            "month": "2020-05",
            "price": "22.29",
            "revenue": 79076
        },
        "2020-06": {
            "month": "2020-06",
            "price": "22.10",
            "revenue": 73376
        },
        "2020-07": {
            "month": "2020-07",
            "price": "21.30",
            "revenue": 89819
        },
        "2020-08": {
            "month": "2020-08",
            "price": "21.05",
            "revenue": 128111
        },
        "2020-09": {
            "month": "2020-09",
            "price": "21.70",
            "revenue": 62910
        },
        "2020-10": {
            "month": "2020-10",
            "price": "21.54",
            "revenue": 9566
        },
        "2020-11": {
            "month": "2020-11",
            "price": "20.87",
            "revenue": 12078
        },
        "2020-12": {
            "month": "2020-12",
            "price": "20.09",
            "revenue": 31837
        },
        "2021-01": {
            "month": "2021-01",
            "price": "19.26",
            "revenue": 17238
        },
        "2021-02": {
            "month": "2021-02",
            "price": "19.55",
            "revenue": 44937
        },
        "2021-03": {
            "month": "2021-03",
            "price": "18.13",
            "revenue": 41861
        },
        "2021-04": {
            "month": "2021-04",
            "price": "17.57",
            "revenue": 18137
        },
        "2021-05": {
            "month": "2021-05",
            "price": "16.16",
            "revenue": 39458
        },
        "2021-06": {
            "month": "2021-06",
            "price": "15.59",
            "revenue": 110589
        },
        "2021-07": {
            "month": "2021-07",
            "price": "19.16",
            "revenue": 21739
        },
        "2021-08": {
            "month": "2021-08",
            "price": "19.22",
            "revenue": 31366
        },
        "2021-09": {
            "month": "2021-09",
            "price": "18.92",
            "revenue": 84081
        },
        "2021-10": {
            "month": "2021-10",
            "price": "21.28",
            "revenue": 21029
        },
        "2021-11": {
            "month": "2021-11",
            "price": "19.50",
            "revenue": 27602
        },
        "2021-12": {
            "month": "2021-12",
            "price": "19.87",
            "revenue": 41509
        },
        "2022-01": {
            "month": "2022-01",
            "price": "19.62",
            "revenue": 44471
        },
        "2022-02": {
            "month": "2022-02",
            "price": "20.69",
            "revenue": 26943
        },
        "2022-03": {
            "month": "2022-03",
            "price": "21.53",
            "revenue": 64788
        },
        "2022-04": {
            "month": "2022-04",
            "price": "20.84",
            "revenue": 32909
        },
        "2022-05": {
            "month": "2022-05",
            "price": "20.91",
            "revenue": 35961
        },
        "2022-06": {
            "month": "2022-06",
            "price": "21.07",
            "revenue": 53726
        },
        "2022-07": {
            "month": "2022-07",
            "price": "20.75",
            "revenue": 49793
        },
        "2022-08": {
            "month": "2022-08",
            "price": "20.57",
            "revenue": 35053
        },
        "2022-09": {
            "month": "2022-09",
            "price": "20.56",
            "revenue": 57952
        },
        "2022-10": {
            "month": "2022-10",
            "price": "16.49",
            "revenue": 12914
        },
        "2022-11": {
            "month": "2022-11",
            "price": "15.30",
            "revenue": 15207
        },
        "2022-12": {
            "month": "2022-12",
            "price": "14.92",
            "revenue": 34093
        },
        "2023-01": {
            "month": "2023-01",
            "price": "14.52",
            "revenue": 20735
        },
        "2023-02": {
            "month": "2023-02",
            "price": "14.71",
            "revenue": 31791
        },
        "2023-03": {
            "month": "2023-03",
            "price": "15.27",
            "revenue": 22420
        },
        "2023-04": {
            "month": "2023-04",
            "price": "14.83",
            "revenue": 21990
        }
    }
}
