{
    "summary": {
        "stock_name": "南光",
        "stock_id": "1752",
        "category": "生技醫療",
        "main_business": "西藥、醫療器材、動物藥品、飼料添加物、化妝品之製造加工買賣。<br>塑膠原料、塑膠瓶之製造加工買賣。<br>食品製造加工買賣業務及前項有關進出口貿易業務。",
        "website_url": "http://www.nangkuang.com.tw",
        "ceo": "王玉杯",
        "pe_ratio": 12,
        "report_year_from": 2001,
        "report_year_to": 2023,
        "age": 23,
        "eps_negative_percentage": 11,
        "eps_growth_avg": {
            "last_all": 1.08,
            "last_2y": 17.76,
            "last_4y": 27.41,
            "last_8y": 19.74,
            "last_12y": 16.15,
            "last_16y": 1.32,
            "last_20y": null,
            "at_2006_last_3y": null,
            "at_2007_last_3y": null,
            "at_2008_last_3y": null,
            "at_2009_last_3y": -15.09,
            "at_2010_last_3y": -39.46,
            "at_2011_last_3y": -39.97,
            "at_2012_last_3y": -27.01,
            "at_2013_last_3y": -33.33,
            "at_2014_last_3y": 0,
            "at_2015_last_3y": 33.33,
            "at_2016_last_3y": 1.55,
            "at_2017_last_3y": 28.66,
            "at_2018_last_3y": 10.16,
            "at_2019_last_3y": 10.16,
            "at_2020_last_3y": 4.94,
            "at_2021_last_3y": 11.41,
            "at_2022_last_3y": 42.72,
            "at_2023_last_3y": 9.27,
            "at_2024_last_3y": 9.27,
            "at_2006_last_all": null,
            "at_2007_last_all": -20.23,
            "at_2008_last_all": 6.89,
            "at_2009_last_all": -15.09,
            "at_2010_last_all": -32.08,
            "at_2011_last_all": -32.08,
            "at_2012_last_all": -10.06,
            "at_2013_last_all": -22.91,
            "at_2014_last_all": -22.91,
            "at_2015_last_all": -7.55,
            "at_2016_last_all": -6.19,
            "at_2017_last_all": -7.44,
            "at_2018_last_all": -10.89,
            "at_2019_last_all": -1.65,
            "at_2020_last_all": -2.77,
            "at_2021_last_all": -2.05,
            "at_2022_last_all": 3.41,
            "at_2023_last_all": 1.08,
            "at_2024_last_all": 1.08
        },
        "latest_eps": 3.91,
        "latest_price": 48.4,
        "latest_roe": 16.95,
        "latest_gross_margin": 33.56,
        "latest_equity": 2411904,
        "latest_revenue": 537058,
        "latest_gross_profit": 180242,
        "latest_net_income": 46621,
        "latest_debt_ratio": 37.24,
        "latest_current_ratio": 122.29,
        "latest_account_receivable_turnover_ratio": 1.29,
        "latest_inventory_turnover_ratio": 0.46,
        "latest_reinvestment_rate": 13.77,
        "latest_research_to_sale_ratio": 8.25
    },
    "eps_dividends": {
        "2001": {
            "cash": 0,
            "stock": 0,
            "eps": 0
        },
        "2002": {
            "cash": 0,
            "stock": 0,
            "eps": 0
        },
        "2003": {
            "cash": 0,
            "stock": 0.4,
            "eps": 0
        },
        "2004": {
            "cash": 0,
            "stock": 0,
            "eps": 0
        },
        "2005": {
            "cash": 2,
            "stock": 0,
            "eps": 1.19
        },
        "2006": {
            "cash": 1,
            "stock": 1,
            "eps": 1.16
        },
        "2007": {
            "cash": 0.2,
            "stock": 1.3,
            "eps": 0.72
        },
        "2008": {
            "cash": 0.2,
            "stock": 1,
            "eps": 1.16
        },
        "2009": {
            "cash": 1,
            "stock": 0,
            "eps": 0.22
        },
        "2010": {
            "cash": 0.2,
            "stock": 0,
            "eps": -0.18
        },
        "2011": {
            "cash": 0,
            "stock": 0,
            "eps": 0.09
        },
        "2012": {
            "cash": 0.2,
            "stock": 0,
            "eps": 1.28
        },
        "2013": {
            "cash": 0.3,
            "stock": 0.5,
            "eps": -0.1
        },
        "2014": {
            "cash": 0.3,
            "stock": 0.7,
            "eps": 0.75
        },
        "2015": {
            "cash": 0.5,
            "stock": 0,
            "eps": 2.15
        },
        "2016": {
            "cash": 1.2,
            "stock": 0,
            "eps": 2.25
        },
        "2017": {
            "cash": 1.6,
            "stock": 0,
            "eps": 1.83
        },
        "2018": {
            "cash": 1.6,
            "stock": 0,
            "eps": 1
        },
        "2019": {
            "cash": 1.2,
            "stock": 0,
            "eps": 2.16
        },
        "2020": {
            "cash": 1.7,
            "stock": 0,
            "eps": 1.81
        },
        "2021": {
            "cash": 1.6,
            "stock": 0,
            "eps": 1.94
        },
        "2022": {
            "cash": 1.8,
            "stock": 0,
            "eps": 3.49
        },
        "2023": {
            "cash": 2.3,
            "stock": 0,
            "eps": 2.31
        }
    },
    "dividends": {
        "2003-07-31": {
            "cash": 0,
            "stock": 0.2
        },
        "2003-11-05": {
            "cash": 0,
            "stock": 0.2
        },
        "2005-04-27": {
            "cash": 2,
            "stock": 0
        },
        "2006-04-26": {
            "cash": 1,
            "stock": 1
        },
        "2007-04-27": {
            "cash": 0.2,
            "stock": 1.3
        },
        "2008-06-17": {
            "cash": 0.2,
            "stock": 1
        },
        "2009-03-27": {
            "cash": 1,
            "stock": 0
        },
        "2010-04-09": {
            "cash": 0.2,
            "stock": 0
        },
        "2012-06-06": {
            "cash": 0.2,
            "stock": 0
        },
        "2013-06-28": {
            "cash": 0.3,
            "stock": 0.5
        },
        "2014-11-07": {
            "cash": 0.3,
            "stock": 0.7
        },
        "2015-10-20": {
            "cash": 0.5,
            "stock": 0
        },
        "2016-09-14": {
            "cash": 1.2,
            "stock": 0
        },
        "2017-09-27": {
            "cash": 1.6,
            "stock": 0
        },
        "2018-09-27": {
            "cash": 1.6,
            "stock": 0
        },
        "2019-08-22": {
            "cash": 1.2,
            "stock": 0
        },
        "2020-07-31": {
            "cash": 1.7,
            "stock": 0
        },
        "2021-09-17": {
            "cash": 1.6,
            "stock": 0
        },
        "2022-07-21": {
            "cash": 1.8,
            "stock": 0
        },
        "2023-07-24": {
            "cash": 2.3,
            "stock": 0
        }
    },
    "prices": {
        "200101": "無",
        "200102": "無",
        "200103": "無",
        "200104": "無",
        "200105": "無",
        "200106": "無",
        "200107": "無",
        "200108": "無",
        "200109": "無",
        "200110": "無",
        "200111": "無",
        "200112": "無",
        "200201": "無",
        "200202": "無",
        "200203": "無",
        "200204": "無",
        "200205": "無",
        "200206": "無",
        "200207": "無",
        "200208": "無",
        "200209": "無",
        "200210": "無",
        "200211": "無",
        "200212": "無",
        "200301": "無",
        "200302": "無",
        "200303": "無",
        "200304": "無",
        "200305": "無",
        "200306": "無",
        "200307": "無",
        "200308": "無",
        "200309": "無",
        "200310": "無",
        "200311": "無",
        "200312": "無",
        "200401": "無",
        "200402": "無",
        "200403": "無",
        "200404": "無",
        "200405": "無",
        "200406": "無",
        "200407": "無",
        "200408": "無",
        "200409": "無",
        "200410": "無",
        "200411": "無",
        "200412": "無",
        "200501": "無",
        "200502": "無",
        "200503": "無",
        "200504": "無",
        "200505": "無",
        "200506": "25.21",
        "200507": "24.80",
        "200508": "26.20",
        "200509": "23.86",
        "200510": "21.29",
        "200511": "19.95",
        "200512": "20.78",
        "200601": "24.45",
        "200602": "無",
        "200603": "25.54",
        "200604": "無",
        "200605": "21.15",
        "200606": "19.95",
        "200607": "23.03",
        "200608": "無",
        "200609": "無",
        "200610": "22.44",
        "200611": "22.09",
        "200612": "24.95",
        "200701": "24.10",
        "200702": "23.50",
        "200703": "無",
        "200704": "21.26",
        "200705": "21.05",
        "200706": "22.13",
        "200707": "31.14",
        "200708": "32.70",
        "200709": "32.09",
        "200710": "28.70",
        "200711": "28.56",
        "200712": "27.88",
        "200801": "21.27",
        "200802": "19.65",
        "200803": "19.74",
        "200804": "20.36",
        "200805": "22.20",
        "200806": "20.99",
        "200807": "19.56",
        "200808": "19.70",
        "200809": "19.53",
        "200810": "17.97",
        "200811": "15.52",
        "200812": "14.55",
        "200901": "15.37",
        "200902": "15.54",
        "200903": "18.87",
        "200904": "24.39",
        "200905": "24.99",
        "200906": "24.60",
        "200907": "31.87",
        "200908": "30.44",
        "200909": "28.96",
        "200910": "28.31",
        "200911": "24.17",
        "200912": "25.29",
        "201001": "25.60",
        "201002": "21.63",
        "201003": "25.69",
        "201004": "30.03",
        "201005": "26.08",
        "201006": "25.50",
        "201007": "27.41",
        "201008": "30.86",
        "201009": "34.38",
        "201010": "41.46",
        "201011": "36.92",
        "201012": "36.95",
        "201101": "34.67",
        "201102": "34.27",
        "201103": "34.65",
        "201104": "37.23",
        "201105": "35.73",
        "201106": "30.82",
        "201107": "30.74",
        "201108": "27.64",
        "201109": "27.09",
        "201110": "26.99",
        "201111": "25.14",
        "201112": "22.58",
        "201201": "23.34",
        "201202": "28.43",
        "201203": "28.67",
        "201204": "28.54",
        "201205": "29.03",
        "201206": "29.48",
        "201207": "29.79",
        "201208": "30.76",
        "201209": "35.97",
        "201210": "38.22",
        "201211": "39.58",
        "201212": "42.83",
        "201301": "41.51",
        "201302": "40.96",
        "201303": "39.40",
        "201304": "36.88",
        "201305": "34.54",
        "201306": "34.20",
        "201307": "38.17",
        "201308": "38.08",
        "201309": "38.54",
        "201310": "38.28",
        "201311": "35.99",
        "201312": "34.87",
        "201401": "35.32",
        "201402": "35.91",
        "201403": "34.04",
        "201404": "32.12",
        "201405": "32.70",
        "201406": "34.25",
        "201407": "35.45",
        "201408": "32.75",
        "201409": "33.46",
        "201410": "31.28",
        "201411": "31.00",
        "201412": "31.95",
        "201501": "35.54",
        "201502": "35.66",
        "201503": "39.97",
        "201504": "43.41",
        "201505": "38.81",
        "201506": "35.69",
        "201507": "40.64",
        "201508": "38.47",
        "201509": "42.47",
        "201510": "44.30",
        "201511": "48.02",
        "201512": "47.60",
        "201601": "44.86",
        "201602": "45.23",
        "201603": "43.92",
        "201604": "42.89",
        "201605": "44.41",
        "201606": "47.11",
        "201607": "48.81",
        "201608": "44.68",
        "201609": "43.85",
        "201610": "42.14",
        "201611": "37.48",
        "201612": "38.59",
        "201701": "40.48",
        "201702": "41.98",
        "201703": "43.20",
        "201704": "40.71",
        "201705": "39.78",
        "201706": "41.00",
        "201707": "40.18",
        "201708": "38.42",
        "201709": "37.21",
        "201710": "35.98",
        "201711": "36.99",
        "201712": "36.69",
        "201801": "38.27",
        "201802": "36.58",
        "201803": "37.08",
        "201804": "39.64",
        "201805": "37.42",
        "201806": "37.30",
        "201807": "36.34",
        "201808": "35.13",
        "201809": "32.64",
        "201810": "30.10",
        "201811": "29.14",
        "201812": "29.59",
        "201901": "29.93",
        "201902": "29.77",
        "201903": "30.18",
        "201904": "30.24",
        "201905": "29.90",
        "201906": "29.82",
        "201907": "30.28",
        "201908": "31.14",
        "201909": "34.50",
        "201910": "39.61",
        "201911": "42.49",
        "201912": "42.72",
        "202001": "41.91",
        "202002": "44.32",
        "202003": "38.63",
        "202004": "42.43",
        "202005": "44.20",
        "202006": "47.92",
        "202007": "47.34",
        "202008": "43.71",
        "202009": "41.63",
        "202010": "40.44",
        "202011": "39.04",
        "202012": "39.39",
        "202101": "38.12",
        "202102": "38.65",
        "202103": "39.07",
        "202104": "39.64",
        "202105": "39.68",
        "202106": "38.93",
        "202107": "38.68",
        "202108": "37.46",
        "202109": "36.19",
        "202110": "34.26",
        "202111": "35.71",
        "202112": "37.24",
        "202201": "38.56",
        "202202": "38.34",
        "202203": "37.61",
        "202204": "37.88",
        "202205": "36.78",
        "202206": "36.91",
        "202207": "35.40",
        "202208": "37.01",
        "202209": "37.63",
        "202210": "33.78",
        "202211": "35.21",
        "202212": "52.02",
        "202301": "58.28",
        "202302": "59.10",
        "202303": "58.27",
        "202304": "72.58",
        "202305": "70.97",
        "202306": "63.48",
        "202307": "60.80",
        "202308": "55.46",
        "202309": "55.16",
        "202310": "53.47",
        "202311": "52.90",
        "202312": "56.00"
    },
    "quarters": {
        "20011": {
            "year_quarter": 20011,
            "year": 2001,
            "quarter": 1,
            "eps": null,
            "eps_growth_year": null,
            "eps_4q": null,
            "eps_4q_growth_year": null,
            "roe": null,
            "roe_4q": 0,
            "gross_profit": null,
            "gross_margin": null,
            "gross_margin_4q_avg": 0,
            "net_income": null,
            "net_income_4q": null,
            "revenue": null,
            "revenue_4q": null,
            "common_shares": null,
            "book_valuer_per_share": null,
            "book_valuer_per_share_4q_avg": 0,
            "equity": null,
            "current_ratio": null,
            "debt_ratio": null,
            "inventory_turnover_ratio": null,
            "account_receivable_turnover_ratio": null,
            "reinvestment_rate": null,
            "research_to_sale_ratio": null,
            "price_fair": 0,
            "eps_avg_yearly": 0,
            "eps_latest_yearly": 0,
            "eps_growth_yearly": 0
        },
        "20012": {
            "year_quarter": 20012,
            "year": 2001,
            "quarter": 2,
            "eps": null,
            "eps_growth_year": null,
            "eps_4q": null,
            "eps_4q_growth_year": null,
            "roe": null,
            "roe_4q": 0,
            "gross_profit": null,
            "gross_margin": null,
            "gross_margin_4q_avg": 0,
            "net_income": null,
            "net_income_4q": null,
            "revenue": null,
            "revenue_4q": null,
            "common_shares": null,
            "book_valuer_per_share": null,
            "book_valuer_per_share_4q_avg": 0,
            "equity": null,
            "current_ratio": null,
            "debt_ratio": null,
            "inventory_turnover_ratio": null,
            "account_receivable_turnover_ratio": null,
            "reinvestment_rate": null,
            "research_to_sale_ratio": null,
            "price_fair": 0,
            "eps_avg_yearly": 0,
            "eps_latest_yearly": 0,
            "eps_growth_yearly": 0
        },
        "20013": {
            "year_quarter": 20013,
            "year": 2001,
            "quarter": 3,
            "eps": null,
            "eps_growth_year": null,
            "eps_4q": null,
            "eps_4q_growth_year": null,
            "roe": null,
            "roe_4q": 0,
            "gross_profit": null,
            "gross_margin": null,
            "gross_margin_4q_avg": 0,
            "net_income": null,
            "net_income_4q": null,
            "revenue": null,
            "revenue_4q": null,
            "common_shares": null,
            "book_valuer_per_share": null,
            "book_valuer_per_share_4q_avg": 0,
            "equity": null,
            "current_ratio": null,
            "debt_ratio": null,
            "inventory_turnover_ratio": null,
            "account_receivable_turnover_ratio": null,
            "reinvestment_rate": null,
            "research_to_sale_ratio": null,
            "price_fair": 0,
            "eps_avg_yearly": 0,
            "eps_latest_yearly": 0,
            "eps_growth_yearly": 0
        },
        "20014": {
            "year_quarter": 20014,
            "year": 2001,
            "quarter": 4,
            "eps": null,
            "eps_growth_year": null,
            "eps_4q": null,
            "eps_4q_growth_year": null,
            "roe": null,
            "roe_4q": 0,
            "gross_profit": null,
            "gross_margin": null,
            "gross_margin_4q_avg": 0,
            "net_income": null,
            "net_income_4q": null,
            "revenue": null,
            "revenue_4q": null,
            "common_shares": 396000,
            "book_valuer_per_share": 11.6,
            "book_valuer_per_share_4q_avg": 2.9,
            "equity": 459547,
            "current_ratio": 83.14,
            "debt_ratio": 49.96,
            "inventory_turnover_ratio": null,
            "account_receivable_turnover_ratio": null,
            "reinvestment_rate": null,
            "research_to_sale_ratio": null,
            "price_fair": 0,
            "eps_avg_yearly": 0,
            "eps_latest_yearly": 0,
            "eps_growth_yearly": 0
        },
        "20021": {
            "year_quarter": 20021,
            "year": 2002,
            "quarter": 1,
            "eps": null,
            "eps_growth_year": null,
            "eps_4q": null,
            "eps_4q_growth_year": null,
            "roe": null,
            "roe_4q": 0,
            "gross_profit": null,
            "gross_margin": null,
            "gross_margin_4q_avg": 0,
            "net_income": null,
            "net_income_4q": null,
            "revenue": null,
            "revenue_4q": null,
            "common_shares": null,
            "book_valuer_per_share": null,
            "book_valuer_per_share_4q_avg": 2.9,
            "equity": null,
            "current_ratio": null,
            "debt_ratio": null,
            "inventory_turnover_ratio": null,
            "account_receivable_turnover_ratio": null,
            "reinvestment_rate": null,
            "research_to_sale_ratio": null,
            "price_fair": 0,
            "eps_avg_yearly": 0,
            "eps_latest_yearly": 0,
            "eps_growth_yearly": 0
        },
        "20022": {
            "year_quarter": 20022,
            "year": 2002,
            "quarter": 2,
            "eps": null,
            "eps_growth_year": null,
            "eps_4q": null,
            "eps_4q_growth_year": null,
            "roe": null,
            "roe_4q": 0,
            "gross_profit": null,
            "gross_margin": null,
            "gross_margin_4q_avg": 0,
            "net_income": null,
            "net_income_4q": null,
            "revenue": null,
            "revenue_4q": null,
            "common_shares": null,
            "book_valuer_per_share": null,
            "book_valuer_per_share_4q_avg": 2.9,
            "equity": null,
            "current_ratio": null,
            "debt_ratio": null,
            "inventory_turnover_ratio": null,
            "account_receivable_turnover_ratio": null,
            "reinvestment_rate": null,
            "research_to_sale_ratio": null,
            "price_fair": 0,
            "eps_avg_yearly": 0,
            "eps_latest_yearly": 0,
            "eps_growth_yearly": 0
        },
        "20023": {
            "year_quarter": 20023,
            "year": 2002,
            "quarter": 3,
            "eps": null,
            "eps_growth_year": null,
            "eps_4q": null,
            "eps_4q_growth_year": null,
            "roe": null,
            "roe_4q": 0,
            "gross_profit": null,
            "gross_margin": null,
            "gross_margin_4q_avg": 0,
            "net_income": null,
            "net_income_4q": null,
            "revenue": null,
            "revenue_4q": null,
            "common_shares": null,
            "book_valuer_per_share": null,
            "book_valuer_per_share_4q_avg": 2.9,
            "equity": null,
            "current_ratio": null,
            "debt_ratio": null,
            "inventory_turnover_ratio": null,
            "account_receivable_turnover_ratio": null,
            "reinvestment_rate": null,
            "research_to_sale_ratio": null,
            "price_fair": 0,
            "eps_avg_yearly": 0,
            "eps_latest_yearly": 0,
            "eps_growth_yearly": 0
        },
        "20024": {
            "year_quarter": 20024,
            "year": 2002,
            "quarter": 4,
            "eps": null,
            "eps_growth_year": null,
            "eps_4q": null,
            "eps_4q_growth_year": null,
            "roe": null,
            "roe_4q": 0,
            "gross_profit": null,
            "gross_margin": null,
            "gross_margin_4q_avg": 0,
            "net_income": null,
            "net_income_4q": null,
            "revenue": null,
            "revenue_4q": null,
            "common_shares": 396000,
            "book_valuer_per_share": 11.86,
            "book_valuer_per_share_4q_avg": 2.97,
            "equity": 469830,
            "current_ratio": 94.58,
            "debt_ratio": 48.03,
            "inventory_turnover_ratio": null,
            "account_receivable_turnover_ratio": null,
            "reinvestment_rate": null,
            "research_to_sale_ratio": null,
            "price_fair": 0,
            "eps_avg_yearly": 0,
            "eps_latest_yearly": 0,
            "eps_growth_yearly": 0
        },
        "20031": {
            "year_quarter": 20031,
            "year": 2003,
            "quarter": 1,
            "eps": null,
            "eps_growth_year": null,
            "eps_4q": null,
            "eps_4q_growth_year": null,
            "roe": null,
            "roe_4q": 0,
            "gross_profit": null,
            "gross_margin": null,
            "gross_margin_4q_avg": 0,
            "net_income": null,
            "net_income_4q": null,
            "revenue": null,
            "revenue_4q": null,
            "common_shares": null,
            "book_valuer_per_share": null,
            "book_valuer_per_share_4q_avg": 2.97,
            "equity": null,
            "current_ratio": null,
            "debt_ratio": null,
            "inventory_turnover_ratio": null,
            "account_receivable_turnover_ratio": null,
            "reinvestment_rate": null,
            "research_to_sale_ratio": null,
            "price_fair": 0,
            "eps_avg_yearly": 0,
            "eps_latest_yearly": 0,
            "eps_growth_yearly": 0
        },
        "20032": {
            "year_quarter": 20032,
            "year": 2003,
            "quarter": 2,
            "eps": null,
            "eps_growth_year": null,
            "eps_4q": null,
            "eps_4q_growth_year": null,
            "roe": null,
            "roe_4q": 0,
            "gross_profit": null,
            "gross_margin": null,
            "gross_margin_4q_avg": 0,
            "net_income": null,
            "net_income_4q": null,
            "revenue": null,
            "revenue_4q": null,
            "common_shares": null,
            "book_valuer_per_share": null,
            "book_valuer_per_share_4q_avg": 2.97,
            "equity": null,
            "current_ratio": null,
            "debt_ratio": null,
            "inventory_turnover_ratio": null,
            "account_receivable_turnover_ratio": null,
            "reinvestment_rate": null,
            "research_to_sale_ratio": null,
            "price_fair": 0,
            "eps_avg_yearly": 0,
            "eps_latest_yearly": 0,
            "eps_growth_yearly": 0
        },
        "20033": {
            "year_quarter": 20033,
            "year": 2003,
            "quarter": 3,
            "eps": null,
            "eps_growth_year": null,
            "eps_4q": null,
            "eps_4q_growth_year": null,
            "roe": null,
            "roe_4q": 0,
            "gross_profit": null,
            "gross_margin": null,
            "gross_margin_4q_avg": 0,
            "net_income": null,
            "net_income_4q": null,
            "revenue": null,
            "revenue_4q": null,
            "common_shares": null,
            "book_valuer_per_share": null,
            "book_valuer_per_share_4q_avg": 2.97,
            "equity": null,
            "current_ratio": null,
            "debt_ratio": null,
            "inventory_turnover_ratio": null,
            "account_receivable_turnover_ratio": null,
            "reinvestment_rate": null,
            "research_to_sale_ratio": null,
            "price_fair": 0,
            "eps_avg_yearly": 0,
            "eps_latest_yearly": 0,
            "eps_growth_yearly": 0
        },
        "20034": {
            "year_quarter": 20034,
            "year": 2003,
            "quarter": 4,
            "eps": null,
            "eps_growth_year": null,
            "eps_4q": null,
            "eps_4q_growth_year": null,
            "roe": null,
            "roe_4q": 0,
            "gross_profit": null,
            "gross_margin": null,
            "gross_margin_4q_avg": 0,
            "net_income": null,
            "net_income_4q": null,
            "revenue": null,
            "revenue_4q": null,
            "common_shares": 403920,
            "book_valuer_per_share": 12.4,
            "book_valuer_per_share_4q_avg": 3.1,
            "equity": 500745,
            "current_ratio": 153.34,
            "debt_ratio": 45.16,
            "inventory_turnover_ratio": null,
            "account_receivable_turnover_ratio": null,
            "reinvestment_rate": null,
            "research_to_sale_ratio": null,
            "price_fair": 0,
            "eps_avg_yearly": 0,
            "eps_latest_yearly": 0,
            "eps_growth_yearly": 0
        },
        "20041": {
            "year_quarter": 20041,
            "year": 2004,
            "quarter": 1,
            "eps": null,
            "eps_growth_year": null,
            "eps_4q": null,
            "eps_4q_growth_year": null,
            "roe": null,
            "roe_4q": 0,
            "gross_profit": null,
            "gross_margin": null,
            "gross_margin_4q_avg": 0,
            "net_income": null,
            "net_income_4q": null,
            "revenue": null,
            "revenue_4q": null,
            "common_shares": null,
            "book_valuer_per_share": null,
            "book_valuer_per_share_4q_avg": 3.1,
            "equity": null,
            "current_ratio": null,
            "debt_ratio": null,
            "inventory_turnover_ratio": null,
            "account_receivable_turnover_ratio": null,
            "reinvestment_rate": null,
            "research_to_sale_ratio": null,
            "price_fair": 0,
            "eps_avg_yearly": 0,
            "eps_latest_yearly": 0,
            "eps_growth_yearly": 0
        },
        "20042": {
            "year_quarter": 20042,
            "year": 2004,
            "quarter": 2,
            "eps": null,
            "eps_growth_year": null,
            "eps_4q": null,
            "eps_4q_growth_year": null,
            "roe": null,
            "roe_4q": 0,
            "gross_profit": null,
            "gross_margin": null,
            "gross_margin_4q_avg": 0,
            "net_income": null,
            "net_income_4q": null,
            "revenue": null,
            "revenue_4q": null,
            "common_shares": null,
            "book_valuer_per_share": null,
            "book_valuer_per_share_4q_avg": 3.1,
            "equity": null,
            "current_ratio": null,
            "debt_ratio": null,
            "inventory_turnover_ratio": null,
            "account_receivable_turnover_ratio": null,
            "reinvestment_rate": null,
            "research_to_sale_ratio": null,
            "price_fair": 0,
            "eps_avg_yearly": 0,
            "eps_latest_yearly": 0,
            "eps_growth_yearly": 0
        },
        "20043": {
            "year_quarter": 20043,
            "year": 2004,
            "quarter": 3,
            "eps": null,
            "eps_growth_year": null,
            "eps_4q": null,
            "eps_4q_growth_year": null,
            "roe": null,
            "roe_4q": 0,
            "gross_profit": null,
            "gross_margin": null,
            "gross_margin_4q_avg": 0,
            "net_income": null,
            "net_income_4q": null,
            "revenue": null,
            "revenue_4q": null,
            "common_shares": null,
            "book_valuer_per_share": null,
            "book_valuer_per_share_4q_avg": 3.1,
            "equity": null,
            "current_ratio": null,
            "debt_ratio": null,
            "inventory_turnover_ratio": null,
            "account_receivable_turnover_ratio": null,
            "reinvestment_rate": null,
            "research_to_sale_ratio": null,
            "price_fair": 0,
            "eps_avg_yearly": 0,
            "eps_latest_yearly": 0,
            "eps_growth_yearly": 0
        },
        "20044": {
            "year_quarter": 20044,
            "year": 2004,
            "quarter": 4,
            "eps": null,
            "eps_growth_year": null,
            "eps_4q": null,
            "eps_4q_growth_year": null,
            "roe": null,
            "roe_4q": 0,
            "gross_profit": null,
            "gross_margin": null,
            "gross_margin_4q_avg": 0,
            "net_income": null,
            "net_income_4q": null,
            "revenue": null,
            "revenue_4q": null,
            "common_shares": 403920,
            "book_valuer_per_share": 14.62,
            "book_valuer_per_share_4q_avg": 3.66,
            "equity": 590616,
            "current_ratio": 141.02,
            "debt_ratio": 40.32,
            "inventory_turnover_ratio": null,
            "account_receivable_turnover_ratio": null,
            "reinvestment_rate": null,
            "research_to_sale_ratio": null,
            "price_fair": 0,
            "eps_avg_yearly": 0,
            "eps_latest_yearly": 0,
            "eps_growth_yearly": 0
        },
        "20051": {
            "year_quarter": 20051,
            "year": 2005,
            "quarter": 1,
            "eps": 0.66,
            "eps_growth_year": null,
            "eps_4q": null,
            "eps_4q_growth_year": null,
            "roe": 4.43,
            "roe_4q": 4.43,
            "gross_profit": 61568,
            "gross_margin": 45.62,
            "gross_margin_4q_avg": 11.41,
            "net_income": 26756,
            "net_income_4q": null,
            "revenue": 134972,
            "revenue_4q": null,
            "common_shares": 403920,
            "book_valuer_per_share": 15.28,
            "book_valuer_per_share_4q_avg": 7.48,
            "equity": 617372,
            "current_ratio": 160.87,
            "debt_ratio": 37.85,
            "inventory_turnover_ratio": 0.78,
            "account_receivable_turnover_ratio": null,
            "reinvestment_rate": null,
            "research_to_sale_ratio": null,
            "price_fair": 0,
            "eps_avg_yearly": 0,
            "eps_latest_yearly": 0,
            "eps_growth_yearly": 0
        },
        "20052": {
            "year_quarter": 20052,
            "year": 2005,
            "quarter": 2,
            "eps": 0.53,
            "eps_growth_year": null,
            "eps_4q": null,
            "eps_4q_growth_year": null,
            "roe": 3.68,
            "roe_4q": 8.11,
            "gross_profit": 63913,
            "gross_margin": 46.42,
            "gross_margin_4q_avg": 23.01,
            "net_income": 21601,
            "net_income_4q": null,
            "revenue": 137686,
            "revenue_4q": null,
            "common_shares": 403920,
            "book_valuer_per_share": 13.82,
            "book_valuer_per_share_4q_avg": 10.93,
            "equity": 558026,
            "current_ratio": 123.26,
            "debt_ratio": 41.58,
            "inventory_turnover_ratio": 0.8,
            "account_receivable_turnover_ratio": null,
            "reinvestment_rate": null,
            "research_to_sale_ratio": null,
            "price_fair": 6.36,
            "eps_avg_yearly": 2.12,
            "eps_latest_yearly": 2.12,
            "eps_growth_yearly": -78.79
        },
        "20053": {
            "year_quarter": 20053,
            "year": 2005,
            "quarter": 3,
            "eps": null,
            "eps_growth_year": null,
            "eps_4q": null,
            "eps_4q_growth_year": null,
            "roe": null,
            "roe_4q": 8.11,
            "gross_profit": null,
            "gross_margin": null,
            "gross_margin_4q_avg": 23.01,
            "net_income": null,
            "net_income_4q": null,
            "revenue": null,
            "revenue_4q": null,
            "common_shares": null,
            "book_valuer_per_share": null,
            "book_valuer_per_share_4q_avg": 10.93,
            "equity": null,
            "current_ratio": null,
            "debt_ratio": null,
            "inventory_turnover_ratio": null,
            "account_receivable_turnover_ratio": null,
            "reinvestment_rate": null,
            "research_to_sale_ratio": null,
            "price_fair": 6.36,
            "eps_avg_yearly": 2.12,
            "eps_latest_yearly": 2.12,
            "eps_growth_yearly": -78.79
        },
        "20054": {
            "year_quarter": 20054,
            "year": 2005,
            "quarter": 4,
            "eps": null,
            "eps_growth_year": null,
            "eps_4q": null,
            "eps_4q_growth_year": null,
            "roe": null,
            "roe_4q": 8.11,
            "gross_profit": null,
            "gross_margin": null,
            "gross_margin_4q_avg": 23.01,
            "net_income": null,
            "net_income_4q": null,
            "revenue": null,
            "revenue_4q": null,
            "common_shares": 403920,
            "book_valuer_per_share": 14.76,
            "book_valuer_per_share_4q_avg": 10.97,
            "equity": 550956,
            "current_ratio": 141.46,
            "debt_ratio": 43.86,
            "inventory_turnover_ratio": null,
            "account_receivable_turnover_ratio": null,
            "reinvestment_rate": null,
            "research_to_sale_ratio": null,
            "price_fair": 6.36,
            "eps_avg_yearly": 2.12,
            "eps_latest_yearly": 2.12,
            "eps_growth_yearly": -78.79
        },
        "20061": {
            "year_quarter": 20061,
            "year": 2006,
            "quarter": 1,
            "eps": 0.5,
            "eps_growth_year": -24.24,
            "eps_4q": null,
            "eps_4q_growth_year": null,
            "roe": 3.43,
            "roe_4q": 7.11,
            "gross_profit": 63190,
            "gross_margin": 45.12,
            "gross_margin_4q_avg": 22.89,
            "net_income": 19996,
            "net_income_4q": null,
            "revenue": 140064,
            "revenue_4q": null,
            "common_shares": 403920,
            "book_valuer_per_share": 15.25,
            "book_valuer_per_share_4q_avg": 10.96,
            "equity": 616071,
            "current_ratio": 160.32,
            "debt_ratio": 35.87,
            "inventory_turnover_ratio": 0.82,
            "account_receivable_turnover_ratio": null,
            "reinvestment_rate": null,
            "research_to_sale_ratio": null,
            "price_fair": 6.36,
            "eps_avg_yearly": 2.12,
            "eps_latest_yearly": 2.12,
            "eps_growth_yearly": -78.79
        },
        "20062": {
            "year_quarter": 20062,
            "year": 2006,
            "quarter": 2,
            "eps": 0.66,
            "eps_growth_year": 24.53,
            "eps_4q": null,
            "eps_4q_growth_year": null,
            "roe": 4.37,
            "roe_4q": 7.800000000000001,
            "gross_profit": 72263,
            "gross_margin": 46.7,
            "gross_margin_4q_avg": 22.96,
            "net_income": 26498,
            "net_income_4q": null,
            "revenue": 154755,
            "revenue_4q": null,
            "common_shares": 403920,
            "book_valuer_per_share": 14.79,
            "book_valuer_per_share_4q_avg": 11.2,
            "equity": 597347,
            "current_ratio": 151.93,
            "debt_ratio": 41.81,
            "inventory_turnover_ratio": 0.96,
            "account_receivable_turnover_ratio": null,
            "reinvestment_rate": null,
            "research_to_sale_ratio": null,
            "price_fair": 82.36,
            "eps_avg_yearly": 2.38,
            "eps_latest_yearly": 2.64,
            "eps_growth_yearly": 24.61
        },
        "20063": {
            "year_quarter": 20063,
            "year": 2006,
            "quarter": 3,
            "eps": null,
            "eps_growth_year": null,
            "eps_4q": null,
            "eps_4q_growth_year": null,
            "roe": null,
            "roe_4q": 7.800000000000001,
            "gross_profit": null,
            "gross_margin": null,
            "gross_margin_4q_avg": 22.96,
            "net_income": null,
            "net_income_4q": null,
            "revenue": null,
            "revenue_4q": null,
            "common_shares": null,
            "book_valuer_per_share": null,
            "book_valuer_per_share_4q_avg": 11.2,
            "equity": null,
            "current_ratio": null,
            "debt_ratio": null,
            "inventory_turnover_ratio": null,
            "account_receivable_turnover_ratio": null,
            "reinvestment_rate": null,
            "research_to_sale_ratio": null,
            "price_fair": 82.36,
            "eps_avg_yearly": 2.38,
            "eps_latest_yearly": 2.64,
            "eps_growth_yearly": 24.61
        },
        "20064": {
            "year_quarter": 20064,
            "year": 2006,
            "quarter": 4,
            "eps": null,
            "eps_growth_year": null,
            "eps_4q": null,
            "eps_4q_growth_year": null,
            "roe": null,
            "roe_4q": 7.800000000000001,
            "gross_profit": null,
            "gross_margin": null,
            "gross_margin_4q_avg": 22.96,
            "net_income": null,
            "net_income_4q": null,
            "revenue": null,
            "revenue_4q": null,
            "common_shares": 446507,
            "book_valuer_per_share": 14.22,
            "book_valuer_per_share_4q_avg": 11.07,
            "equity": 634954,
            "current_ratio": 159.3,
            "debt_ratio": 40.86,
            "inventory_turnover_ratio": null,
            "account_receivable_turnover_ratio": null,
            "reinvestment_rate": null,
            "research_to_sale_ratio": null,
            "price_fair": 82.36,
            "eps_avg_yearly": 2.38,
            "eps_latest_yearly": 2.64,
            "eps_growth_yearly": 24.61
        },
        "20071": {
            "year_quarter": 20071,
            "year": 2007,
            "quarter": 1,
            "eps": null,
            "eps_growth_year": null,
            "eps_4q": null,
            "eps_4q_growth_year": null,
            "roe": null,
            "roe_4q": 4.37,
            "gross_profit": null,
            "gross_margin": null,
            "gross_margin_4q_avg": 11.68,
            "net_income": null,
            "net_income_4q": null,
            "revenue": null,
            "revenue_4q": null,
            "common_shares": null,
            "book_valuer_per_share": null,
            "book_valuer_per_share_4q_avg": 7.25,
            "equity": null,
            "current_ratio": null,
            "debt_ratio": null,
            "inventory_turnover_ratio": null,
            "account_receivable_turnover_ratio": null,
            "reinvestment_rate": null,
            "research_to_sale_ratio": null,
            "price_fair": 82.36,
            "eps_avg_yearly": 2.38,
            "eps_latest_yearly": 2.64,
            "eps_growth_yearly": 24.61
        },
        "20072": {
            "year_quarter": 20072,
            "year": 2007,
            "quarter": 2,
            "eps": null,
            "eps_growth_year": null,
            "eps_4q": null,
            "eps_4q_growth_year": null,
            "roe": null,
            "roe_4q": 0,
            "gross_profit": null,
            "gross_margin": null,
            "gross_margin_4q_avg": 0,
            "net_income": null,
            "net_income_4q": null,
            "revenue": null,
            "revenue_4q": null,
            "common_shares": null,
            "book_valuer_per_share": null,
            "book_valuer_per_share_4q_avg": 3.56,
            "equity": null,
            "current_ratio": null,
            "debt_ratio": null,
            "inventory_turnover_ratio": null,
            "account_receivable_turnover_ratio": null,
            "reinvestment_rate": null,
            "research_to_sale_ratio": null,
            "price_fair": 82.36,
            "eps_avg_yearly": 2.38,
            "eps_latest_yearly": 2.64,
            "eps_growth_yearly": 24.61
        },
        "20073": {
            "year_quarter": 20073,
            "year": 2007,
            "quarter": 3,
            "eps": 0.6,
            "eps_growth_year": null,
            "eps_4q": null,
            "eps_4q_growth_year": null,
            "roe": 4.35,
            "roe_4q": 4.35,
            "gross_profit": 71282,
            "gross_margin": 39.67,
            "gross_margin_4q_avg": 9.92,
            "net_income": 30430,
            "net_income_4q": null,
            "revenue": 179671,
            "revenue_4q": null,
            "common_shares": 504553,
            "book_valuer_per_share": 13.85,
            "book_valuer_per_share_4q_avg": 7.02,
            "equity": 698924,
            "current_ratio": 130.82,
            "debt_ratio": 41.04,
            "inventory_turnover_ratio": 1.25,
            "account_receivable_turnover_ratio": null,
            "reinvestment_rate": null,
            "research_to_sale_ratio": null,
            "price_fair": 82.36,
            "eps_avg_yearly": 2.38,
            "eps_latest_yearly": 2.64,
            "eps_growth_yearly": 24.61
        },
        "20074": {
            "year_quarter": 20074,
            "year": 2007,
            "quarter": 4,
            "eps": 0.12,
            "eps_growth_year": null,
            "eps_4q": null,
            "eps_4q_growth_year": null,
            "roe": 0.84,
            "roe_4q": 5.1899999999999995,
            "gross_profit": 64049,
            "gross_margin": 47.95,
            "gross_margin_4q_avg": 21.91,
            "net_income": 5875,
            "net_income_4q": null,
            "revenue": 133561,
            "revenue_4q": null,
            "common_shares": 504553,
            "book_valuer_per_share": 13.97,
            "book_valuer_per_share_4q_avg": 6.96,
            "equity": 704799,
            "current_ratio": 129.44,
            "debt_ratio": 39.92,
            "inventory_turnover_ratio": 0.75,
            "account_receivable_turnover_ratio": null,
            "reinvestment_rate": null,
            "research_to_sale_ratio": null,
            "price_fair": 5.24,
            "eps_avg_yearly": 1.75,
            "eps_latest_yearly": 0.48,
            "eps_growth_yearly": -90.26
        },
        "20081": {
            "year_quarter": 20081,
            "year": 2008,
            "quarter": 1,
            "eps": 0.43,
            "eps_growth_year": null,
            "eps_4q": null,
            "eps_4q_growth_year": null,
            "roe": 3.01,
            "roe_4q": 8.2,
            "gross_profit": 67681,
            "gross_margin": 41.18,
            "gross_margin_4q_avg": 32.2,
            "net_income": 21556,
            "net_income_4q": null,
            "revenue": 164349,
            "revenue_4q": null,
            "common_shares": 504553,
            "book_valuer_per_share": 14.4,
            "book_valuer_per_share_4q_avg": 10.56,
            "equity": 726355,
            "current_ratio": 132.67,
            "debt_ratio": 42.94,
            "inventory_turnover_ratio": 0.98,
            "account_receivable_turnover_ratio": null,
            "reinvestment_rate": null,
            "research_to_sale_ratio": null,
            "price_fair": 60.9,
            "eps_avg_yearly": 1.74,
            "eps_latest_yearly": 1.72,
            "eps_growth_yearly": 190.64
        },
        "20082": {
            "year_quarter": 20082,
            "year": 2008,
            "quarter": 2,
            "eps": 0.18,
            "eps_growth_year": null,
            "eps_4q": 1.33,
            "eps_4q_growth_year": null,
            "roe": 1.25,
            "roe_4q": 9.45,
            "gross_profit": 65664,
            "gross_margin": 42.72,
            "gross_margin_4q_avg": 42.88,
            "net_income": 9078,
            "net_income_4q": null,
            "revenue": 153708,
            "revenue_4q": null,
            "common_shares": 504553,
            "book_valuer_per_share": 14.29,
            "book_valuer_per_share_4q_avg": 14.13,
            "equity": 720774,
            "current_ratio": 104.57,
            "debt_ratio": 44.9,
            "inventory_turnover_ratio": 0.87,
            "account_receivable_turnover_ratio": null,
            "reinvestment_rate": null,
            "research_to_sale_ratio": null,
            "price_fair": 53.76,
            "eps_avg_yearly": 1.54,
            "eps_latest_yearly": 0.72,
            "eps_growth_yearly": 106
        },
        "20083": {
            "year_quarter": 20083,
            "year": 2008,
            "quarter": 3,
            "eps": 0.17,
            "eps_growth_year": -71.67,
            "eps_4q": 0.83,
            "eps_4q_growth_year": null,
            "roe": 1.29,
            "roe_4q": 6.39,
            "gross_profit": 63943,
            "gross_margin": 39.05,
            "gross_margin_4q_avg": 42.73,
            "net_income": 9339,
            "net_income_4q": null,
            "revenue": 163737,
            "revenue_4q": null,
            "common_shares": 504553,
            "book_valuer_per_share": 14.47,
            "book_valuer_per_share_4q_avg": 14.28,
            "equity": 730113,
            "current_ratio": 104.03,
            "debt_ratio": 49.45,
            "inventory_turnover_ratio": 0.92,
            "account_receivable_turnover_ratio": null,
            "reinvestment_rate": null,
            "research_to_sale_ratio": null,
            "price_fair": 48.77,
            "eps_avg_yearly": 1.39,
            "eps_latest_yearly": 0.68,
            "eps_growth_yearly": 84.63
        },
        "20084": {
            "year_quarter": 20084,
            "year": 2008,
            "quarter": 4,
            "eps": 0.38,
            "eps_growth_year": 216.67,
            "eps_4q": 1.11,
            "eps_4q_growth_year": null,
            "roe": 2.82,
            "roe_4q": 8.37,
            "gross_profit": 57892,
            "gross_margin": 37.1,
            "gross_margin_4q_avg": 40.01,
            "net_income": 20900,
            "net_income_4q": null,
            "revenue": 156031,
            "revenue_4q": null,
            "common_shares": 555008,
            "book_valuer_per_share": 13.53,
            "book_valuer_per_share_4q_avg": 14.17,
            "equity": 751013,
            "current_ratio": 130.05,
            "debt_ratio": 52.38,
            "inventory_turnover_ratio": 0.79,
            "account_receivable_turnover_ratio": 1.67,
            "reinvestment_rate": null,
            "research_to_sale_ratio": null,
            "price_fair": 49.4,
            "eps_avg_yearly": 1.41,
            "eps_latest_yearly": 1.52,
            "eps_growth_yearly": 143.13
        },
        "20091": {
            "year_quarter": 20091,
            "year": 2009,
            "quarter": 1,
            "eps": 0.2,
            "eps_growth_year": -53.49,
            "eps_4q": 0.92,
            "eps_4q_growth_year": null,
            "roe": 1.44,
            "roe_4q": 6.8,
            "gross_profit": 59627,
            "gross_margin": 36.18,
            "gross_margin_4q_avg": 38.76,
            "net_income": 10868,
            "net_income_4q": null,
            "revenue": 164819,
            "revenue_4q": null,
            "common_shares": 555008,
            "book_valuer_per_share": 13.73,
            "book_valuer_per_share_4q_avg": 14.01,
            "equity": 761881,
            "current_ratio": 127.09,
            "debt_ratio": 50.64,
            "inventory_turnover_ratio": 0.88,
            "account_receivable_turnover_ratio": 0.88,
            "reinvestment_rate": null,
            "research_to_sale_ratio": null,
            "price_fair": 46.73,
            "eps_avg_yearly": 1.34,
            "eps_latest_yearly": 0.8,
            "eps_growth_yearly": 101.55
        },
        "20092": {
            "year_quarter": 20092,
            "year": 2009,
            "quarter": 2,
            "eps": 0.03,
            "eps_growth_year": -83.33,
            "eps_4q": 0.68,
            "eps_4q_growth_year": -48.86,
            "roe": 0.26,
            "roe_4q": 5.81,
            "gross_profit": 62742,
            "gross_margin": 37.45,
            "gross_margin_4q_avg": 37.45,
            "net_income": 1901,
            "net_income_4q": null,
            "revenue": 167519,
            "revenue_4q": null,
            "common_shares": 555008,
            "book_valuer_per_share": 12.76,
            "book_valuer_per_share_4q_avg": 13.62,
            "equity": 708281,
            "current_ratio": 103.18,
            "debt_ratio": 55.34,
            "inventory_turnover_ratio": 1.04,
            "account_receivable_turnover_ratio": 0.88,
            "reinvestment_rate": null,
            "research_to_sale_ratio": null,
            "price_fair": 37.98,
            "eps_avg_yearly": 1.09,
            "eps_latest_yearly": 0.12,
            "eps_growth_yearly": 68.9
        },
        "20093": {
            "year_quarter": 20093,
            "year": 2009,
            "quarter": 3,
            "eps": 0.06,
            "eps_growth_year": -64.71,
            "eps_4q": 0.63,
            "eps_4q_growth_year": -24.24,
            "roe": 0.46,
            "roe_4q": 4.98,
            "gross_profit": 60379,
            "gross_margin": 35.7,
            "gross_margin_4q_avg": 36.61,
            "net_income": 3530,
            "net_income_4q": null,
            "revenue": 169115,
            "revenue_4q": null,
            "common_shares": 630008,
            "book_valuer_per_share": 13.03,
            "book_valuer_per_share_4q_avg": 13.26,
            "equity": 821200,
            "current_ratio": 111.56,
            "debt_ratio": 49.86,
            "inventory_turnover_ratio": 1.03,
            "account_receivable_turnover_ratio": 0.91,
            "reinvestment_rate": null,
            "research_to_sale_ratio": null,
            "price_fair": 34.69,
            "eps_avg_yearly": 0.99,
            "eps_latest_yearly": 0.24,
            "eps_growth_yearly": 105.69
        },
        "20094": {
            "year_quarter": 20094,
            "year": 2009,
            "quarter": 4,
            "eps": -0.07,
            "eps_growth_year": -118.42,
            "eps_4q": 0.19,
            "eps_4q_growth_year": -82.88,
            "roe": -0.53,
            "roe_4q": 1.63,
            "gross_profit": 54573,
            "gross_margin": 32.37,
            "gross_margin_4q_avg": 35.43,
            "net_income": -4363,
            "net_income_4q": null,
            "revenue": 168574,
            "revenue_4q": null,
            "common_shares": 630008,
            "book_valuer_per_share": 12.95,
            "book_valuer_per_share_4q_avg": 13.12,
            "equity": 816051,
            "current_ratio": 100.21,
            "debt_ratio": 52.2,
            "inventory_turnover_ratio": 0.93,
            "account_receivable_turnover_ratio": 1.82,
            "reinvestment_rate": null,
            "research_to_sale_ratio": null,
            "price_fair": 34.69,
            "eps_avg_yearly": 0.99,
            "eps_latest_yearly": 0.24,
            "eps_growth_yearly": 105.69
        },
        "20101": {
            "year_quarter": 20101,
            "year": 2010,
            "quarter": 1,
            "eps": -0.18,
            "eps_growth_year": -190,
            "eps_4q": -0.16,
            "eps_4q_growth_year": -117.17,
            "roe": -1.36,
            "roe_4q": -1.1700000000000002,
            "gross_profit": 47344,
            "gross_margin": 29.91,
            "gross_margin_4q_avg": 33.86,
            "net_income": -11060,
            "net_income_4q": null,
            "revenue": 158269,
            "revenue_4q": null,
            "common_shares": 630008,
            "book_valuer_per_share": 12.78,
            "book_valuer_per_share_4q_avg": 12.88,
            "equity": 804991,
            "current_ratio": 109.15,
            "debt_ratio": 54.98,
            "inventory_turnover_ratio": 0.84,
            "account_receivable_turnover_ratio": 0.85,
            "reinvestment_rate": null,
            "research_to_sale_ratio": 8.33,
            "price_fair": 34.69,
            "eps_avg_yearly": 0.99,
            "eps_latest_yearly": 0.24,
            "eps_growth_yearly": 105.69
        },
        "20102": {
            "year_quarter": 20102,
            "year": 2010,
            "quarter": 2,
            "eps": -0.02,
            "eps_growth_year": -169.26,
            "eps_4q": -0.21,
            "eps_4q_growth_year": -130.87,
            "roe": -0.16,
            "roe_4q": -1.5899999999999999,
            "gross_profit": 54983,
            "gross_margin": 33.87,
            "gross_margin_4q_avg": 32.96,
            "net_income": -1309,
            "net_income_4q": null,
            "revenue": 162354,
            "revenue_4q": null,
            "common_shares": 630008,
            "book_valuer_per_share": 12.56,
            "book_valuer_per_share_4q_avg": 12.83,
            "equity": 791082,
            "current_ratio": 101.43,
            "debt_ratio": 56.81,
            "inventory_turnover_ratio": 0.82,
            "account_receivable_turnover_ratio": 0.89,
            "reinvestment_rate": null,
            "research_to_sale_ratio": 9.08,
            "price_fair": 27.48,
            "eps_avg_yearly": 0.79,
            "eps_latest_yearly": 0.24,
            "eps_growth_yearly": 102.9
        },
        "20103": {
            "year_quarter": 20103,
            "year": 2010,
            "quarter": 3,
            "eps": 0.1,
            "eps_growth_year": 73.36,
            "eps_4q": -0.16,
            "eps_4q_growth_year": -125.55,
            "roe": 0.82,
            "roe_4q": -1.2300000000000002,
            "gross_profit": 53671,
            "gross_margin": 31.78,
            "gross_margin_4q_avg": 31.98,
            "net_income": 6553,
            "net_income_4q": null,
            "revenue": 168908,
            "revenue_4q": null,
            "common_shares": 630008,
            "book_valuer_per_share": 12.66,
            "book_valuer_per_share_4q_avg": 12.74,
            "equity": 797635,
            "current_ratio": 100.28,
            "debt_ratio": 55.77,
            "inventory_turnover_ratio": 0.86,
            "account_receivable_turnover_ratio": 0.94,
            "reinvestment_rate": null,
            "research_to_sale_ratio": 7.18,
            "price_fair": 27.48,
            "eps_avg_yearly": 0.79,
            "eps_latest_yearly": 0.24,
            "eps_growth_yearly": 102.9
        },
        "20104": {
            "year_quarter": 20104,
            "year": 2010,
            "quarter": 4,
            "eps": -0.08,
            "eps_growth_year": null,
            "eps_4q": -0.17,
            "eps_4q_growth_year": -188.68,
            "roe": -0.6,
            "roe_4q": -1.3,
            "gross_profit": 47567,
            "gross_margin": 29.13,
            "gross_margin_4q_avg": 31.17,
            "net_income": -4769,
            "net_income_4q": null,
            "revenue": 163296,
            "revenue_4q": null,
            "common_shares": 630008,
            "book_valuer_per_share": 12.75,
            "book_valuer_per_share_4q_avg": 12.69,
            "equity": 803359,
            "current_ratio": 159.95,
            "debt_ratio": 56.61,
            "inventory_turnover_ratio": 0.86,
            "account_receivable_turnover_ratio": 0.87,
            "reinvestment_rate": null,
            "research_to_sale_ratio": 9.6,
            "price_fair": 27.48,
            "eps_avg_yearly": 0.79,
            "eps_latest_yearly": 0.24,
            "eps_growth_yearly": 102.9
        },
        "20111": {
            "year_quarter": 20111,
            "year": 2011,
            "quarter": 1,
            "eps": 0.21,
            "eps_growth_year": null,
            "eps_4q": 0.22,
            "eps_4q_growth_year": null,
            "roe": 1.63,
            "roe_4q": 1.6899999999999997,
            "gross_profit": 77991,
            "gross_margin": 39.29,
            "gross_margin_4q_avg": 33.52,
            "net_income": 13162,
            "net_income_4q": null,
            "revenue": 198494,
            "revenue_4q": null,
            "common_shares": 630008,
            "book_valuer_per_share": 12.96,
            "book_valuer_per_share_4q_avg": 12.73,
            "equity": 816521,
            "current_ratio": 143.25,
            "debt_ratio": 57.67,
            "inventory_turnover_ratio": 0.84,
            "account_receivable_turnover_ratio": 1.02,
            "reinvestment_rate": null,
            "research_to_sale_ratio": 12.1,
            "price_fair": 27.48,
            "eps_avg_yearly": 0.79,
            "eps_latest_yearly": 0.24,
            "eps_growth_yearly": 102.9
        },
        "20112": {
            "year_quarter": 20112,
            "year": 2011,
            "quarter": 2,
            "eps": -0.08,
            "eps_growth_year": null,
            "eps_4q": 0.16,
            "eps_4q_growth_year": null,
            "roe": -0.59,
            "roe_4q": 1.26,
            "gross_profit": 50489,
            "gross_margin": 26.25,
            "gross_margin_4q_avg": 31.61,
            "net_income": -4821,
            "net_income_4q": null,
            "revenue": 192317,
            "revenue_4q": null,
            "common_shares": 630008,
            "book_valuer_per_share": 12.88,
            "book_valuer_per_share_4q_avg": 12.81,
            "equity": 811700,
            "current_ratio": 121.14,
            "debt_ratio": 57.34,
            "inventory_turnover_ratio": 0.96,
            "account_receivable_turnover_ratio": 0.97,
            "reinvestment_rate": 1284.83,
            "research_to_sale_ratio": 9.1,
            "price_fair": 27.48,
            "eps_avg_yearly": 0.79,
            "eps_latest_yearly": 0.24,
            "eps_growth_yearly": 102.9
        },
        "20113": {
            "year_quarter": 20113,
            "year": 2011,
            "quarter": 3,
            "eps": -0.05,
            "eps_growth_year": -146.62,
            "eps_4q": 0.01,
            "eps_4q_growth_year": null,
            "roe": -0.38,
            "roe_4q": 0.05999999999999994,
            "gross_profit": 57773,
            "gross_margin": 26.67,
            "gross_margin_4q_avg": 30.34,
            "net_income": -3055,
            "net_income_4q": null,
            "revenue": 216594,
            "revenue_4q": null,
            "common_shares": 630008,
            "book_valuer_per_share": 12.84,
            "book_valuer_per_share_4q_avg": 12.86,
            "equity": 808645,
            "current_ratio": 119.24,
            "debt_ratio": 59.63,
            "inventory_turnover_ratio": 0.98,
            "account_receivable_turnover_ratio": 0.98,
            "reinvestment_rate": 1011.92,
            "research_to_sale_ratio": 6.69,
            "price_fair": 27.48,
            "eps_avg_yearly": 0.79,
            "eps_latest_yearly": 0.24,
            "eps_growth_yearly": 102.9
        },
        "20114": {
            "year_quarter": 20114,
            "year": 2011,
            "quarter": 4,
            "eps": 0.01,
            "eps_growth_year": null,
            "eps_4q": 0.1,
            "eps_4q_growth_year": null,
            "roe": 0.11,
            "roe_4q": 0.7699999999999999,
            "gross_profit": 65043,
            "gross_margin": 31.62,
            "gross_margin_4q_avg": 30.96,
            "net_income": 876,
            "net_income_4q": null,
            "revenue": 205717,
            "revenue_4q": null,
            "common_shares": 630008,
            "book_valuer_per_share": 12.74,
            "book_valuer_per_share_4q_avg": 12.86,
            "equity": 802344,
            "current_ratio": 102.8,
            "debt_ratio": 61.67,
            "inventory_turnover_ratio": 0.77,
            "account_receivable_turnover_ratio": 0.85,
            "reinvestment_rate": 1124.43,
            "research_to_sale_ratio": 11.8,
            "price_fair": 29,
            "eps_avg_yearly": 0.83,
            "eps_latest_yearly": 0.24,
            "eps_growth_yearly": 163.31
        },
        "20121": {
            "year_quarter": 20121,
            "year": 2012,
            "quarter": 1,
            "eps": 0.32,
            "eps_growth_year": 52.38,
            "eps_4q": 0.21,
            "eps_4q_growth_year": -3.88,
            "roe": 2.48,
            "roe_4q": 1.62,
            "gross_profit": 83863,
            "gross_margin": 35.98,
            "gross_margin_4q_avg": 30.13,
            "net_income": 20108,
            "net_income_4q": null,
            "revenue": 233092,
            "revenue_4q": null,
            "common_shares": 630008,
            "book_valuer_per_share": 13.05,
            "book_valuer_per_share_4q_avg": 12.88,
            "equity": 822452,
            "current_ratio": 88.06,
            "debt_ratio": 62.56,
            "inventory_turnover_ratio": 0.85,
            "account_receivable_turnover_ratio": 0.86,
            "reinvestment_rate": 1205.08,
            "research_to_sale_ratio": 7.03,
            "price_fair": 26.8,
            "eps_avg_yearly": 0.77,
            "eps_latest_yearly": 1.28,
            "eps_growth_yearly": 1787.12
        },
        "20122": {
            "year_quarter": 20122,
            "year": 2012,
            "quarter": 2,
            "eps": 0.45,
            "eps_growth_year": null,
            "eps_4q": 0.73,
            "eps_4q_growth_year": 355.84,
            "roe": 3.4,
            "roe_4q": 5.61,
            "gross_profit": 83156,
            "gross_margin": 35.9,
            "gross_margin_4q_avg": 32.54,
            "net_income": 28225,
            "net_income_4q": null,
            "revenue": 231600,
            "revenue_4q": null,
            "common_shares": 630008,
            "book_valuer_per_share": 13.3,
            "book_valuer_per_share_4q_avg": 12.98,
            "equity": 838077,
            "current_ratio": 108.56,
            "debt_ratio": 63.41,
            "inventory_turnover_ratio": 0.88,
            "account_receivable_turnover_ratio": 0.8,
            "reinvestment_rate": 914.45,
            "research_to_sale_ratio": 6.9,
            "price_fair": 32.2,
            "eps_avg_yearly": 0.92,
            "eps_latest_yearly": 1.8,
            "eps_growth_yearly": 1843.56
        },
        "20123": {
            "year_quarter": 20123,
            "year": 2012,
            "quarter": 3,
            "eps": 0.37,
            "eps_growth_year": null,
            "eps_4q": 1.15,
            "eps_4q_growth_year": 13919.38,
            "roe": 2.74,
            "roe_4q": 8.73,
            "gross_profit": 81398,
            "gross_margin": 35.33,
            "gross_margin_4q_avg": 34.71,
            "net_income": 23269,
            "net_income_4q": null,
            "revenue": 230396,
            "revenue_4q": null,
            "common_shares": 630008,
            "book_valuer_per_share": 13.67,
            "book_valuer_per_share_4q_avg": 13.19,
            "equity": 861346,
            "current_ratio": 100.35,
            "debt_ratio": 63.54,
            "inventory_turnover_ratio": 0.84,
            "account_receivable_turnover_ratio": 0.88,
            "reinvestment_rate": 734.01,
            "research_to_sale_ratio": 8.39,
            "price_fair": 36.2,
            "eps_avg_yearly": 1.03,
            "eps_latest_yearly": 1.48,
            "eps_growth_yearly": 1836.58
        },
        "20124": {
            "year_quarter": 20124,
            "year": 2012,
            "quarter": 4,
            "eps": 0.14,
            "eps_growth_year": 873.72,
            "eps_4q": 1.24,
            "eps_4q_growth_year": 1168.38,
            "roe": 0.98,
            "roe_4q": 9.6,
            "gross_profit": 79600,
            "gross_margin": 30.97,
            "gross_margin_4q_avg": 34.55,
            "net_income": 8772,
            "net_income_4q": null,
            "revenue": 257050,
            "revenue_4q": null,
            "common_shares": 647385,
            "book_valuer_per_share": 14.33,
            "book_valuer_per_share_4q_avg": 13.59,
            "equity": 928024,
            "current_ratio": 110.66,
            "debt_ratio": 61.59,
            "inventory_turnover_ratio": 0.91,
            "account_receivable_turnover_ratio": 1.01,
            "reinvestment_rate": 791.61,
            "research_to_sale_ratio": 8.4,
            "price_fair": 31.4,
            "eps_avg_yearly": 0.9,
            "eps_latest_yearly": 0.56,
            "eps_growth_yearly": 1730.47
        },
        "20131": {
            "year_quarter": 20131,
            "year": 2013,
            "quarter": 1,
            "eps": 0.03,
            "eps_growth_year": -90.62,
            "eps_4q": 0.83,
            "eps_4q_growth_year": 298.74,
            "roe": 0.16,
            "roe_4q": 7.279999999999999,
            "gross_profit": 67373,
            "gross_margin": 29.62,
            "gross_margin_4q_avg": 32.96,
            "net_income": 1720,
            "net_income_4q": null,
            "revenue": 227433,
            "revenue_4q": null,
            "common_shares": 746948,
            "book_valuer_per_share": 17.2,
            "book_valuer_per_share_4q_avg": 14.63,
            "equity": 1284595,
            "current_ratio": 122.21,
            "debt_ratio": 46.53,
            "inventory_turnover_ratio": 0.78,
            "account_receivable_turnover_ratio": 0.89,
            "reinvestment_rate": 848.52,
            "research_to_sale_ratio": 8.44,
            "price_fair": 28,
            "eps_avg_yearly": 0.8,
            "eps_latest_yearly": 0.12,
            "eps_growth_yearly": 1712.64
        },
        "20132": {
            "year_quarter": 20132,
            "year": 2013,
            "quarter": 2,
            "eps": -0.11,
            "eps_growth_year": -124.55,
            "eps_4q": 0.33,
            "eps_4q_growth_year": -55.03,
            "roe": -0.62,
            "roe_4q": 3.2600000000000002,
            "gross_profit": 75924,
            "gross_margin": 31.83,
            "gross_margin_4q_avg": 31.94,
            "net_income": -7907,
            "net_income_4q": null,
            "revenue": 238507,
            "revenue_4q": null,
            "common_shares": 746948,
            "book_valuer_per_share": 16.8,
            "book_valuer_per_share_4q_avg": 15.5,
            "equity": 1255065,
            "current_ratio": 139.98,
            "debt_ratio": 49.84,
            "inventory_turnover_ratio": 0.74,
            "account_receivable_turnover_ratio": 0.92,
            "reinvestment_rate": 999.12,
            "research_to_sale_ratio": 13,
            "price_fair": 31.97,
            "eps_avg_yearly": 0.91,
            "eps_latest_yearly": 0.12,
            "eps_growth_yearly": 2054.74
        },
        "20133": {
            "year_quarter": 20133,
            "year": 2013,
            "quarter": 3,
            "eps": 0.03,
            "eps_growth_year": -91.88,
            "eps_4q": 0.06,
            "eps_4q_growth_year": -94.45,
            "roe": 0.2,
            "roe_4q": 0.72,
            "gross_profit": 65149,
            "gross_margin": 26.34,
            "gross_margin_4q_avg": 29.69,
            "net_income": 2478,
            "net_income_4q": null,
            "revenue": 247314,
            "revenue_4q": null,
            "common_shares": 790411,
            "book_valuer_per_share": 16.28,
            "book_valuer_per_share_4q_avg": 16.15,
            "equity": 1286623,
            "current_ratio": 136.67,
            "debt_ratio": 48.91,
            "inventory_turnover_ratio": 0.75,
            "account_receivable_turnover_ratio": 0.93,
            "reinvestment_rate": 916.72,
            "research_to_sale_ratio": 7.52,
            "price_fair": 36.68,
            "eps_avg_yearly": 1.05,
            "eps_latest_yearly": 0.12,
            "eps_growth_yearly": 2385.69
        },
        "20134": {
            "year_quarter": 20134,
            "year": 2013,
            "quarter": 4,
            "eps": -0.05,
            "eps_growth_year": -136.42,
            "eps_4q": -0.09,
            "eps_4q_growth_year": -107.56,
            "roe": -0.3,
            "roe_4q": -0.5599999999999999,
            "gross_profit": 88074,
            "gross_margin": 29.39,
            "gross_margin_4q_avg": 29.3,
            "net_income": -4109,
            "net_income_4q": null,
            "revenue": 299668,
            "revenue_4q": null,
            "common_shares": 833309,
            "book_valuer_per_share": 17.11,
            "book_valuer_per_share_4q_avg": 16.85,
            "equity": 1425594,
            "current_ratio": 287.51,
            "debt_ratio": 45.31,
            "inventory_turnover_ratio": 0.86,
            "account_receivable_turnover_ratio": 1.05,
            "reinvestment_rate": 853.06,
            "research_to_sale_ratio": 11.73,
            "price_fair": 36.68,
            "eps_avg_yearly": 1.05,
            "eps_latest_yearly": 0.12,
            "eps_growth_yearly": 2385.69
        },
        "20141": {
            "year_quarter": 20141,
            "year": 2014,
            "quarter": 1,
            "eps": -0.06,
            "eps_growth_year": -300,
            "eps_4q": -0.17,
            "eps_4q_growth_year": -120.96,
            "roe": -0.35,
            "roe_4q": -1.0699999999999998,
            "gross_profit": 76797,
            "gross_margin": 28.34,
            "gross_margin_4q_avg": 28.98,
            "net_income": -4949,
            "net_income_4q": null,
            "revenue": 270958,
            "revenue_4q": null,
            "common_shares": 833309,
            "book_valuer_per_share": 17.05,
            "book_valuer_per_share_4q_avg": 16.81,
            "equity": 1420645,
            "current_ratio": 268.55,
            "debt_ratio": 45.12,
            "inventory_turnover_ratio": 0.83,
            "account_receivable_turnover_ratio": 0.85,
            "reinvestment_rate": 661.44,
            "research_to_sale_ratio": 13.34,
            "price_fair": 36.68,
            "eps_avg_yearly": 1.05,
            "eps_latest_yearly": 0.12,
            "eps_growth_yearly": 2385.69
        },
        "20142": {
            "year_quarter": 20142,
            "year": 2014,
            "quarter": 2,
            "eps": 0,
            "eps_growth_year": null,
            "eps_4q": -0.07,
            "eps_4q_growth_year": -122.2,
            "roe": 0,
            "roe_4q": -0.4499999999999999,
            "gross_profit": 79422,
            "gross_margin": 27.52,
            "gross_margin_4q_avg": 27.9,
            "net_income": 58,
            "net_income_4q": null,
            "revenue": 288548,
            "revenue_4q": null,
            "common_shares": 833309,
            "book_valuer_per_share": 16.75,
            "book_valuer_per_share_4q_avg": 16.8,
            "equity": 1395704,
            "current_ratio": 249,
            "debt_ratio": 45.69,
            "inventory_turnover_ratio": 0.86,
            "account_receivable_turnover_ratio": 0.93,
            "reinvestment_rate": 584.36,
            "research_to_sale_ratio": 9.89,
            "price_fair": 36.68,
            "eps_avg_yearly": 1.05,
            "eps_latest_yearly": 0.12,
            "eps_growth_yearly": 2385.69
        },
        "20143": {
            "year_quarter": 20143,
            "year": 2014,
            "quarter": 3,
            "eps": 0.32,
            "eps_growth_year": 966.67,
            "eps_4q": 0.22,
            "eps_4q_growth_year": 241.77,
            "roe": 2.02,
            "roe_4q": 1.3699999999999999,
            "gross_profit": 121457,
            "gross_margin": 33.89,
            "gross_margin_4q_avg": 29.79,
            "net_income": 28458,
            "net_income_4q": null,
            "revenue": 358368,
            "revenue_4q": null,
            "common_shares": 891641,
            "book_valuer_per_share": 15.97,
            "book_valuer_per_share_4q_avg": 16.72,
            "equity": 1424162,
            "current_ratio": 250.77,
            "debt_ratio": 45.62,
            "inventory_turnover_ratio": 0.95,
            "account_receivable_turnover_ratio": 1.12,
            "reinvestment_rate": 441.4,
            "research_to_sale_ratio": 7.1,
            "price_fair": 36.68,
            "eps_avg_yearly": 1.05,
            "eps_latest_yearly": 0.12,
            "eps_growth_yearly": 2385.69
        },
        "20144": {
            "year_quarter": 20144,
            "year": 2014,
            "quarter": 4,
            "eps": 0.49,
            "eps_growth_year": null,
            "eps_4q": 0.76,
            "eps_4q_growth_year": null,
            "roe": 3.05,
            "roe_4q": 4.720000000000001,
            "gross_profit": 131836,
            "gross_margin": 36.73,
            "gross_margin_4q_avg": 31.62,
            "net_income": 43715,
            "net_income_4q": null,
            "revenue": 358908,
            "revenue_4q": null,
            "common_shares": 891641,
            "book_valuer_per_share": 16.31,
            "book_valuer_per_share_4q_avg": 16.52,
            "equity": 1441398,
            "current_ratio": 205.97,
            "debt_ratio": 47.69,
            "inventory_turnover_ratio": 0.85,
            "account_receivable_turnover_ratio": 1.03,
            "reinvestment_rate": 281.76,
            "research_to_sale_ratio": 6.78,
            "price_fair": 42,
            "eps_avg_yearly": 1.2,
            "eps_latest_yearly": 1.96,
            "eps_growth_yearly": 2023.49
        },
        "20151": {
            "year_quarter": 20151,
            "year": 2015,
            "quarter": 1,
            "eps": 0.42,
            "eps_growth_year": null,
            "eps_4q": 1.21,
            "eps_4q_growth_year": null,
            "roe": 2.49,
            "roe_4q": 7.5600000000000005,
            "gross_profit": 124590,
            "gross_margin": 34.86,
            "gross_margin_4q_avg": 33.25,
            "net_income": 37069,
            "net_income_4q": null,
            "revenue": 357400,
            "revenue_4q": null,
            "common_shares": 891641,
            "book_valuer_per_share": 17.05,
            "book_valuer_per_share_4q_avg": 16.52,
            "equity": 1534260,
            "current_ratio": 182.9,
            "debt_ratio": 46.66,
            "inventory_turnover_ratio": 0.83,
            "account_receivable_turnover_ratio": 1.03,
            "reinvestment_rate": 280.47,
            "research_to_sale_ratio": 6.33,
            "price_fair": 44.4,
            "eps_avg_yearly": 1.27,
            "eps_latest_yearly": 1.68,
            "eps_growth_yearly": 1726.26
        },
        "20152": {
            "year_quarter": 20152,
            "year": 2015,
            "quarter": 2,
            "eps": 0.49,
            "eps_growth_year": null,
            "eps_4q": 1.71,
            "eps_4q_growth_year": null,
            "roe": 2.88,
            "roe_4q": 10.44,
            "gross_profit": 135111,
            "gross_margin": 35.94,
            "gross_margin_4q_avg": 35.36,
            "net_income": 44203,
            "net_income_4q": null,
            "revenue": 375943,
            "revenue_4q": null,
            "common_shares": 899629,
            "book_valuer_per_share": 17.05,
            "book_valuer_per_share_4q_avg": 16.6,
            "equity": 1533881,
            "current_ratio": 164.52,
            "debt_ratio": 48.01,
            "inventory_turnover_ratio": 0.85,
            "account_receivable_turnover_ratio": 1.02,
            "reinvestment_rate": 217.41,
            "research_to_sale_ratio": 6.32,
            "price_fair": 47.43,
            "eps_avg_yearly": 1.36,
            "eps_latest_yearly": 1.96,
            "eps_growth_yearly": 1518.81
        },
        "20153": {
            "year_quarter": 20153,
            "year": 2015,
            "quarter": 3,
            "eps": 0.69,
            "eps_growth_year": 115.62,
            "eps_4q": 1.98,
            "eps_4q_growth_year": 805.17,
            "roe": 3.81,
            "roe_4q": 12.23,
            "gross_profit": 133511,
            "gross_margin": 35.52,
            "gross_margin_4q_avg": 35.76,
            "net_income": 62916,
            "net_income_4q": null,
            "revenue": 375849,
            "revenue_4q": null,
            "common_shares": 899629,
            "book_valuer_per_share": 18.61,
            "book_valuer_per_share_4q_avg": 17.26,
            "equity": 1770318,
            "current_ratio": 181.33,
            "debt_ratio": 40.3,
            "inventory_turnover_ratio": 0.77,
            "account_receivable_turnover_ratio": 1.01,
            "reinvestment_rate": 155.42,
            "research_to_sale_ratio": 6.55,
            "price_fair": 52.89,
            "eps_avg_yearly": 1.51,
            "eps_latest_yearly": 2.76,
            "eps_growth_yearly": 1368.19
        },
        "20154": {
            "year_quarter": 20154,
            "year": 2015,
            "quarter": 4,
            "eps": 0.55,
            "eps_growth_year": 10.54,
            "eps_4q": 1.98,
            "eps_4q_growth_year": 160.79,
            "roe": 2.91,
            "roe_4q": 12.090000000000002,
            "gross_profit": 156116,
            "gross_margin": 37.97,
            "gross_margin_4q_avg": 36.07,
            "net_income": 54799,
            "net_income_4q": null,
            "revenue": 411136,
            "revenue_4q": null,
            "common_shares": 951256,
            "book_valuer_per_share": 19.89,
            "book_valuer_per_share_4q_avg": 18.15,
            "equity": 1994318,
            "current_ratio": 172.72,
            "debt_ratio": 34.51,
            "inventory_turnover_ratio": 0.75,
            "account_receivable_turnover_ratio": 1.13,
            "reinvestment_rate": 116.14,
            "research_to_sale_ratio": 8.59,
            "price_fair": 55.3,
            "eps_avg_yearly": 1.58,
            "eps_latest_yearly": 2.2,
            "eps_growth_yearly": 1223.26
        },
        "20161": {
            "year_quarter": 20161,
            "year": 2016,
            "quarter": 1,
            "eps": 0.65,
            "eps_growth_year": 54.76,
            "eps_4q": 2.27,
            "eps_4q_growth_year": 86.68,
            "roe": 3.23,
            "roe_4q": 12.830000000000002,
            "gross_profit": 161428,
            "gross_margin": 39.61,
            "gross_margin_4q_avg": 37.26,
            "net_income": 65536,
            "net_income_4q": null,
            "revenue": 407582,
            "revenue_4q": null,
            "common_shares": 1002852,
            "book_valuer_per_share": 20.55,
            "book_valuer_per_share_4q_avg": 19.03,
            "equity": 2061049,
            "current_ratio": 187.7,
            "debt_ratio": 32.08,
            "inventory_turnover_ratio": 0.76,
            "account_receivable_turnover_ratio": 1.06,
            "reinvestment_rate": 78.11,
            "research_to_sale_ratio": 6.17,
            "price_fair": 5.14,
            "eps_avg_yearly": 1.71,
            "eps_latest_yearly": 2.6,
            "eps_growth_yearly": -9.47
        },
        "20162": {
            "year_quarter": 20162,
            "year": 2016,
            "quarter": 2,
            "eps": 0.5,
            "eps_growth_year": 2.04,
            "eps_4q": 2.32,
            "eps_4q_growth_year": 35.93,
            "roe": 2.46,
            "roe_4q": 12.41,
            "gross_profit": 154971,
            "gross_margin": 38.15,
            "gross_margin_4q_avg": 37.81,
            "net_income": 49983,
            "net_income_4q": null,
            "revenue": 406252,
            "revenue_4q": null,
            "common_shares": 1002852,
            "book_valuer_per_share": 19.89,
            "book_valuer_per_share_4q_avg": 19.74,
            "equity": 2001169,
            "current_ratio": 108.64,
            "debt_ratio": 34.25,
            "inventory_turnover_ratio": 0.84,
            "account_receivable_turnover_ratio": 1.06,
            "reinvestment_rate": 56.01,
            "research_to_sale_ratio": 6.97,
            "price_fair": 5.2,
            "eps_avg_yearly": 1.73,
            "eps_latest_yearly": 2,
            "eps_growth_yearly": -34.95
        },
        "20163": {
            "year_quarter": 20163,
            "year": 2016,
            "quarter": 3,
            "eps": 0.42,
            "eps_growth_year": -39.13,
            "eps_4q": 2.1,
            "eps_4q_growth_year": 6.52,
            "roe": 2.06,
            "roe_4q": 10.66,
            "gross_profit": 144725,
            "gross_margin": 37.74,
            "gross_margin_4q_avg": 38.37,
            "net_income": 41766,
            "net_income_4q": null,
            "revenue": 383505,
            "revenue_4q": null,
            "common_shares": 1005959,
            "book_valuer_per_share": 20.33,
            "book_valuer_per_share_4q_avg": 20.17,
            "equity": 2049526,
            "current_ratio": 110.17,
            "debt_ratio": 33.78,
            "inventory_turnover_ratio": 0.76,
            "account_receivable_turnover_ratio": 1.05,
            "reinvestment_rate": 47.58,
            "research_to_sale_ratio": 8.26,
            "price_fair": 5.26,
            "eps_avg_yearly": 1.75,
            "eps_latest_yearly": 1.68,
            "eps_growth_yearly": -34.24
        },
        "20164": {
            "year_quarter": 20164,
            "year": 2016,
            "quarter": 4,
            "eps": 0.68,
            "eps_growth_year": 23.57,
            "eps_4q": 2.23,
            "eps_4q_growth_year": 12.49,
            "roe": 3.27,
            "roe_4q": 11.02,
            "gross_profit": 114583,
            "gross_margin": 32.52,
            "gross_margin_4q_avg": 37.01,
            "net_income": 68214,
            "net_income_4q": null,
            "revenue": 352369,
            "revenue_4q": null,
            "common_shares": 1009885,
            "book_valuer_per_share": 21.02,
            "book_valuer_per_share_4q_avg": 20.45,
            "equity": 2123140,
            "current_ratio": 142.06,
            "debt_ratio": 33.07,
            "inventory_turnover_ratio": 0.7,
            "account_receivable_turnover_ratio": 1.01,
            "reinvestment_rate": 49.82,
            "research_to_sale_ratio": 8.87,
            "price_fair": 49.96,
            "eps_avg_yearly": 1.97,
            "eps_latest_yearly": 2.72,
            "eps_growth_yearly": 15.39
        },
        "20171": {
            "year_quarter": 20171,
            "year": 2017,
            "quarter": 1,
            "eps": 0.64,
            "eps_growth_year": -1.54,
            "eps_4q": 2.23,
            "eps_4q_growth_year": -1.73,
            "roe": 3.02,
            "roe_4q": 10.809999999999999,
            "gross_profit": 122885,
            "gross_margin": 34.98,
            "gross_margin_4q_avg": 35.85,
            "net_income": 65127,
            "net_income_4q": null,
            "revenue": 351285,
            "revenue_4q": null,
            "common_shares": 1009885,
            "book_valuer_per_share": 21.67,
            "book_valuer_per_share_4q_avg": 20.73,
            "equity": 2188251,
            "current_ratio": 151.33,
            "debt_ratio": 30.98,
            "inventory_turnover_ratio": 0.65,
            "account_receivable_turnover_ratio": 1.04,
            "reinvestment_rate": 49.58,
            "research_to_sale_ratio": 7.09,
            "price_fair": 77.42,
            "eps_avg_yearly": 2.21,
            "eps_latest_yearly": 2.56,
            "eps_growth_yearly": 44.46
        },
        "20172": {
            "year_quarter": 20172,
            "year": 2017,
            "quarter": 2,
            "eps": 0.35,
            "eps_growth_year": -30,
            "eps_4q": 2.09,
            "eps_4q_growth_year": -10.05,
            "roe": 1.67,
            "roe_4q": 10.02,
            "gross_profit": 115663,
            "gross_margin": 33.33,
            "gross_margin_4q_avg": 34.64,
            "net_income": 35507,
            "net_income_4q": null,
            "revenue": 347041,
            "revenue_4q": null,
            "common_shares": 1009885,
            "book_valuer_per_share": 20.42,
            "book_valuer_per_share_4q_avg": 20.86,
            "equity": 2062185,
            "current_ratio": 121.04,
            "debt_ratio": 37.62,
            "inventory_turnover_ratio": 0.63,
            "account_receivable_turnover_ratio": 1.05,
            "reinvestment_rate": 39.13,
            "research_to_sale_ratio": 8.88,
            "price_fair": 72.58,
            "eps_avg_yearly": 2.14,
            "eps_latest_yearly": 1.4,
            "eps_growth_yearly": 23.94
        },
        "20173": {
            "year_quarter": 20173,
            "year": 2017,
            "quarter": 3,
            "eps": 0.33,
            "eps_growth_year": -21.43,
            "eps_4q": 2.01,
            "eps_4q_growth_year": -4.65,
            "roe": 1.62,
            "roe_4q": 9.58,
            "gross_profit": 123407,
            "gross_margin": 33.46,
            "gross_margin_4q_avg": 33.57,
            "net_income": 33777,
            "net_income_4q": null,
            "revenue": 368819,
            "revenue_4q": null,
            "common_shares": 1009885,
            "book_valuer_per_share": 20.75,
            "book_valuer_per_share_4q_avg": 20.97,
            "equity": 2095967,
            "current_ratio": 126.84,
            "debt_ratio": 35.98,
            "inventory_turnover_ratio": 0.63,
            "account_receivable_turnover_ratio": 1.06,
            "reinvestment_rate": 35.51,
            "research_to_sale_ratio": 7.9,
            "price_fair": 62.19,
            "eps_avg_yearly": 2.07,
            "eps_latest_yearly": 1.32,
            "eps_growth_yearly": 20.04
        },
        "20174": {
            "year_quarter": 20174,
            "year": 2017,
            "quarter": 4,
            "eps": 0.51,
            "eps_growth_year": -24.64,
            "eps_4q": 1.84,
            "eps_4q_growth_year": -17.6,
            "roe": 2.43,
            "roe_4q": 8.74,
            "gross_profit": 154390,
            "gross_margin": 35.36,
            "gross_margin_4q_avg": 34.28,
            "net_income": 51406,
            "net_income_4q": null,
            "revenue": 436575,
            "revenue_4q": null,
            "common_shares": 1009885,
            "book_valuer_per_share": 21.22,
            "book_valuer_per_share_4q_avg": 21.02,
            "equity": 2143215,
            "current_ratio": 125.27,
            "debt_ratio": 35.72,
            "inventory_turnover_ratio": 0.73,
            "account_receivable_turnover_ratio": 1.12,
            "reinvestment_rate": 36.75,
            "research_to_sale_ratio": 11.67,
            "price_fair": 72.37,
            "eps_avg_yearly": 2.07,
            "eps_latest_yearly": 2.04,
            "eps_growth_yearly": 35.29
        },
        "20181": {
            "year_quarter": 20181,
            "year": 2018,
            "quarter": 1,
            "eps": 0.37,
            "eps_growth_year": -42.19,
            "eps_4q": 1.57,
            "eps_4q_growth_year": -29.6,
            "roe": 1.75,
            "roe_4q": 7.47,
            "gross_profit": 132171,
            "gross_margin": 34.89,
            "gross_margin_4q_avg": 34.26,
            "net_income": 37772,
            "net_income_4q": null,
            "revenue": 378872,
            "revenue_4q": null,
            "common_shares": 1009885,
            "book_valuer_per_share": 21.6,
            "book_valuer_per_share_4q_avg": 21,
            "equity": 2180860,
            "current_ratio": 133.7,
            "debt_ratio": 33.42,
            "inventory_turnover_ratio": 0.65,
            "account_receivable_turnover_ratio": 0.92,
            "reinvestment_rate": 32.97,
            "research_to_sale_ratio": 8.6,
            "price_fair": 70.74,
            "eps_avg_yearly": 2.03,
            "eps_latest_yearly": 1.48,
            "eps_growth_yearly": 24.92
        },
        "20182": {
            "year_quarter": 20182,
            "year": 2018,
            "quarter": 2,
            "eps": 0.3,
            "eps_growth_year": -14.29,
            "eps_4q": 1.52,
            "eps_4q_growth_year": -27.35,
            "roe": 1.42,
            "roe_4q": 7.22,
            "gross_profit": 140916,
            "gross_margin": 36.11,
            "gross_margin_4q_avg": 34.96,
            "net_income": 30055,
            "net_income_4q": null,
            "revenue": 390245,
            "revenue_4q": null,
            "common_shares": 1009885,
            "book_valuer_per_share": 20.29,
            "book_valuer_per_share_4q_avg": 20.97,
            "equity": 2049335,
            "current_ratio": 114.91,
            "debt_ratio": 36.44,
            "inventory_turnover_ratio": 0.64,
            "account_receivable_turnover_ratio": 0.98,
            "reinvestment_rate": 30.15,
            "research_to_sale_ratio": 12.34,
            "price_fair": 55.6,
            "eps_avg_yearly": 1.97,
            "eps_latest_yearly": 1.2,
            "eps_growth_yearly": 18.22
        },
        "20183": {
            "year_quarter": 20183,
            "year": 2018,
            "quarter": 3,
            "eps": 0.1,
            "eps_growth_year": -69.7,
            "eps_4q": 1.28,
            "eps_4q_growth_year": -36.26,
            "roe": 0.48,
            "roe_4q": 6.08,
            "gross_profit": 111718,
            "gross_margin": 31.14,
            "gross_margin_4q_avg": 34.38,
            "net_income": 9918,
            "net_income_4q": null,
            "revenue": 358800,
            "revenue_4q": null,
            "common_shares": 1009885,
            "book_valuer_per_share": 20.39,
            "book_valuer_per_share_4q_avg": 20.88,
            "equity": 2059246,
            "current_ratio": 119.22,
            "debt_ratio": 34.75,
            "inventory_turnover_ratio": 0.61,
            "account_receivable_turnover_ratio": 0.94,
            "reinvestment_rate": 34.96,
            "research_to_sale_ratio": 11.55,
            "price_fair": 18.73,
            "eps_avg_yearly": 1.87,
            "eps_latest_yearly": 0.4,
            "eps_growth_yearly": 0.41
        },
        "20184": {
            "year_quarter": 20184,
            "year": 2018,
            "quarter": 4,
            "eps": 0.23,
            "eps_growth_year": -53.89,
            "eps_4q": 1.01,
            "eps_4q_growth_year": -45.02,
            "roe": 1.14,
            "roe_4q": 4.79,
            "gross_profit": 114710,
            "gross_margin": 27.94,
            "gross_margin_4q_avg": 32.52,
            "net_income": 23487,
            "net_income_4q": null,
            "revenue": 410610,
            "revenue_4q": null,
            "common_shares": 1009885,
            "book_valuer_per_share": 20.52,
            "book_valuer_per_share_4q_avg": 20.7,
            "equity": 2053137,
            "current_ratio": 122.27,
            "debt_ratio": 32.19,
            "inventory_turnover_ratio": 0.75,
            "account_receivable_turnover_ratio": 1.08,
            "reinvestment_rate": 30.16,
            "research_to_sale_ratio": 7.92,
            "price_fair": 53.55,
            "eps_avg_yearly": 1.81,
            "eps_latest_yearly": 0.92,
            "eps_growth_yearly": 19.63
        },
        "20191": {
            "year_quarter": 20191,
            "year": 2019,
            "quarter": 1,
            "eps": 0.35,
            "eps_growth_year": -5.41,
            "eps_4q": 0.99,
            "eps_4q_growth_year": -37.01,
            "roe": 1.71,
            "roe_4q": 4.75,
            "gross_profit": 114736,
            "gross_margin": 30.43,
            "gross_margin_4q_avg": 31.41,
            "net_income": 35452,
            "net_income_4q": null,
            "revenue": 377094,
            "revenue_4q": null,
            "common_shares": 1009885,
            "book_valuer_per_share": 20.87,
            "book_valuer_per_share_4q_avg": 20.52,
            "equity": 2088595,
            "current_ratio": 131.96,
            "debt_ratio": 30.74,
            "inventory_turnover_ratio": 0.65,
            "account_receivable_turnover_ratio": 1,
            "reinvestment_rate": 10.86,
            "research_to_sale_ratio": 7.24,
            "price_fair": 62.65,
            "eps_avg_yearly": 1.79,
            "eps_latest_yearly": 1.4,
            "eps_growth_yearly": 36.24
        },
        "20192": {
            "year_quarter": 20192,
            "year": 2019,
            "quarter": 2,
            "eps": 0.41,
            "eps_growth_year": 36.67,
            "eps_4q": 1.1,
            "eps_4q_growth_year": -27.38,
            "roe": 2.01,
            "roe_4q": 5.34,
            "gross_profit": 140403,
            "gross_margin": 33.73,
            "gross_margin_4q_avg": 30.81,
            "net_income": 41247,
            "net_income_4q": null,
            "revenue": 416252,
            "revenue_4q": null,
            "common_shares": 1009885,
            "book_valuer_per_share": 20.08,
            "book_valuer_per_share_4q_avg": 20.47,
            "equity": 2009752,
            "current_ratio": 122.1,
            "debt_ratio": 32.25,
            "inventory_turnover_ratio": 0.63,
            "account_receivable_turnover_ratio": 1.16,
            "reinvestment_rate": 7.53,
            "research_to_sale_ratio": 8.31,
            "price_fair": 61.95,
            "eps_avg_yearly": 1.77,
            "eps_latest_yearly": 1.64,
            "eps_growth_yearly": 36.36
        },
        "20193": {
            "year_quarter": 20193,
            "year": 2019,
            "quarter": 3,
            "eps": 0.6,
            "eps_growth_year": 500,
            "eps_4q": 1.61,
            "eps_4q_growth_year": 25.5,
            "roe": 2.96,
            "roe_4q": 7.819999999999999,
            "gross_profit": 159606,
            "gross_margin": 33.98,
            "gross_margin_4q_avg": 31.52,
            "net_income": 60436,
            "net_income_4q": null,
            "revenue": 469769,
            "revenue_4q": null,
            "common_shares": 1009885,
            "book_valuer_per_share": 20.69,
            "book_valuer_per_share_4q_avg": 20.54,
            "equity": 2070184,
            "current_ratio": 130.09,
            "debt_ratio": 32.53,
            "inventory_turnover_ratio": 0.7,
            "account_receivable_turnover_ratio": 1.34,
            "reinvestment_rate": 4.45,
            "research_to_sale_ratio": 6.99,
            "price_fair": 61.16,
            "eps_avg_yearly": 1.75,
            "eps_latest_yearly": 2.4,
            "eps_growth_yearly": 37.74
        },
        "20194": {
            "year_quarter": 20194,
            "year": 2019,
            "quarter": 4,
            "eps": 0.8,
            "eps_growth_year": 238.82,
            "eps_4q": 2.15,
            "eps_4q_growth_year": 112.85,
            "roe": 3.77,
            "roe_4q": 10.45,
            "gross_profit": 207560,
            "gross_margin": 41.58,
            "gross_margin_4q_avg": 34.93,
            "net_income": 80305,
            "net_income_4q": null,
            "revenue": 499144,
            "revenue_4q": null,
            "common_shares": 1009885,
            "book_valuer_per_share": 21.66,
            "book_valuer_per_share_4q_avg": 20.83,
            "equity": 2187278,
            "current_ratio": 140.38,
            "debt_ratio": 33.46,
            "inventory_turnover_ratio": 0.59,
            "account_receivable_turnover_ratio": 1.38,
            "reinvestment_rate": -1,
            "research_to_sale_ratio": 7.23,
            "price_fair": 63.35,
            "eps_avg_yearly": 1.81,
            "eps_latest_yearly": 3.2,
            "eps_growth_yearly": 51.15
        },
        "20201": {
            "year_quarter": 20201,
            "year": 2020,
            "quarter": 1,
            "eps": 0.62,
            "eps_growth_year": 77.14,
            "eps_4q": 2.43,
            "eps_4q_growth_year": 145.4,
            "roe": 2.84,
            "roe_4q": 11.58,
            "gross_profit": 165549,
            "gross_margin": 34.5,
            "gross_margin_4q_avg": 35.95,
            "net_income": 62960,
            "net_income_4q": null,
            "revenue": 479886,
            "revenue_4q": null,
            "common_shares": 1009885,
            "book_valuer_per_share": 22.28,
            "book_valuer_per_share_4q_avg": 21.18,
            "equity": 2250226,
            "current_ratio": 143.08,
            "debt_ratio": 34.45,
            "inventory_turnover_ratio": 0.55,
            "account_receivable_turnover_ratio": 1.24,
            "reinvestment_rate": -4.28,
            "research_to_sale_ratio": 7.33,
            "price_fair": 63.09,
            "eps_avg_yearly": 1.8,
            "eps_latest_yearly": 2.48,
            "eps_growth_yearly": 40.98
        },
        "20202": {
            "year_quarter": 20202,
            "year": 2020,
            "quarter": 2,
            "eps": 0.43,
            "eps_growth_year": 4.88,
            "eps_4q": 2.45,
            "eps_4q_growth_year": 122.36,
            "roe": 1.98,
            "roe_4q": 11.55,
            "gross_profit": 153727,
            "gross_margin": 36.4,
            "gross_margin_4q_avg": 36.62,
            "net_income": 43368,
            "net_income_4q": null,
            "revenue": 422353,
            "revenue_4q": null,
            "common_shares": 1009885,
            "book_valuer_per_share": 21.01,
            "book_valuer_per_share_4q_avg": 21.41,
            "equity": 2121909,
            "current_ratio": 124.94,
            "debt_ratio": 39.47,
            "inventory_turnover_ratio": 0.42,
            "account_receivable_turnover_ratio": 1.06,
            "reinvestment_rate": -7.7,
            "research_to_sale_ratio": 10.15,
            "price_fair": 62.48,
            "eps_avg_yearly": 1.79,
            "eps_latest_yearly": 1.72,
            "eps_growth_yearly": 39.09
        },
        "20203": {
            "year_quarter": 20203,
            "year": 2020,
            "quarter": 3,
            "eps": 0.29,
            "eps_growth_year": -51.67,
            "eps_4q": 2.14,
            "eps_4q_growth_year": 33.27,
            "roe": 1.38,
            "roe_4q": 9.969999999999999,
            "gross_profit": 136116,
            "gross_margin": 32.04,
            "gross_margin_4q_avg": 36.13,
            "net_income": 29386,
            "net_income_4q": null,
            "revenue": 424833,
            "revenue_4q": null,
            "common_shares": 1009885,
            "book_valuer_per_share": 21.3,
            "book_valuer_per_share_4q_avg": 21.56,
            "equity": 2151299,
            "current_ratio": 138.19,
            "debt_ratio": 33.51,
            "inventory_turnover_ratio": 0.45,
            "account_receivable_turnover_ratio": 1.1,
            "reinvestment_rate": -15.57,
            "research_to_sale_ratio": 9.26,
            "price_fair": 61.34,
            "eps_avg_yearly": 1.75,
            "eps_latest_yearly": 1.16,
            "eps_growth_yearly": 34.95
        },
        "20204": {
            "year_quarter": 20204,
            "year": 2020,
            "quarter": 4,
            "eps": 0.47,
            "eps_growth_year": -40.62,
            "eps_4q": 1.82,
            "eps_4q_growth_year": -15.66,
            "roe": 2.19,
            "roe_4q": 8.39,
            "gross_profit": 141365,
            "gross_margin": 33.05,
            "gross_margin_4q_avg": 34,
            "net_income": 47684,
            "net_income_4q": null,
            "revenue": 427755,
            "revenue_4q": null,
            "common_shares": 1009885,
            "book_valuer_per_share": 21.83,
            "book_valuer_per_share_4q_avg": 21.61,
            "equity": 2204529,
            "current_ratio": 151.06,
            "debt_ratio": 32.38,
            "inventory_turnover_ratio": 0.43,
            "account_receivable_turnover_ratio": 1.13,
            "reinvestment_rate": -32.77,
            "research_to_sale_ratio": 9.92,
            "price_fair": 59.5,
            "eps_avg_yearly": 1.7,
            "eps_latest_yearly": 1.88,
            "eps_growth_yearly": 34.99
        },
        "20211": {
            "year_quarter": 20211,
            "year": 2021,
            "quarter": 1,
            "eps": 0.44,
            "eps_growth_year": -29.03,
            "eps_4q": 1.64,
            "eps_4q_growth_year": -32.55,
            "roe": 2.01,
            "roe_4q": 7.559999999999999,
            "gross_profit": 140409,
            "gross_margin": 33.19,
            "gross_margin_4q_avg": 33.67,
            "net_income": 44785,
            "net_income_4q": null,
            "revenue": 423095,
            "revenue_4q": null,
            "common_shares": 1009885,
            "book_valuer_per_share": 22.27,
            "book_valuer_per_share_4q_avg": 21.6,
            "equity": 2249312,
            "current_ratio": 158.29,
            "debt_ratio": 30.51,
            "inventory_turnover_ratio": 0.4,
            "account_receivable_turnover_ratio": 1.13,
            "reinvestment_rate": -32.34,
            "research_to_sale_ratio": 7.66,
            "price_fair": 57.75,
            "eps_avg_yearly": 1.65,
            "eps_latest_yearly": 1.76,
            "eps_growth_yearly": 34.86
        },
        "20212": {
            "year_quarter": 20212,
            "year": 2021,
            "quarter": 2,
            "eps": 0.54,
            "eps_growth_year": 25.58,
            "eps_4q": 1.74,
            "eps_4q_growth_year": -28.72,
            "roe": 2.47,
            "roe_4q": 8.05,
            "gross_profit": 150000,
            "gross_margin": 33.88,
            "gross_margin_4q_avg": 33.04,
            "net_income": 54260,
            "net_income_4q": null,
            "revenue": 442703,
            "revenue_4q": null,
            "common_shares": 1009885,
            "book_valuer_per_share": 21.21,
            "book_valuer_per_share_4q_avg": 21.65,
            "equity": 2141988,
            "current_ratio": 138.56,
            "debt_ratio": 35.02,
            "inventory_turnover_ratio": 0.45,
            "account_receivable_turnover_ratio": 1.19,
            "reinvestment_rate": -34.43,
            "research_to_sale_ratio": 7.17,
            "price_fair": 59.41,
            "eps_avg_yearly": 1.7,
            "eps_latest_yearly": 2.16,
            "eps_growth_yearly": 51.87
        },
        "20213": {
            "year_quarter": 20213,
            "year": 2021,
            "quarter": 3,
            "eps": 0.45,
            "eps_growth_year": 55.17,
            "eps_4q": 1.9,
            "eps_4q_growth_year": -11.05,
            "roe": 2.1,
            "roe_4q": 8.77,
            "gross_profit": 151716,
            "gross_margin": 32.63,
            "gross_margin_4q_avg": 33.19,
            "net_income": 45430,
            "net_income_4q": null,
            "revenue": 464904,
            "revenue_4q": null,
            "common_shares": 1009885,
            "book_valuer_per_share": 21.66,
            "book_valuer_per_share_4q_avg": 21.74,
            "equity": 2187416,
            "current_ratio": 132.01,
            "debt_ratio": 34.19,
            "inventory_turnover_ratio": 0.5,
            "account_receivable_turnover_ratio": 1.28,
            "reinvestment_rate": -36.06,
            "research_to_sale_ratio": 7.91,
            "price_fair": 60.46,
            "eps_avg_yearly": 1.73,
            "eps_latest_yearly": 1.8,
            "eps_growth_yearly": 49.14
        },
        "20214": {
            "year_quarter": 20214,
            "year": 2021,
            "quarter": 4,
            "eps": 0.51,
            "eps_growth_year": 8.29,
            "eps_4q": 1.94,
            "eps_4q_growth_year": 6.93,
            "roe": 2.33,
            "roe_4q": 8.91,
            "gross_profit": 152342,
            "gross_margin": 33.9,
            "gross_margin_4q_avg": 33.4,
            "net_income": 51636,
            "net_income_4q": null,
            "revenue": 449396,
            "revenue_4q": null,
            "common_shares": 1009885,
            "book_valuer_per_share": 22.18,
            "book_valuer_per_share_4q_avg": 21.83,
            "equity": 2240207,
            "current_ratio": 139,
            "debt_ratio": 34.67,
            "inventory_turnover_ratio": 0.47,
            "account_receivable_turnover_ratio": 1.27,
            "reinvestment_rate": -44.61,
            "research_to_sale_ratio": 7.35,
            "price_fair": 60.46,
            "eps_avg_yearly": 1.73,
            "eps_latest_yearly": 2.04,
            "eps_growth_yearly": 38.83
        },
        "20221": {
            "year_quarter": 20221,
            "year": 2022,
            "quarter": 1,
            "eps": 0.41,
            "eps_growth_year": -6.82,
            "eps_4q": 1.9,
            "eps_4q_growth_year": 16.42,
            "roe": 1.81,
            "roe_4q": 8.71,
            "gross_profit": 120000,
            "gross_margin": 31.94,
            "gross_margin_4q_avg": 33.09,
            "net_income": 41020,
            "net_income_4q": null,
            "revenue": 375754,
            "revenue_4q": null,
            "common_shares": 1009885,
            "book_valuer_per_share": 22.59,
            "book_valuer_per_share_4q_avg": 21.91,
            "equity": 2281229,
            "current_ratio": 145.53,
            "debt_ratio": 32.8,
            "inventory_turnover_ratio": 0.38,
            "account_receivable_turnover_ratio": 1.11,
            "reinvestment_rate": -42.78,
            "research_to_sale_ratio": 9.45,
            "price_fair": 60.81,
            "eps_avg_yearly": 1.74,
            "eps_latest_yearly": 1.64,
            "eps_growth_yearly": 40.79
        },
        "20222": {
            "year_quarter": 20222,
            "year": 2022,
            "quarter": 2,
            "eps": 0.74,
            "eps_growth_year": 37.04,
            "eps_4q": 2.11,
            "eps_4q_growth_year": 20.77,
            "roe": 3.35,
            "roe_4q": 9.59,
            "gross_profit": 181992,
            "gross_margin": 38.49,
            "gross_margin_4q_avg": 34.24,
            "net_income": 74607,
            "net_income_4q": null,
            "revenue": 472855,
            "revenue_4q": null,
            "common_shares": 1009885,
            "book_valuer_per_share": 21.53,
            "book_valuer_per_share_4q_avg": 21.99,
            "equity": 2174056,
            "current_ratio": 132.46,
            "debt_ratio": 36.35,
            "inventory_turnover_ratio": 0.4,
            "account_receivable_turnover_ratio": 1.33,
            "reinvestment_rate": -37.18,
            "research_to_sale_ratio": 7.39,
            "price_fair": 64.66,
            "eps_avg_yearly": 1.85,
            "eps_latest_yearly": 2.96,
            "eps_growth_yearly": 65.65
        },
        "20223": {
            "year_quarter": 20223,
            "year": 2022,
            "quarter": 3,
            "eps": 0.74,
            "eps_growth_year": 64.44,
            "eps_4q": 2.39,
            "eps_4q_growth_year": 25.87,
            "roe": 3.37,
            "roe_4q": 10.860000000000001,
            "gross_profit": 170327,
            "gross_margin": 34.7,
            "gross_margin_4q_avg": 34.76,
            "net_income": 74602,
            "net_income_4q": null,
            "revenue": 490833,
            "revenue_4q": null,
            "common_shares": 1009885,
            "book_valuer_per_share": 22.27,
            "book_valuer_per_share_4q_avg": 22.14,
            "equity": 2248659,
            "current_ratio": 149.89,
            "debt_ratio": 33.51,
            "inventory_turnover_ratio": 0.42,
            "account_receivable_turnover_ratio": 1.3,
            "reinvestment_rate": -39.14,
            "research_to_sale_ratio": 7.96,
            "price_fair": 70.26,
            "eps_avg_yearly": 2.01,
            "eps_latest_yearly": 2.96,
            "eps_growth_yearly": 82.31
        },
        "20224": {
            "year_quarter": 20224,
            "year": 2022,
            "quarter": 4,
            "eps": 1.6,
            "eps_growth_year": 213.29,
            "eps_4q": 3.49,
            "eps_4q_growth_year": 79.49,
            "roe": 6.94,
            "roe_4q": 15.47,
            "gross_profit": 222583,
            "gross_margin": 37.03,
            "gross_margin_4q_avg": 35.54,
            "net_income": 161770,
            "net_income_4q": null,
            "revenue": 601045,
            "revenue_4q": null,
            "common_shares": 1009885,
            "book_valuer_per_share": 23.87,
            "book_valuer_per_share_4q_avg": 22.57,
            "equity": 2411029,
            "current_ratio": 157.66,
            "debt_ratio": 32.74,
            "inventory_turnover_ratio": 0.49,
            "account_receivable_turnover_ratio": 1.59,
            "reinvestment_rate": -25.95,
            "research_to_sale_ratio": 5.71,
            "price_fair": 82.25,
            "eps_avg_yearly": 2.35,
            "eps_latest_yearly": 6.4,
            "eps_growth_yearly": 78.87
        },
        "20231": {
            "year_quarter": 20231,
            "year": 2023,
            "quarter": 1,
            "eps": 0.93,
            "eps_growth_year": 126.83,
            "eps_4q": 4.01,
            "eps_4q_growth_year": 110.53,
            "roe": 3.82,
            "roe_4q": 17.48,
            "gross_profit": 203530,
            "gross_margin": 35.51,
            "gross_margin_4q_avg": 36.43,
            "net_income": 93967,
            "net_income_4q": null,
            "revenue": 573084,
            "revenue_4q": null,
            "common_shares": 1009885,
            "book_valuer_per_share": 24.8,
            "book_valuer_per_share_4q_avg": 23.12,
            "equity": 2504941,
            "current_ratio": 170.86,
            "debt_ratio": 30.98,
            "inventory_turnover_ratio": 0.46,
            "account_receivable_turnover_ratio": 1.41,
            "reinvestment_rate": -21.82,
            "research_to_sale_ratio": 6.7,
            "price_fair": 87.33,
            "eps_avg_yearly": 2.5,
            "eps_latest_yearly": 3.72,
            "eps_growth_yearly": 55.35
        },
        "20232": {
            "year_quarter": 20232,
            "year": 2023,
            "quarter": 2,
            "eps": 0.92,
            "eps_growth_year": 24.32,
            "eps_4q": 4.19,
            "eps_4q_growth_year": 98.86,
            "roe": 3.8,
            "roe_4q": 17.93,
            "gross_profit": 189330,
            "gross_margin": 36.15,
            "gross_margin_4q_avg": 35.85,
            "net_income": 92615,
            "net_income_4q": null,
            "revenue": 523777,
            "revenue_4q": null,
            "common_shares": 1009885,
            "book_valuer_per_share": 23.42,
            "book_valuer_per_share_4q_avg": 23.59,
            "equity": 2365282,
            "current_ratio": 144.73,
            "debt_ratio": 36.09,
            "inventory_turnover_ratio": 0.41,
            "account_receivable_turnover_ratio": 1.27,
            "reinvestment_rate": -17.11,
            "research_to_sale_ratio": 7.07,
            "price_fair": 91.79,
            "eps_avg_yearly": 2.62,
            "eps_latest_yearly": 3.68,
            "eps_growth_yearly": 50.8
        },
        "20233": {
            "year_quarter": 20233,
            "year": 2023,
            "quarter": 3,
            "eps": 0.46,
            "eps_growth_year": -37.84,
            "eps_4q": 3.91,
            "eps_4q_growth_year": 63.3,
            "roe": 1.95,
            "roe_4q": 16.51,
            "gross_profit": 180242,
            "gross_margin": 33.56,
            "gross_margin_4q_avg": 35.56,
            "net_income": 46621,
            "net_income_4q": null,
            "revenue": 537058,
            "revenue_4q": null,
            "common_shares": 1009885,
            "book_valuer_per_share": 23.88,
            "book_valuer_per_share_4q_avg": 23.99,
            "equity": 2411904,
            "current_ratio": 122.29,
            "debt_ratio": 37.24,
            "inventory_turnover_ratio": 0.46,
            "account_receivable_turnover_ratio": 1.29,
            "reinvestment_rate": 13.77,
            "research_to_sale_ratio": 8.25,
            "price_fair": 90.56,
            "eps_avg_yearly": 2.59,
            "eps_latest_yearly": 1.84,
            "eps_growth_yearly": 26.71
        }
    },
    "months": {
        "2005-06": {
            "month": "2005-06",
            "price": "25.21",
            "revenue": 43541
        },
        "2005-07": {
            "month": "2005-07",
            "price": "24.80",
            "revenue": 48514
        },
        "2005-08": {
            "month": "2005-08",
            "price": "26.20",
            "revenue": 45646
        },
        "2005-09": {
            "month": "2005-09",
            "price": "23.86",
            "revenue": 46596
        },
        "2005-10": {
            "month": "2005-10",
            "price": "21.29",
            "revenue": 39265
        },
        "2005-11": {
            "month": "2005-11",
            "price": "19.95",
            "revenue": 57044
        },
        "2005-12": {
            "month": "2005-12",
            "price": "20.78",
            "revenue": 41864
        },
        "2006-01": {
            "month": "2006-01",
            "price": "24.45",
            "revenue": 52139
        },
        "2006-03": {
            "month": "2006-03",
            "price": "25.54",
            "revenue": 54067
        },
        "2006-05": {
            "month": "2006-05",
            "price": "21.15",
            "revenue": 52829
        },
        "2006-06": {
            "month": "2006-06",
            "price": "19.95",
            "revenue": 54411
        },
        "2006-07": {
            "month": "2006-07",
            "price": "23.03",
            "revenue": 46584
        },
        "2006-10": {
            "month": "2006-10",
            "price": "22.44",
            "revenue": 52992
        },
        "2006-11": {
            "month": "2006-11",
            "price": "22.09",
            "revenue": 55744
        },
        "2006-12": {
            "month": "2006-12",
            "price": "24.95",
            "revenue": 51040
        },
        "2007-01": {
            "month": "2007-01",
            "price": "24.10",
            "revenue": 57042
        },
        "2007-02": {
            "month": "2007-02",
            "price": "23.50",
            "revenue": 45673
        },
        "2007-04": {
            "month": "2007-04",
            "price": "21.26",
            "revenue": 61788
        },
        "2007-05": {
            "month": "2007-05",
            "price": "21.05",
            "revenue": 56709
        },
        "2007-06": {
            "month": "2007-06",
            "price": "22.13",
            "revenue": 55505
        },
        "2007-07": {
            "month": "2007-07",
            "price": "31.14",
            "revenue": 58790
        },
        "2007-08": {
            "month": "2007-08",
            "price": "32.70",
            "revenue": 52482
        },
        "2007-09": {
            "month": "2007-09",
            "price": "32.09",
            "revenue": 57265
        },
        "2007-10": {
            "month": "2007-10",
            "price": "28.70",
            "revenue": 50709
        },
        "2007-11": {
            "month": "2007-11",
            "price": "28.56",
            "revenue": 50018
        },
        "2007-12": {
            "month": "2007-12",
            "price": "27.88",
            "revenue": 50165
        },
        "2008-01": {
            "month": "2008-01",
            "price": "21.27",
            "revenue": 68879
        },
        "2008-02": {
            "month": "2008-02",
            "price": "19.65",
            "revenue": 40067
        },
        "2008-03": {
            "month": "2008-03",
            "price": "19.74",
            "revenue": 55403
        },
        "2008-04": {
            "month": "2008-04",
            "price": "20.36",
            "revenue": 52989
        },
        "2008-05": {
            "month": "2008-05",
            "price": "22.20",
            "revenue": 51716
        },
        "2008-06": {
            "month": "2008-06",
            "price": "20.99",
            "revenue": 51239
        },
        "2008-07": {
            "month": "2008-07",
            "price": "19.56",
            "revenue": 56326
        },
        "2008-08": {
            "month": "2008-08",
            "price": "19.70",
            "revenue": 47379
        },
        "2008-09": {
            "month": "2008-09",
            "price": "19.53",
            "revenue": 57791
        },
        "2008-10": {
            "month": "2008-10",
            "price": "17.97",
            "revenue": 50529
        },
        "2008-11": {
            "month": "2008-11",
            "price": "15.52",
            "revenue": 52925
        },
        "2008-12": {
            "month": "2008-12",
            "price": "14.55",
            "revenue": 52314
        },
        "2009-01": {
            "month": "2009-01",
            "price": "15.37",
            "revenue": 55857
        },
        "2009-02": {
            "month": "2009-02",
            "price": "15.54",
            "revenue": 52540
        },
        "2009-03": {
            "month": "2009-03",
            "price": "18.87",
            "revenue": 56422
        },
        "2009-04": {
            "month": "2009-04",
            "price": "24.39",
            "revenue": 55366
        },
        "2009-05": {
            "month": "2009-05",
            "price": "24.99",
            "revenue": 53524
        },
        "2009-06": {
            "month": "2009-06",
            "price": "24.60",
            "revenue": 58629
        },
        "2009-07": {
            "month": "2009-07",
            "price": "31.87",
            "revenue": 57938
        },
        "2009-08": {
            "month": "2009-08",
            "price": "30.44",
            "revenue": 52724
        },
        "2009-09": {
            "month": "2009-09",
            "price": "28.96",
            "revenue": 58452
        },
        "2009-10": {
            "month": "2009-10",
            "price": "28.31",
            "revenue": 55506
        },
        "2009-11": {
            "month": "2009-11",
            "price": "24.17",
            "revenue": 55297
        },
        "2009-12": {
            "month": "2009-12",
            "price": "25.29",
            "revenue": 57772
        },
        "2010-01": {
            "month": "2010-01",
            "price": "25.60",
            "revenue": 61078
        },
        "2010-02": {
            "month": "2010-02",
            "price": "21.63",
            "revenue": 48072
        },
        "2010-03": {
            "month": "2010-03",
            "price": "25.69",
            "revenue": 49120
        },
        "2010-04": {
            "month": "2010-04",
            "price": "30.03",
            "revenue": 52323
        },
        "2010-05": {
            "month": "2010-05",
            "price": "26.08",
            "revenue": 57297
        },
        "2010-06": {
            "month": "2010-06",
            "price": "25.50",
            "revenue": 52732
        },
        "2010-07": {
            "month": "2010-07",
            "price": "27.41",
            "revenue": 52862
        },
        "2010-08": {
            "month": "2010-08",
            "price": "30.86",
            "revenue": 56065
        },
        "2010-09": {
            "month": "2010-09",
            "price": "34.38",
            "revenue": 59982
        },
        "2010-10": {
            "month": "2010-10",
            "price": "41.46",
            "revenue": 55890
        },
        "2010-11": {
            "month": "2010-11",
            "price": "36.92",
            "revenue": 51813
        },
        "2010-12": {
            "month": "2010-12",
            "price": "36.95",
            "revenue": 55593
        },
        "2011-01": {
            "month": "2011-01",
            "price": "34.67",
            "revenue": 64934
        },
        "2011-02": {
            "month": "2011-02",
            "price": "34.27",
            "revenue": 75950
        },
        "2011-03": {
            "month": "2011-03",
            "price": "34.65",
            "revenue": 57611
        },
        "2011-04": {
            "month": "2011-04",
            "price": "37.23",
            "revenue": 63517
        },
        "2011-05": {
            "month": "2011-05",
            "price": "35.73",
            "revenue": 61940
        },
        "2011-06": {
            "month": "2011-06",
            "price": "30.82",
            "revenue": 66860
        },
        "2011-07": {
            "month": "2011-07",
            "price": "30.74",
            "revenue": 70252
        },
        "2011-08": {
            "month": "2011-08",
            "price": "27.64",
            "revenue": 80746
        },
        "2011-09": {
            "month": "2011-09",
            "price": "27.09",
            "revenue": 65596
        },
        "2011-10": {
            "month": "2011-10",
            "price": "26.99",
            "revenue": 69945
        },
        "2011-11": {
            "month": "2011-11",
            "price": "25.14",
            "revenue": 66580
        },
        "2011-12": {
            "month": "2011-12",
            "price": "22.58",
            "revenue": 69192
        },
        "2012-01": {
            "month": "2012-01",
            "price": "23.34",
            "revenue": 63985
        },
        "2012-02": {
            "month": "2012-02",
            "price": "28.43",
            "revenue": 61765
        },
        "2012-03": {
            "month": "2012-03",
            "price": "28.67",
            "revenue": 107341
        },
        "2012-04": {
            "month": "2012-04",
            "price": "28.54",
            "revenue": 69768
        },
        "2012-05": {
            "month": "2012-05",
            "price": "29.03",
            "revenue": 94251
        },
        "2012-06": {
            "month": "2012-06",
            "price": "29.48",
            "revenue": 67582
        },
        "2012-07": {
            "month": "2012-07",
            "price": "29.79",
            "revenue": 88082
        },
        "2012-08": {
            "month": "2012-08",
            "price": "30.76",
            "revenue": 73301
        },
        "2012-09": {
            "month": "2012-09",
            "price": "35.97",
            "revenue": 69014
        },
        "2012-10": {
            "month": "2012-10",
            "price": "38.22",
            "revenue": 95776
        },
        "2012-11": {
            "month": "2012-11",
            "price": "39.58",
            "revenue": 82793
        },
        "2012-12": {
            "month": "2012-12",
            "price": "42.83",
            "revenue": 78482
        },
        "2013-01": {
            "month": "2013-01",
            "price": "41.51",
            "revenue": 81977
        },
        "2013-02": {
            "month": "2013-02",
            "price": "40.96",
            "revenue": 74417
        },
        "2013-03": {
            "month": "2013-03",
            "price": "39.40",
            "revenue": 71039
        },
        "2013-04": {
            "month": "2013-04",
            "price": "36.88",
            "revenue": 77591
        },
        "2013-05": {
            "month": "2013-05",
            "price": "34.54",
            "revenue": 82632
        },
        "2013-06": {
            "month": "2013-06",
            "price": "34.20",
            "revenue": 78285
        },
        "2013-07": {
            "month": "2013-07",
            "price": "38.17",
            "revenue": 90667
        },
        "2013-08": {
            "month": "2013-08",
            "price": "38.08",
            "revenue": 72020
        },
        "2013-09": {
            "month": "2013-09",
            "price": "38.54",
            "revenue": 84627
        },
        "2013-10": {
            "month": "2013-10",
            "price": "38.28",
            "revenue": 89773
        },
        "2013-11": {
            "month": "2013-11",
            "price": "35.99",
            "revenue": 103838
        },
        "2013-12": {
            "month": "2013-12",
            "price": "34.87",
            "revenue": 106059
        },
        "2014-01": {
            "month": "2014-01",
            "price": "35.32",
            "revenue": 90668
        },
        "2014-02": {
            "month": "2014-02",
            "price": "35.91",
            "revenue": 79930
        },
        "2014-03": {
            "month": "2014-03",
            "price": "34.04",
            "revenue": 100361
        },
        "2014-04": {
            "month": "2014-04",
            "price": "32.12",
            "revenue": 102769
        },
        "2014-05": {
            "month": "2014-05",
            "price": "32.70",
            "revenue": 99051
        },
        "2014-06": {
            "month": "2014-06",
            "price": "34.25",
            "revenue": 86728
        },
        "2014-07": {
            "month": "2014-07",
            "price": "35.45",
            "revenue": 114197
        },
        "2014-08": {
            "month": "2014-08",
            "price": "32.75",
            "revenue": 120645
        },
        "2014-09": {
            "month": "2014-09",
            "price": "33.46",
            "revenue": 123526
        },
        "2014-10": {
            "month": "2014-10",
            "price": "31.28",
            "revenue": 119411
        },
        "2014-11": {
            "month": "2014-11",
            "price": "31.00",
            "revenue": 127993
        },
        "2014-12": {
            "month": "2014-12",
            "price": "31.95",
            "revenue": 111504
        },
        "2015-01": {
            "month": "2015-01",
            "price": "35.54",
            "revenue": 144647
        },
        "2015-02": {
            "month": "2015-02",
            "price": "35.66",
            "revenue": 101173
        },
        "2015-03": {
            "month": "2015-03",
            "price": "39.97",
            "revenue": 111580
        },
        "2015-04": {
            "month": "2015-04",
            "price": "43.41",
            "revenue": 95279
        },
        "2015-05": {
            "month": "2015-05",
            "price": "38.81",
            "revenue": 131337
        },
        "2015-06": {
            "month": "2015-06",
            "price": "35.69",
            "revenue": 149327
        },
        "2015-07": {
            "month": "2015-07",
            "price": "40.64",
            "revenue": 141995
        },
        "2015-08": {
            "month": "2015-08",
            "price": "38.47",
            "revenue": 122585
        },
        "2015-09": {
            "month": "2015-09",
            "price": "42.47",
            "revenue": 111269
        },
        "2015-10": {
            "month": "2015-10",
            "price": "44.30",
            "revenue": 131672
        },
        "2015-11": {
            "month": "2015-11",
            "price": "48.02",
            "revenue": 142298
        },
        "2015-12": {
            "month": "2015-12",
            "price": "47.60",
            "revenue": 137164
        },
        "2016-01": {
            "month": "2016-01",
            "price": "44.86",
            "revenue": 125256
        },
        "2016-02": {
            "month": "2016-02",
            "price": "45.23",
            "revenue": 121982
        },
        "2016-03": {
            "month": "2016-03",
            "price": "43.92",
            "revenue": 160344
        },
        "2016-04": {
            "month": "2016-04",
            "price": "42.89",
            "revenue": 128231
        },
        "2016-05": {
            "month": "2016-05",
            "price": "44.41",
            "revenue": 144328
        },
        "2016-06": {
            "month": "2016-06",
            "price": "47.11",
            "revenue": 133694
        },
        "2016-07": {
            "month": "2016-07",
            "price": "48.81",
            "revenue": 127416
        },
        "2016-08": {
            "month": "2016-08",
            "price": "44.68",
            "revenue": 122067
        },
        "2016-09": {
            "month": "2016-09",
            "price": "43.85",
            "revenue": 134022
        },
        "2016-10": {
            "month": "2016-10",
            "price": "42.14",
            "revenue": 110060
        },
        "2016-11": {
            "month": "2016-11",
            "price": "37.48",
            "revenue": 111635
        },
        "2016-12": {
            "month": "2016-12",
            "price": "38.59",
            "revenue": 130675
        },
        "2017-01": {
            "month": "2017-01",
            "price": "40.48",
            "revenue": 127645
        },
        "2017-02": {
            "month": "2017-02",
            "price": "41.98",
            "revenue": 98572
        },
        "2017-03": {
            "month": "2017-03",
            "price": "43.20",
            "revenue": 125070
        },
        "2017-04": {
            "month": "2017-04",
            "price": "40.71",
            "revenue": 113657
        },
        "2017-05": {
            "month": "2017-05",
            "price": "39.78",
            "revenue": 107568
        },
        "2017-06": {
            "month": "2017-06",
            "price": "41.00",
            "revenue": 125816
        },
        "2017-07": {
            "month": "2017-07",
            "price": "40.18",
            "revenue": 128260
        },
        "2017-08": {
            "month": "2017-08",
            "price": "38.42",
            "revenue": 127772
        },
        "2017-09": {
            "month": "2017-09",
            "price": "37.21",
            "revenue": 112788
        },
        "2017-10": {
            "month": "2017-10",
            "price": "35.98",
            "revenue": 134759
        },
        "2017-11": {
            "month": "2017-11",
            "price": "36.99",
            "revenue": 127248
        },
        "2017-12": {
            "month": "2017-12",
            "price": "36.69",
            "revenue": 174568
        },
        "2018-01": {
            "month": "2018-01",
            "price": "38.27",
            "revenue": 114574
        },
        "2018-02": {
            "month": "2018-02",
            "price": "36.58",
            "revenue": 104974
        },
        "2018-03": {
            "month": "2018-03",
            "price": "37.08",
            "revenue": 159323
        },
        "2018-04": {
            "month": "2018-04",
            "price": "39.64",
            "revenue": 123820
        },
        "2018-05": {
            "month": "2018-05",
            "price": "37.42",
            "revenue": 133614
        },
        "2018-06": {
            "month": "2018-06",
            "price": "37.30",
            "revenue": 132812
        },
        "2018-07": {
            "month": "2018-07",
            "price": "36.34",
            "revenue": 108402
        },
        "2018-08": {
            "month": "2018-08",
            "price": "35.13",
            "revenue": 121866
        },
        "2018-09": {
            "month": "2018-09",
            "price": "32.64",
            "revenue": 128531
        },
        "2018-10": {
            "month": "2018-10",
            "price": "30.10",
            "revenue": 139085
        },
        "2018-11": {
            "month": "2018-11",
            "price": "29.14",
            "revenue": 128991
        },
        "2018-12": {
            "month": "2018-12",
            "price": "29.59",
            "revenue": 142534
        },
        "2019-01": {
            "month": "2019-01",
            "price": "29.93",
            "revenue": 142542
        },
        "2019-02": {
            "month": "2019-02",
            "price": "29.77",
            "revenue": 95227
        },
        "2019-03": {
            "month": "2019-03",
            "price": "30.18",
            "revenue": 139324
        },
        "2019-04": {
            "month": "2019-04",
            "price": "30.24",
            "revenue": 137767
        },
        "2019-05": {
            "month": "2019-05",
            "price": "29.90",
            "revenue": 142232
        },
        "2019-06": {
            "month": "2019-06",
            "price": "29.82",
            "revenue": 136253
        },
        "2019-07": {
            "month": "2019-07",
            "price": "30.28",
            "revenue": 150515
        },
        "2019-08": {
            "month": "2019-08",
            "price": "31.14",
            "revenue": 180374
        },
        "2019-09": {
            "month": "2019-09",
            "price": "34.50",
            "revenue": 138880
        },
        "2019-10": {
            "month": "2019-10",
            "price": "39.61",
            "revenue": 158963
        },
        "2019-11": {
            "month": "2019-11",
            "price": "42.49",
            "revenue": 156267
        },
        "2019-12": {
            "month": "2019-12",
            "price": "42.72",
            "revenue": 183913
        },
        "2020-01": {
            "month": "2020-01",
            "price": "41.91",
            "revenue": 129465
        },
        "2020-02": {
            "month": "2020-02",
            "price": "44.32",
            "revenue": 168200
        },
        "2020-03": {
            "month": "2020-03",
            "price": "38.63",
            "revenue": 182220
        },
        "2020-04": {
            "month": "2020-04",
            "price": "42.43",
            "revenue": 150484
        },
        "2020-05": {
            "month": "2020-05",
            "price": "44.20",
            "revenue": 140305
        },
        "2020-06": {
            "month": "2020-06",
            "price": "47.92",
            "revenue": 131564
        },
        "2020-07": {
            "month": "2020-07",
            "price": "47.34",
            "revenue": 145903
        },
        "2020-08": {
            "month": "2020-08",
            "price": "43.71",
            "revenue": 136853
        },
        "2020-09": {
            "month": "2020-09",
            "price": "41.63",
            "revenue": 142077
        },
        "2020-10": {
            "month": "2020-10",
            "price": "40.44",
            "revenue": 131446
        },
        "2020-11": {
            "month": "2020-11",
            "price": "39.04",
            "revenue": 119423
        },
        "2020-12": {
            "month": "2020-12",
            "price": "39.39",
            "revenue": 176887
        },
        "2021-01": {
            "month": "2021-01",
            "price": "38.12",
            "revenue": 143279
        },
        "2021-02": {
            "month": "2021-02",
            "price": "38.65",
            "revenue": 119161
        },
        "2021-03": {
            "month": "2021-03",
            "price": "39.07",
            "revenue": 160654
        },
        "2021-04": {
            "month": "2021-04",
            "price": "39.64",
            "revenue": 139485
        },
        "2021-05": {
            "month": "2021-05",
            "price": "39.68",
            "revenue": 161674
        },
        "2021-06": {
            "month": "2021-06",
            "price": "38.93",
            "revenue": 141544
        },
        "2021-07": {
            "month": "2021-07",
            "price": "38.68",
            "revenue": 168081
        },
        "2021-08": {
            "month": "2021-08",
            "price": "37.46",
            "revenue": 153505
        },
        "2021-09": {
            "month": "2021-09",
            "price": "36.19",
            "revenue": 143319
        },
        "2021-10": {
            "month": "2021-10",
            "price": "34.26",
            "revenue": 153554
        },
        "2021-11": {
            "month": "2021-11",
            "price": "35.71",
            "revenue": 144944
        },
        "2021-12": {
            "month": "2021-12",
            "price": "37.24",
            "revenue": 150898
        },
        "2022-01": {
            "month": "2022-01",
            "price": "38.56",
            "revenue": 142201
        },
        "2022-02": {
            "month": "2022-02",
            "price": "38.34",
            "revenue": 92399
        },
        "2022-03": {
            "month": "2022-03",
            "price": "37.61",
            "revenue": 141154
        },
        "2022-04": {
            "month": "2022-04",
            "price": "37.88",
            "revenue": 145938
        },
        "2022-05": {
            "month": "2022-05",
            "price": "36.78",
            "revenue": 153181
        },
        "2022-06": {
            "month": "2022-06",
            "price": "36.91",
            "revenue": 173736
        },
        "2022-07": {
            "month": "2022-07",
            "price": "35.40",
            "revenue": 180890
        },
        "2022-08": {
            "month": "2022-08",
            "price": "37.01",
            "revenue": 151201
        },
        "2022-09": {
            "month": "2022-09",
            "price": "37.63",
            "revenue": 158742
        },
        "2022-10": {
            "month": "2022-10",
            "price": "33.78",
            "revenue": 208581
        },
        "2022-11": {
            "month": "2022-11",
            "price": "35.21",
            "revenue": 194901
        },
        "2022-12": {
            "month": "2022-12",
            "price": "52.02",
            "revenue": 197563
        },
        "2023-01": {
            "month": "2023-01",
            "price": "58.28",
            "revenue": 165023
        },
        "2023-02": {
            "month": "2023-02",
            "price": "59.10",
            "revenue": 166390
        },
        "2023-03": {
            "month": "2023-03",
            "price": "58.27",
            "revenue": 241671
        },
        "2023-04": {
            "month": "2023-04",
            "price": "72.58",
            "revenue": 160551
        },
        "2023-05": {
            "month": "2023-05",
            "price": "70.97",
            "revenue": 186278
        },
        "2023-06": {
            "month": "2023-06",
            "price": "63.48",
            "revenue": 176948
        },
        "2023-07": {
            "month": "2023-07",
            "price": "60.80",
            "revenue": 176193
        },
        "2023-08": {
            "month": "2023-08",
            "price": "55.46",
            "revenue": 193411
        },
        "2023-09": {
            "month": "2023-09",
            "price": "55.16",
            "revenue": 167453
        },
        "2023-10": {
            "month": "2023-10",
            "price": "53.47",
            "revenue": 200252
        },
        "2023-11": {
            "month": "2023-11",
            "price": "52.90",
            "revenue": 176070
        },
        "2023-12": {
            "month": "2023-12",
            "price": "56.00",
            "revenue": 139986
        }
    }
}
