{
    "summary": {
        "stock_name": "寶齡富錦",
        "stock_id": "1760",
        "category": "生技醫療",
        "main_business": "藥品之製造與銷售<br>化妝品之製造與銷售<br>配方食品之製造與銷售",
        "website_url": "http://www.pbf.com.tw",
        "ceo": "江宗明",
        "pe_ratio": 100,
        "report_year_from": 2001,
        "report_year_to": 2023,
        "age": 23,
        "eps_negative_percentage": 0,
        "eps_growth_avg": {
            "last_all": 19.48,
            "last_2y": 32.96,
            "last_4y": 3.38,
            "last_8y": null,
            "last_12y": null,
            "last_16y": null,
            "last_20y": null,
            "at_2006_last_3y": null,
            "at_2007_last_3y": null,
            "at_2008_last_3y": null,
            "at_2009_last_3y": null,
            "at_2010_last_3y": null,
            "at_2011_last_3y": null,
            "at_2012_last_3y": null,
            "at_2013_last_3y": null,
            "at_2014_last_3y": null,
            "at_2015_last_3y": null,
            "at_2016_last_3y": null,
            "at_2017_last_3y": null,
            "at_2018_last_3y": null,
            "at_2019_last_3y": null,
            "at_2020_last_3y": null,
            "at_2021_last_3y": 29.5,
            "at_2022_last_3y": 18.66,
            "at_2023_last_3y": 3.98,
            "at_2024_last_3y": 3.98,
            "at_2006_last_all": null,
            "at_2007_last_all": null,
            "at_2008_last_all": null,
            "at_2009_last_all": null,
            "at_2010_last_all": null,
            "at_2011_last_all": null,
            "at_2012_last_all": null,
            "at_2013_last_all": null,
            "at_2014_last_all": null,
            "at_2015_last_all": null,
            "at_2016_last_all": null,
            "at_2017_last_all": null,
            "at_2018_last_all": null,
            "at_2019_last_all": 50.48,
            "at_2020_last_all": 6.01,
            "at_2021_last_all": 29.5,
            "at_2022_last_all": 34.93,
            "at_2023_last_all": 19.48,
            "at_2024_last_all": 19.48
        },
        "latest_eps": 0.9,
        "latest_price": 102.5,
        "latest_roe": 3.94,
        "latest_gross_margin": 49.63,
        "latest_equity": 1911080,
        "latest_revenue": 528666,
        "latest_gross_profit": 262366,
        "latest_net_income": 29619,
        "latest_debt_ratio": 40.93,
        "latest_current_ratio": 140.52,
        "latest_account_receivable_turnover_ratio": 1.49,
        "latest_inventory_turnover_ratio": 0.47,
        "latest_reinvestment_rate": 293.89,
        "latest_research_to_sale_ratio": 7.78
    },
    "eps_dividends": {
        "2001": {
            "cash": 0,
            "stock": 0,
            "eps": 0
        },
        "2002": {
            "cash": 0,
            "stock": 0,
            "eps": 0
        },
        "2003": {
            "cash": 0,
            "stock": 0,
            "eps": 0
        },
        "2004": {
            "cash": 0,
            "stock": 0.15,
            "eps": 0
        },
        "2005": {
            "cash": 0,
            "stock": 0,
            "eps": 0
        },
        "2006": {
            "cash": 0,
            "stock": 0,
            "eps": 0
        },
        "2007": {
            "cash": 0,
            "stock": 0,
            "eps": 0
        },
        "2008": {
            "cash": 0,
            "stock": 0,
            "eps": 0
        },
        "2009": {
            "cash": 0,
            "stock": 0,
            "eps": 0
        },
        "2010": {
            "cash": 0,
            "stock": 0,
            "eps": 0
        },
        "2011": {
            "cash": 0,
            "stock": 0,
            "eps": 0
        },
        "2012": {
            "cash": 0,
            "stock": 0,
            "eps": 0
        },
        "2013": {
            "cash": 0,
            "stock": 0,
            "eps": 0
        },
        "2014": {
            "cash": 0,
            "stock": 1,
            "eps": 0
        },
        "2015": {
            "cash": 0.15,
            "stock": 1.6,
            "eps": 0
        },
        "2016": {
            "cash": 0.8,
            "stock": 1,
            "eps": 0
        },
        "2017": {
            "cash": 0.9,
            "stock": 1,
            "eps": 0.6
        },
        "2018": {
            "cash": 1.5,
            "stock": 0,
            "eps": 2.09
        },
        "2019": {
            "cash": 1.8,
            "stock": 0,
            "eps": 2.11
        },
        "2020": {
            "cash": 1.8,
            "stock": 0,
            "eps": 0.36
        },
        "2021": {
            "cash": 0.7,
            "stock": 0,
            "eps": 1.36
        },
        "2022": {
            "cash": 1.5,
            "stock": 0,
            "eps": 2.13
        },
        "2023": {
            "cash": 2,
            "stock": 0,
            "eps": 0.9
        },
        "2024": {
            "cash": 1.5,
            "stock": 0,
            "eps": 0
        }
    },
    "dividends": {
        "2004-04-02": {
            "cash": 0,
            "stock": 0.15
        },
        "2014-04-22": {
            "cash": 0,
            "stock": 1
        },
        "2015-10-13": {
            "cash": 0.15,
            "stock": 1.6
        },
        "2016-08-19": {
            "cash": 0.8,
            "stock": 1
        },
        "2017-08-18": {
            "cash": 0.9,
            "stock": 1
        },
        "2018-07-11": {
            "cash": 1.5,
            "stock": 0
        },
        "2019-07-19": {
            "cash": 1.8,
            "stock": 0
        },
        "2020-07-22": {
            "cash": 1.8,
            "stock": 0
        },
        "2021-07-16": {
            "cash": 0.7,
            "stock": 0
        },
        "2022-07-22": {
            "cash": 1.5,
            "stock": 0
        },
        "2023-08-11": {
            "cash": 2,
            "stock": 0
        },
        "2024-03-07": {
            "cash": 1.5,
            "stock": 0
        }
    },
    "prices": {
        "200101": "無",
        "200102": "無",
        "200103": "無",
        "200104": "無",
        "200105": "無",
        "200106": "無",
        "200107": "無",
        "200108": "無",
        "200109": "無",
        "200110": "無",
        "200111": "無",
        "200112": "無",
        "200201": "無",
        "200202": "無",
        "200203": "無",
        "200204": "無",
        "200205": "無",
        "200206": "無",
        "200207": "無",
        "200208": "無",
        "200209": "無",
        "200210": "無",
        "200211": "無",
        "200212": "無",
        "200301": "無",
        "200302": "無",
        "200303": "無",
        "200304": "無",
        "200305": "無",
        "200306": "無",
        "200307": "無",
        "200308": "無",
        "200309": "無",
        "200310": "無",
        "200311": "無",
        "200312": "無",
        "200401": "無",
        "200402": "無",
        "200403": "無",
        "200404": "無",
        "200405": "無",
        "200406": "20.40",
        "200407": "20.30",
        "200408": "18.37",
        "200409": "18.72",
        "200410": "無",
        "200411": "無",
        "200412": "無",
        "200501": "無",
        "200502": "無",
        "200503": "無",
        "200504": "無",
        "200505": "17.00",
        "200506": "17.52",
        "200507": "18.97",
        "200508": "21.38",
        "200509": "21.40",
        "200510": "18.91",
        "200511": "17.04",
        "200512": "17.20",
        "200601": "19.00",
        "200602": "20.40",
        "200603": "無",
        "200604": "20.19",
        "200605": "19.58",
        "200606": "18.16",
        "200607": "無",
        "200608": "無",
        "200609": "17.80",
        "200610": "17.80",
        "200611": "17.50",
        "200612": "17.14",
        "200701": "17.62",
        "200702": "17.86",
        "200703": "18.20",
        "200704": "19.81",
        "200705": "20.01",
        "200706": "21.25",
        "200707": "28.42",
        "200708": "22.95",
        "200709": "18.80",
        "200710": "18.39",
        "200711": "20.78",
        "200712": "19.04",
        "200801": "18.21",
        "200802": "18.55",
        "200803": "18.15",
        "200804": "18.17",
        "200805": "18.43",
        "200806": "17.43",
        "200807": "16.77",
        "200808": "16.00",
        "200809": "14.44",
        "200810": "11.82",
        "200811": "11.04",
        "200812": "7.35",
        "200901": "無",
        "200902": "無",
        "200903": "無",
        "200904": "11.24",
        "200905": "12.51",
        "200906": "10.28",
        "200907": "10.92",
        "200908": "11.83",
        "200909": "12.03",
        "200910": "12.42",
        "200911": "無",
        "200912": "12.27",
        "201001": "12.87",
        "201002": "13.42",
        "201003": "12.06",
        "201004": "12.74",
        "201005": "12.84",
        "201006": "14.60",
        "201007": "無",
        "201008": "12.96",
        "201009": "13.74",
        "201010": "12.39",
        "201011": "12.60",
        "201012": "12.00",
        "201101": "13.29",
        "201102": "13.70",
        "201103": "17.75",
        "201104": "25.27",
        "201105": "23.13",
        "201106": "22.85",
        "201107": "23.65",
        "201108": "23.25",
        "201109": "19.34",
        "201110": "15.35",
        "201111": "17.36",
        "201112": "16.56",
        "201201": "16.84",
        "201202": "20.33",
        "201203": "22.49",
        "201204": "21.24",
        "201205": "19.93",
        "201206": "19.16",
        "201207": "19.83",
        "201208": "19.50",
        "201209": "18.27",
        "201210": "19.45",
        "201211": "34.75",
        "201212": "46.61",
        "201301": "54.88",
        "201302": "153.19",
        "201303": "164.03",
        "201304": "139.91",
        "201305": "127.00",
        "201306": "126.18",
        "201307": "150.34",
        "201308": "179.12",
        "201309": "189.94",
        "201310": "305.20",
        "201311": "356.48",
        "201312": "378.66",
        "201401": "422.64",
        "201402": "417.30",
        "201403": "381.65",
        "201404": "375.71",
        "201405": "391.80",
        "201406": "392.30",
        "201407": "410.96",
        "201408": "396.15",
        "201409": "373.04",
        "201410": "304.65",
        "201411": "289.63",
        "201412": "296.84",
        "201501": "290.36",
        "201502": "252.42",
        "201503": "250.40",
        "201504": "232.15",
        "201505": "161.66",
        "201506": "146.22",
        "201507": "148.43",
        "201508": "114.74",
        "201509": "117.47",
        "201510": "115.79",
        "201511": "122.09",
        "201512": "149.55",
        "201601": "120.93",
        "201602": "133.06",
        "201603": "137.54",
        "201604": "135.51",
        "201605": "128.92",
        "201606": "128.79",
        "201607": "128.32",
        "201608": "95.17",
        "201609": "77.78",
        "201610": "87.04",
        "201611": "81.35",
        "201612": "75.43",
        "201701": "78.11",
        "201702": "77.13",
        "201703": "75.78",
        "201704": "74.58",
        "201705": "73.66",
        "201706": "71.19",
        "201707": "72.61",
        "201708": "68.97",
        "201709": "67.34",
        "201710": "65.13",
        "201711": "70.65",
        "201712": "70.63",
        "201801": "66.75",
        "201802": "53.82",
        "201803": "71.81",
        "201804": "119.75",
        "201805": "103.55",
        "201806": "99.86",
        "201807": "94.71",
        "201808": "105.56",
        "201809": "94.89",
        "201810": "73.35",
        "201811": "67.10",
        "201812": "73.05",
        "201901": "93.10",
        "201902": "105.35",
        "201903": "109.13",
        "201904": "100.38",
        "201905": "96.10",
        "201906": "91.43",
        "201907": "95.38",
        "201908": "87.02",
        "201909": "87.88",
        "201910": "87.27",
        "201911": "90.06",
        "201912": "88.25",
        "202001": "85.13",
        "202002": "80.15",
        "202003": "69.15",
        "202004": "93.58",
        "202005": "148.72",
        "202006": "132.10",
        "202007": "124.26",
        "202008": "122.50",
        "202009": "130.19",
        "202010": "115.42",
        "202011": "104.30",
        "202012": "87.89",
        "202101": "79.26",
        "202102": "79.73",
        "202103": "81.60",
        "202104": "79.32",
        "202105": "93.42",
        "202106": "108.20",
        "202107": "87.85",
        "202108": "79.24",
        "202109": "75.82",
        "202110": "67.23",
        "202111": "68.85",
        "202112": "70.50",
        "202201": "79.41",
        "202202": "97.44",
        "202203": "100.22",
        "202204": "132.21",
        "202205": "110.98",
        "202206": "102.27",
        "202207": "118.60",
        "202208": "132.00",
        "202209": "140.81",
        "202210": "143.48",
        "202211": "154.48",
        "202212": "176.05",
        "202301": "167.27",
        "202302": "169.42",
        "202303": "166.59",
        "202304": "171.03",
        "202305": "151.73",
        "202306": "139.15",
        "202307": "127.90",
        "202308": "103.55",
        "202309": "104.18",
        "202310": "102.02",
        "202311": "112.50",
        "202312": "112.71"
    },
    "quarters": {
        "20011": {
            "year_quarter": 20011,
            "year": 2001,
            "quarter": 1,
            "eps": null,
            "eps_growth_year": null,
            "eps_4q": null,
            "eps_4q_growth_year": null,
            "roe": null,
            "roe_4q": 0,
            "gross_profit": null,
            "gross_margin": null,
            "gross_margin_4q_avg": 0,
            "net_income": null,
            "net_income_4q": null,
            "revenue": null,
            "revenue_4q": null,
            "common_shares": null,
            "book_valuer_per_share": null,
            "book_valuer_per_share_4q_avg": 0,
            "equity": null,
            "current_ratio": null,
            "debt_ratio": null,
            "inventory_turnover_ratio": null,
            "account_receivable_turnover_ratio": null,
            "reinvestment_rate": null,
            "research_to_sale_ratio": null,
            "price_fair": 0,
            "eps_avg_yearly": 0,
            "eps_latest_yearly": 0,
            "eps_growth_yearly": 0
        },
        "20012": {
            "year_quarter": 20012,
            "year": 2001,
            "quarter": 2,
            "eps": null,
            "eps_growth_year": null,
            "eps_4q": null,
            "eps_4q_growth_year": null,
            "roe": null,
            "roe_4q": 0,
            "gross_profit": null,
            "gross_margin": null,
            "gross_margin_4q_avg": 0,
            "net_income": null,
            "net_income_4q": null,
            "revenue": null,
            "revenue_4q": null,
            "common_shares": null,
            "book_valuer_per_share": null,
            "book_valuer_per_share_4q_avg": 0,
            "equity": null,
            "current_ratio": null,
            "debt_ratio": null,
            "inventory_turnover_ratio": null,
            "account_receivable_turnover_ratio": null,
            "reinvestment_rate": null,
            "research_to_sale_ratio": null,
            "price_fair": 0,
            "eps_avg_yearly": 0,
            "eps_latest_yearly": 0,
            "eps_growth_yearly": 0
        },
        "20013": {
            "year_quarter": 20013,
            "year": 2001,
            "quarter": 3,
            "eps": null,
            "eps_growth_year": null,
            "eps_4q": null,
            "eps_4q_growth_year": null,
            "roe": null,
            "roe_4q": 0,
            "gross_profit": null,
            "gross_margin": null,
            "gross_margin_4q_avg": 0,
            "net_income": null,
            "net_income_4q": null,
            "revenue": null,
            "revenue_4q": null,
            "common_shares": null,
            "book_valuer_per_share": null,
            "book_valuer_per_share_4q_avg": 0,
            "equity": null,
            "current_ratio": null,
            "debt_ratio": null,
            "inventory_turnover_ratio": null,
            "account_receivable_turnover_ratio": null,
            "reinvestment_rate": null,
            "research_to_sale_ratio": null,
            "price_fair": 0,
            "eps_avg_yearly": 0,
            "eps_latest_yearly": 0,
            "eps_growth_yearly": 0
        },
        "20014": {
            "year_quarter": 20014,
            "year": 2001,
            "quarter": 4,
            "eps": null,
            "eps_growth_year": null,
            "eps_4q": null,
            "eps_4q_growth_year": null,
            "roe": null,
            "roe_4q": 0,
            "gross_profit": null,
            "gross_margin": null,
            "gross_margin_4q_avg": 0,
            "net_income": null,
            "net_income_4q": null,
            "revenue": null,
            "revenue_4q": null,
            "common_shares": null,
            "book_valuer_per_share": null,
            "book_valuer_per_share_4q_avg": 0,
            "equity": null,
            "current_ratio": null,
            "debt_ratio": null,
            "inventory_turnover_ratio": null,
            "account_receivable_turnover_ratio": null,
            "reinvestment_rate": null,
            "research_to_sale_ratio": null,
            "price_fair": 0,
            "eps_avg_yearly": 0,
            "eps_latest_yearly": 0,
            "eps_growth_yearly": 0
        },
        "20021": {
            "year_quarter": 20021,
            "year": 2002,
            "quarter": 1,
            "eps": null,
            "eps_growth_year": null,
            "eps_4q": null,
            "eps_4q_growth_year": null,
            "roe": null,
            "roe_4q": 0,
            "gross_profit": null,
            "gross_margin": null,
            "gross_margin_4q_avg": 0,
            "net_income": null,
            "net_income_4q": null,
            "revenue": null,
            "revenue_4q": null,
            "common_shares": null,
            "book_valuer_per_share": null,
            "book_valuer_per_share_4q_avg": 0,
            "equity": null,
            "current_ratio": null,
            "debt_ratio": null,
            "inventory_turnover_ratio": null,
            "account_receivable_turnover_ratio": null,
            "reinvestment_rate": null,
            "research_to_sale_ratio": null,
            "price_fair": 0,
            "eps_avg_yearly": 0,
            "eps_latest_yearly": 0,
            "eps_growth_yearly": 0
        },
        "20022": {
            "year_quarter": 20022,
            "year": 2002,
            "quarter": 2,
            "eps": null,
            "eps_growth_year": null,
            "eps_4q": null,
            "eps_4q_growth_year": null,
            "roe": null,
            "roe_4q": 0,
            "gross_profit": null,
            "gross_margin": null,
            "gross_margin_4q_avg": 0,
            "net_income": null,
            "net_income_4q": null,
            "revenue": null,
            "revenue_4q": null,
            "common_shares": null,
            "book_valuer_per_share": null,
            "book_valuer_per_share_4q_avg": 0,
            "equity": null,
            "current_ratio": null,
            "debt_ratio": null,
            "inventory_turnover_ratio": null,
            "account_receivable_turnover_ratio": null,
            "reinvestment_rate": null,
            "research_to_sale_ratio": null,
            "price_fair": 0,
            "eps_avg_yearly": 0,
            "eps_latest_yearly": 0,
            "eps_growth_yearly": 0
        },
        "20023": {
            "year_quarter": 20023,
            "year": 2002,
            "quarter": 3,
            "eps": null,
            "eps_growth_year": null,
            "eps_4q": null,
            "eps_4q_growth_year": null,
            "roe": null,
            "roe_4q": 0,
            "gross_profit": null,
            "gross_margin": null,
            "gross_margin_4q_avg": 0,
            "net_income": null,
            "net_income_4q": null,
            "revenue": null,
            "revenue_4q": null,
            "common_shares": null,
            "book_valuer_per_share": null,
            "book_valuer_per_share_4q_avg": 0,
            "equity": null,
            "current_ratio": null,
            "debt_ratio": null,
            "inventory_turnover_ratio": null,
            "account_receivable_turnover_ratio": null,
            "reinvestment_rate": null,
            "research_to_sale_ratio": null,
            "price_fair": 0,
            "eps_avg_yearly": 0,
            "eps_latest_yearly": 0,
            "eps_growth_yearly": 0
        },
        "20024": {
            "year_quarter": 20024,
            "year": 2002,
            "quarter": 4,
            "eps": null,
            "eps_growth_year": null,
            "eps_4q": null,
            "eps_4q_growth_year": null,
            "roe": null,
            "roe_4q": 0,
            "gross_profit": null,
            "gross_margin": null,
            "gross_margin_4q_avg": 0,
            "net_income": null,
            "net_income_4q": null,
            "revenue": null,
            "revenue_4q": null,
            "common_shares": null,
            "book_valuer_per_share": null,
            "book_valuer_per_share_4q_avg": 0,
            "equity": null,
            "current_ratio": null,
            "debt_ratio": null,
            "inventory_turnover_ratio": null,
            "account_receivable_turnover_ratio": null,
            "reinvestment_rate": null,
            "research_to_sale_ratio": null,
            "price_fair": 0,
            "eps_avg_yearly": 0,
            "eps_latest_yearly": 0,
            "eps_growth_yearly": 0
        },
        "20031": {
            "year_quarter": 20031,
            "year": 2003,
            "quarter": 1,
            "eps": null,
            "eps_growth_year": null,
            "eps_4q": null,
            "eps_4q_growth_year": null,
            "roe": null,
            "roe_4q": 0,
            "gross_profit": null,
            "gross_margin": null,
            "gross_margin_4q_avg": 0,
            "net_income": null,
            "net_income_4q": null,
            "revenue": null,
            "revenue_4q": null,
            "common_shares": null,
            "book_valuer_per_share": null,
            "book_valuer_per_share_4q_avg": 0,
            "equity": null,
            "current_ratio": null,
            "debt_ratio": null,
            "inventory_turnover_ratio": null,
            "account_receivable_turnover_ratio": null,
            "reinvestment_rate": null,
            "research_to_sale_ratio": null,
            "price_fair": 0,
            "eps_avg_yearly": 0,
            "eps_latest_yearly": 0,
            "eps_growth_yearly": 0
        },
        "20032": {
            "year_quarter": 20032,
            "year": 2003,
            "quarter": 2,
            "eps": null,
            "eps_growth_year": null,
            "eps_4q": null,
            "eps_4q_growth_year": null,
            "roe": null,
            "roe_4q": 0,
            "gross_profit": null,
            "gross_margin": null,
            "gross_margin_4q_avg": 0,
            "net_income": null,
            "net_income_4q": null,
            "revenue": null,
            "revenue_4q": null,
            "common_shares": null,
            "book_valuer_per_share": null,
            "book_valuer_per_share_4q_avg": 0,
            "equity": null,
            "current_ratio": null,
            "debt_ratio": null,
            "inventory_turnover_ratio": null,
            "account_receivable_turnover_ratio": null,
            "reinvestment_rate": null,
            "research_to_sale_ratio": null,
            "price_fair": 0,
            "eps_avg_yearly": 0,
            "eps_latest_yearly": 0,
            "eps_growth_yearly": 0
        },
        "20033": {
            "year_quarter": 20033,
            "year": 2003,
            "quarter": 3,
            "eps": null,
            "eps_growth_year": null,
            "eps_4q": null,
            "eps_4q_growth_year": null,
            "roe": null,
            "roe_4q": 0,
            "gross_profit": null,
            "gross_margin": null,
            "gross_margin_4q_avg": 0,
            "net_income": null,
            "net_income_4q": null,
            "revenue": null,
            "revenue_4q": null,
            "common_shares": null,
            "book_valuer_per_share": null,
            "book_valuer_per_share_4q_avg": 0,
            "equity": null,
            "current_ratio": null,
            "debt_ratio": null,
            "inventory_turnover_ratio": null,
            "account_receivable_turnover_ratio": null,
            "reinvestment_rate": null,
            "research_to_sale_ratio": null,
            "price_fair": 0,
            "eps_avg_yearly": 0,
            "eps_latest_yearly": 0,
            "eps_growth_yearly": 0
        },
        "20034": {
            "year_quarter": 20034,
            "year": 2003,
            "quarter": 4,
            "eps": null,
            "eps_growth_year": null,
            "eps_4q": null,
            "eps_4q_growth_year": null,
            "roe": null,
            "roe_4q": 0,
            "gross_profit": null,
            "gross_margin": null,
            "gross_margin_4q_avg": 0,
            "net_income": null,
            "net_income_4q": null,
            "revenue": null,
            "revenue_4q": null,
            "common_shares": null,
            "book_valuer_per_share": null,
            "book_valuer_per_share_4q_avg": 0,
            "equity": null,
            "current_ratio": null,
            "debt_ratio": null,
            "inventory_turnover_ratio": null,
            "account_receivable_turnover_ratio": null,
            "reinvestment_rate": null,
            "research_to_sale_ratio": null,
            "price_fair": 0,
            "eps_avg_yearly": 0,
            "eps_latest_yearly": 0,
            "eps_growth_yearly": 0
        },
        "20041": {
            "year_quarter": 20041,
            "year": 2004,
            "quarter": 1,
            "eps": null,
            "eps_growth_year": null,
            "eps_4q": null,
            "eps_4q_growth_year": null,
            "roe": null,
            "roe_4q": 0,
            "gross_profit": null,
            "gross_margin": null,
            "gross_margin_4q_avg": 0,
            "net_income": null,
            "net_income_4q": null,
            "revenue": null,
            "revenue_4q": null,
            "common_shares": null,
            "book_valuer_per_share": null,
            "book_valuer_per_share_4q_avg": 0,
            "equity": null,
            "current_ratio": null,
            "debt_ratio": null,
            "inventory_turnover_ratio": null,
            "account_receivable_turnover_ratio": null,
            "reinvestment_rate": null,
            "research_to_sale_ratio": null,
            "price_fair": 0,
            "eps_avg_yearly": 0,
            "eps_latest_yearly": 0,
            "eps_growth_yearly": 0
        },
        "20042": {
            "year_quarter": 20042,
            "year": 2004,
            "quarter": 2,
            "eps": null,
            "eps_growth_year": null,
            "eps_4q": null,
            "eps_4q_growth_year": null,
            "roe": null,
            "roe_4q": 0,
            "gross_profit": null,
            "gross_margin": null,
            "gross_margin_4q_avg": 0,
            "net_income": null,
            "net_income_4q": null,
            "revenue": null,
            "revenue_4q": null,
            "common_shares": null,
            "book_valuer_per_share": null,
            "book_valuer_per_share_4q_avg": 0,
            "equity": null,
            "current_ratio": null,
            "debt_ratio": null,
            "inventory_turnover_ratio": null,
            "account_receivable_turnover_ratio": null,
            "reinvestment_rate": null,
            "research_to_sale_ratio": null,
            "price_fair": 0,
            "eps_avg_yearly": 0,
            "eps_latest_yearly": 0,
            "eps_growth_yearly": 0
        },
        "20043": {
            "year_quarter": 20043,
            "year": 2004,
            "quarter": 3,
            "eps": null,
            "eps_growth_year": null,
            "eps_4q": null,
            "eps_4q_growth_year": null,
            "roe": null,
            "roe_4q": 0,
            "gross_profit": null,
            "gross_margin": null,
            "gross_margin_4q_avg": 0,
            "net_income": null,
            "net_income_4q": null,
            "revenue": null,
            "revenue_4q": null,
            "common_shares": null,
            "book_valuer_per_share": null,
            "book_valuer_per_share_4q_avg": 0,
            "equity": null,
            "current_ratio": null,
            "debt_ratio": null,
            "inventory_turnover_ratio": null,
            "account_receivable_turnover_ratio": null,
            "reinvestment_rate": null,
            "research_to_sale_ratio": null,
            "price_fair": 0,
            "eps_avg_yearly": 0,
            "eps_latest_yearly": 0,
            "eps_growth_yearly": 0
        },
        "20044": {
            "year_quarter": 20044,
            "year": 2004,
            "quarter": 4,
            "eps": null,
            "eps_growth_year": null,
            "eps_4q": null,
            "eps_4q_growth_year": null,
            "roe": null,
            "roe_4q": 0,
            "gross_profit": null,
            "gross_margin": null,
            "gross_margin_4q_avg": 0,
            "net_income": null,
            "net_income_4q": null,
            "revenue": null,
            "revenue_4q": null,
            "common_shares": null,
            "book_valuer_per_share": null,
            "book_valuer_per_share_4q_avg": 0,
            "equity": null,
            "current_ratio": null,
            "debt_ratio": null,
            "inventory_turnover_ratio": null,
            "account_receivable_turnover_ratio": null,
            "reinvestment_rate": null,
            "research_to_sale_ratio": null,
            "price_fair": 0,
            "eps_avg_yearly": 0,
            "eps_latest_yearly": 0,
            "eps_growth_yearly": 0
        },
        "20051": {
            "year_quarter": 20051,
            "year": 2005,
            "quarter": 1,
            "eps": null,
            "eps_growth_year": null,
            "eps_4q": null,
            "eps_4q_growth_year": null,
            "roe": null,
            "roe_4q": 0,
            "gross_profit": null,
            "gross_margin": null,
            "gross_margin_4q_avg": 0,
            "net_income": null,
            "net_income_4q": null,
            "revenue": null,
            "revenue_4q": null,
            "common_shares": null,
            "book_valuer_per_share": null,
            "book_valuer_per_share_4q_avg": 0,
            "equity": null,
            "current_ratio": null,
            "debt_ratio": null,
            "inventory_turnover_ratio": null,
            "account_receivable_turnover_ratio": null,
            "reinvestment_rate": null,
            "research_to_sale_ratio": null,
            "price_fair": 0,
            "eps_avg_yearly": 0,
            "eps_latest_yearly": 0,
            "eps_growth_yearly": 0
        },
        "20052": {
            "year_quarter": 20052,
            "year": 2005,
            "quarter": 2,
            "eps": null,
            "eps_growth_year": null,
            "eps_4q": null,
            "eps_4q_growth_year": null,
            "roe": null,
            "roe_4q": 0,
            "gross_profit": null,
            "gross_margin": null,
            "gross_margin_4q_avg": 0,
            "net_income": null,
            "net_income_4q": null,
            "revenue": null,
            "revenue_4q": null,
            "common_shares": null,
            "book_valuer_per_share": null,
            "book_valuer_per_share_4q_avg": 0,
            "equity": null,
            "current_ratio": null,
            "debt_ratio": null,
            "inventory_turnover_ratio": null,
            "account_receivable_turnover_ratio": null,
            "reinvestment_rate": null,
            "research_to_sale_ratio": null,
            "price_fair": 0,
            "eps_avg_yearly": 0,
            "eps_latest_yearly": 0,
            "eps_growth_yearly": 0
        },
        "20053": {
            "year_quarter": 20053,
            "year": 2005,
            "quarter": 3,
            "eps": null,
            "eps_growth_year": null,
            "eps_4q": null,
            "eps_4q_growth_year": null,
            "roe": null,
            "roe_4q": 0,
            "gross_profit": null,
            "gross_margin": null,
            "gross_margin_4q_avg": 0,
            "net_income": null,
            "net_income_4q": null,
            "revenue": null,
            "revenue_4q": null,
            "common_shares": null,
            "book_valuer_per_share": null,
            "book_valuer_per_share_4q_avg": 0,
            "equity": null,
            "current_ratio": null,
            "debt_ratio": null,
            "inventory_turnover_ratio": null,
            "account_receivable_turnover_ratio": null,
            "reinvestment_rate": null,
            "research_to_sale_ratio": null,
            "price_fair": 0,
            "eps_avg_yearly": 0,
            "eps_latest_yearly": 0,
            "eps_growth_yearly": 0
        },
        "20054": {
            "year_quarter": 20054,
            "year": 2005,
            "quarter": 4,
            "eps": null,
            "eps_growth_year": null,
            "eps_4q": null,
            "eps_4q_growth_year": null,
            "roe": null,
            "roe_4q": 0,
            "gross_profit": null,
            "gross_margin": null,
            "gross_margin_4q_avg": 0,
            "net_income": null,
            "net_income_4q": null,
            "revenue": null,
            "revenue_4q": null,
            "common_shares": null,
            "book_valuer_per_share": null,
            "book_valuer_per_share_4q_avg": 0,
            "equity": null,
            "current_ratio": null,
            "debt_ratio": null,
            "inventory_turnover_ratio": null,
            "account_receivable_turnover_ratio": null,
            "reinvestment_rate": null,
            "research_to_sale_ratio": null,
            "price_fair": 0,
            "eps_avg_yearly": 0,
            "eps_latest_yearly": 0,
            "eps_growth_yearly": 0
        },
        "20061": {
            "year_quarter": 20061,
            "year": 2006,
            "quarter": 1,
            "eps": null,
            "eps_growth_year": null,
            "eps_4q": null,
            "eps_4q_growth_year": null,
            "roe": null,
            "roe_4q": 0,
            "gross_profit": null,
            "gross_margin": null,
            "gross_margin_4q_avg": 0,
            "net_income": null,
            "net_income_4q": null,
            "revenue": null,
            "revenue_4q": null,
            "common_shares": null,
            "book_valuer_per_share": null,
            "book_valuer_per_share_4q_avg": 0,
            "equity": null,
            "current_ratio": null,
            "debt_ratio": null,
            "inventory_turnover_ratio": null,
            "account_receivable_turnover_ratio": null,
            "reinvestment_rate": null,
            "research_to_sale_ratio": null,
            "price_fair": 0,
            "eps_avg_yearly": 0,
            "eps_latest_yearly": 0,
            "eps_growth_yearly": 0
        },
        "20062": {
            "year_quarter": 20062,
            "year": 2006,
            "quarter": 2,
            "eps": null,
            "eps_growth_year": null,
            "eps_4q": null,
            "eps_4q_growth_year": null,
            "roe": null,
            "roe_4q": 0,
            "gross_profit": null,
            "gross_margin": null,
            "gross_margin_4q_avg": 0,
            "net_income": null,
            "net_income_4q": null,
            "revenue": null,
            "revenue_4q": null,
            "common_shares": null,
            "book_valuer_per_share": null,
            "book_valuer_per_share_4q_avg": 0,
            "equity": null,
            "current_ratio": null,
            "debt_ratio": null,
            "inventory_turnover_ratio": null,
            "account_receivable_turnover_ratio": null,
            "reinvestment_rate": null,
            "research_to_sale_ratio": null,
            "price_fair": 0,
            "eps_avg_yearly": 0,
            "eps_latest_yearly": 0,
            "eps_growth_yearly": 0
        },
        "20063": {
            "year_quarter": 20063,
            "year": 2006,
            "quarter": 3,
            "eps": null,
            "eps_growth_year": null,
            "eps_4q": null,
            "eps_4q_growth_year": null,
            "roe": null,
            "roe_4q": 0,
            "gross_profit": null,
            "gross_margin": null,
            "gross_margin_4q_avg": 0,
            "net_income": null,
            "net_income_4q": null,
            "revenue": null,
            "revenue_4q": null,
            "common_shares": null,
            "book_valuer_per_share": null,
            "book_valuer_per_share_4q_avg": 0,
            "equity": null,
            "current_ratio": null,
            "debt_ratio": null,
            "inventory_turnover_ratio": null,
            "account_receivable_turnover_ratio": null,
            "reinvestment_rate": null,
            "research_to_sale_ratio": null,
            "price_fair": 0,
            "eps_avg_yearly": 0,
            "eps_latest_yearly": 0,
            "eps_growth_yearly": 0
        },
        "20064": {
            "year_quarter": 20064,
            "year": 2006,
            "quarter": 4,
            "eps": null,
            "eps_growth_year": null,
            "eps_4q": null,
            "eps_4q_growth_year": null,
            "roe": null,
            "roe_4q": 0,
            "gross_profit": null,
            "gross_margin": null,
            "gross_margin_4q_avg": 0,
            "net_income": null,
            "net_income_4q": null,
            "revenue": null,
            "revenue_4q": null,
            "common_shares": null,
            "book_valuer_per_share": null,
            "book_valuer_per_share_4q_avg": 0,
            "equity": null,
            "current_ratio": null,
            "debt_ratio": null,
            "inventory_turnover_ratio": null,
            "account_receivable_turnover_ratio": null,
            "reinvestment_rate": null,
            "research_to_sale_ratio": null,
            "price_fair": 0,
            "eps_avg_yearly": 0,
            "eps_latest_yearly": 0,
            "eps_growth_yearly": 0
        },
        "20071": {
            "year_quarter": 20071,
            "year": 2007,
            "quarter": 1,
            "eps": null,
            "eps_growth_year": null,
            "eps_4q": null,
            "eps_4q_growth_year": null,
            "roe": null,
            "roe_4q": 0,
            "gross_profit": null,
            "gross_margin": null,
            "gross_margin_4q_avg": 0,
            "net_income": null,
            "net_income_4q": null,
            "revenue": null,
            "revenue_4q": null,
            "common_shares": null,
            "book_valuer_per_share": null,
            "book_valuer_per_share_4q_avg": 0,
            "equity": null,
            "current_ratio": null,
            "debt_ratio": null,
            "inventory_turnover_ratio": null,
            "account_receivable_turnover_ratio": null,
            "reinvestment_rate": null,
            "research_to_sale_ratio": null,
            "price_fair": 0,
            "eps_avg_yearly": 0,
            "eps_latest_yearly": 0,
            "eps_growth_yearly": 0
        },
        "20072": {
            "year_quarter": 20072,
            "year": 2007,
            "quarter": 2,
            "eps": null,
            "eps_growth_year": null,
            "eps_4q": null,
            "eps_4q_growth_year": null,
            "roe": null,
            "roe_4q": 0,
            "gross_profit": null,
            "gross_margin": null,
            "gross_margin_4q_avg": 0,
            "net_income": null,
            "net_income_4q": null,
            "revenue": null,
            "revenue_4q": null,
            "common_shares": null,
            "book_valuer_per_share": null,
            "book_valuer_per_share_4q_avg": 0,
            "equity": null,
            "current_ratio": null,
            "debt_ratio": null,
            "inventory_turnover_ratio": null,
            "account_receivable_turnover_ratio": null,
            "reinvestment_rate": null,
            "research_to_sale_ratio": null,
            "price_fair": 0,
            "eps_avg_yearly": 0,
            "eps_latest_yearly": 0,
            "eps_growth_yearly": 0
        },
        "20073": {
            "year_quarter": 20073,
            "year": 2007,
            "quarter": 3,
            "eps": null,
            "eps_growth_year": null,
            "eps_4q": null,
            "eps_4q_growth_year": null,
            "roe": null,
            "roe_4q": 0,
            "gross_profit": null,
            "gross_margin": null,
            "gross_margin_4q_avg": 0,
            "net_income": null,
            "net_income_4q": null,
            "revenue": null,
            "revenue_4q": null,
            "common_shares": null,
            "book_valuer_per_share": null,
            "book_valuer_per_share_4q_avg": 0,
            "equity": null,
            "current_ratio": null,
            "debt_ratio": null,
            "inventory_turnover_ratio": null,
            "account_receivable_turnover_ratio": null,
            "reinvestment_rate": null,
            "research_to_sale_ratio": null,
            "price_fair": 0,
            "eps_avg_yearly": 0,
            "eps_latest_yearly": 0,
            "eps_growth_yearly": 0
        },
        "20074": {
            "year_quarter": 20074,
            "year": 2007,
            "quarter": 4,
            "eps": null,
            "eps_growth_year": null,
            "eps_4q": null,
            "eps_4q_growth_year": null,
            "roe": null,
            "roe_4q": 0,
            "gross_profit": null,
            "gross_margin": null,
            "gross_margin_4q_avg": 0,
            "net_income": null,
            "net_income_4q": null,
            "revenue": null,
            "revenue_4q": null,
            "common_shares": null,
            "book_valuer_per_share": null,
            "book_valuer_per_share_4q_avg": 0,
            "equity": null,
            "current_ratio": null,
            "debt_ratio": null,
            "inventory_turnover_ratio": null,
            "account_receivable_turnover_ratio": null,
            "reinvestment_rate": null,
            "research_to_sale_ratio": null,
            "price_fair": 0,
            "eps_avg_yearly": 0,
            "eps_latest_yearly": 0,
            "eps_growth_yearly": 0
        },
        "20081": {
            "year_quarter": 20081,
            "year": 2008,
            "quarter": 1,
            "eps": null,
            "eps_growth_year": null,
            "eps_4q": null,
            "eps_4q_growth_year": null,
            "roe": null,
            "roe_4q": 0,
            "gross_profit": null,
            "gross_margin": null,
            "gross_margin_4q_avg": 0,
            "net_income": null,
            "net_income_4q": null,
            "revenue": null,
            "revenue_4q": null,
            "common_shares": null,
            "book_valuer_per_share": null,
            "book_valuer_per_share_4q_avg": 0,
            "equity": null,
            "current_ratio": null,
            "debt_ratio": null,
            "inventory_turnover_ratio": null,
            "account_receivable_turnover_ratio": null,
            "reinvestment_rate": null,
            "research_to_sale_ratio": null,
            "price_fair": 0,
            "eps_avg_yearly": 0,
            "eps_latest_yearly": 0,
            "eps_growth_yearly": 0
        },
        "20082": {
            "year_quarter": 20082,
            "year": 2008,
            "quarter": 2,
            "eps": null,
            "eps_growth_year": null,
            "eps_4q": null,
            "eps_4q_growth_year": null,
            "roe": null,
            "roe_4q": 0,
            "gross_profit": null,
            "gross_margin": null,
            "gross_margin_4q_avg": 0,
            "net_income": null,
            "net_income_4q": null,
            "revenue": null,
            "revenue_4q": null,
            "common_shares": null,
            "book_valuer_per_share": null,
            "book_valuer_per_share_4q_avg": 0,
            "equity": null,
            "current_ratio": null,
            "debt_ratio": null,
            "inventory_turnover_ratio": null,
            "account_receivable_turnover_ratio": null,
            "reinvestment_rate": null,
            "research_to_sale_ratio": null,
            "price_fair": 0,
            "eps_avg_yearly": 0,
            "eps_latest_yearly": 0,
            "eps_growth_yearly": 0
        },
        "20083": {
            "year_quarter": 20083,
            "year": 2008,
            "quarter": 3,
            "eps": null,
            "eps_growth_year": null,
            "eps_4q": null,
            "eps_4q_growth_year": null,
            "roe": null,
            "roe_4q": 0,
            "gross_profit": null,
            "gross_margin": null,
            "gross_margin_4q_avg": 0,
            "net_income": null,
            "net_income_4q": null,
            "revenue": null,
            "revenue_4q": null,
            "common_shares": null,
            "book_valuer_per_share": null,
            "book_valuer_per_share_4q_avg": 0,
            "equity": null,
            "current_ratio": null,
            "debt_ratio": null,
            "inventory_turnover_ratio": null,
            "account_receivable_turnover_ratio": null,
            "reinvestment_rate": null,
            "research_to_sale_ratio": null,
            "price_fair": 0,
            "eps_avg_yearly": 0,
            "eps_latest_yearly": 0,
            "eps_growth_yearly": 0
        },
        "20084": {
            "year_quarter": 20084,
            "year": 2008,
            "quarter": 4,
            "eps": null,
            "eps_growth_year": null,
            "eps_4q": null,
            "eps_4q_growth_year": null,
            "roe": null,
            "roe_4q": 0,
            "gross_profit": null,
            "gross_margin": null,
            "gross_margin_4q_avg": 0,
            "net_income": null,
            "net_income_4q": null,
            "revenue": null,
            "revenue_4q": null,
            "common_shares": 305403,
            "book_valuer_per_share": null,
            "book_valuer_per_share_4q_avg": 0,
            "equity": 257357,
            "current_ratio": null,
            "debt_ratio": null,
            "inventory_turnover_ratio": null,
            "account_receivable_turnover_ratio": null,
            "reinvestment_rate": null,
            "research_to_sale_ratio": null,
            "price_fair": 0,
            "eps_avg_yearly": 0,
            "eps_latest_yearly": 0,
            "eps_growth_yearly": 0
        },
        "20091": {
            "year_quarter": 20091,
            "year": 2009,
            "quarter": 1,
            "eps": null,
            "eps_growth_year": null,
            "eps_4q": null,
            "eps_4q_growth_year": null,
            "roe": null,
            "roe_4q": 0,
            "gross_profit": null,
            "gross_margin": null,
            "gross_margin_4q_avg": 0,
            "net_income": null,
            "net_income_4q": null,
            "revenue": null,
            "revenue_4q": null,
            "common_shares": null,
            "book_valuer_per_share": null,
            "book_valuer_per_share_4q_avg": 0,
            "equity": null,
            "current_ratio": null,
            "debt_ratio": null,
            "inventory_turnover_ratio": null,
            "account_receivable_turnover_ratio": null,
            "reinvestment_rate": null,
            "research_to_sale_ratio": null,
            "price_fair": 0,
            "eps_avg_yearly": 0,
            "eps_latest_yearly": 0,
            "eps_growth_yearly": 0
        },
        "20092": {
            "year_quarter": 20092,
            "year": 2009,
            "quarter": 2,
            "eps": null,
            "eps_growth_year": null,
            "eps_4q": null,
            "eps_4q_growth_year": null,
            "roe": null,
            "roe_4q": 0,
            "gross_profit": null,
            "gross_margin": null,
            "gross_margin_4q_avg": 0,
            "net_income": null,
            "net_income_4q": null,
            "revenue": null,
            "revenue_4q": null,
            "common_shares": 305403,
            "book_valuer_per_share": null,
            "book_valuer_per_share_4q_avg": 0,
            "equity": 252074,
            "current_ratio": null,
            "debt_ratio": null,
            "inventory_turnover_ratio": null,
            "account_receivable_turnover_ratio": null,
            "reinvestment_rate": null,
            "research_to_sale_ratio": null,
            "price_fair": 0,
            "eps_avg_yearly": 0,
            "eps_latest_yearly": 0,
            "eps_growth_yearly": 0
        },
        "20093": {
            "year_quarter": 20093,
            "year": 2009,
            "quarter": 3,
            "eps": null,
            "eps_growth_year": null,
            "eps_4q": null,
            "eps_4q_growth_year": null,
            "roe": null,
            "roe_4q": 0,
            "gross_profit": null,
            "gross_margin": null,
            "gross_margin_4q_avg": 0,
            "net_income": null,
            "net_income_4q": null,
            "revenue": null,
            "revenue_4q": null,
            "common_shares": null,
            "book_valuer_per_share": null,
            "book_valuer_per_share_4q_avg": 0,
            "equity": null,
            "current_ratio": null,
            "debt_ratio": null,
            "inventory_turnover_ratio": null,
            "account_receivable_turnover_ratio": null,
            "reinvestment_rate": null,
            "research_to_sale_ratio": null,
            "price_fair": 0,
            "eps_avg_yearly": 0,
            "eps_latest_yearly": 0,
            "eps_growth_yearly": 0
        },
        "20094": {
            "year_quarter": 20094,
            "year": 2009,
            "quarter": 4,
            "eps": null,
            "eps_growth_year": null,
            "eps_4q": null,
            "eps_4q_growth_year": null,
            "roe": null,
            "roe_4q": 0,
            "gross_profit": null,
            "gross_margin": null,
            "gross_margin_4q_avg": 0,
            "net_income": null,
            "net_income_4q": null,
            "revenue": null,
            "revenue_4q": null,
            "common_shares": 305403,
            "book_valuer_per_share": 9.59,
            "book_valuer_per_share_4q_avg": 2.4,
            "equity": 324612,
            "current_ratio": 119.17,
            "debt_ratio": 62.84,
            "inventory_turnover_ratio": null,
            "account_receivable_turnover_ratio": null,
            "reinvestment_rate": null,
            "research_to_sale_ratio": null,
            "price_fair": 0,
            "eps_avg_yearly": 0,
            "eps_latest_yearly": 0,
            "eps_growth_yearly": 0
        },
        "20101": {
            "year_quarter": 20101,
            "year": 2010,
            "quarter": 1,
            "eps": null,
            "eps_growth_year": null,
            "eps_4q": null,
            "eps_4q_growth_year": null,
            "roe": null,
            "roe_4q": 0,
            "gross_profit": null,
            "gross_margin": null,
            "gross_margin_4q_avg": 0,
            "net_income": null,
            "net_income_4q": null,
            "revenue": null,
            "revenue_4q": null,
            "common_shares": null,
            "book_valuer_per_share": null,
            "book_valuer_per_share_4q_avg": 2.4,
            "equity": null,
            "current_ratio": null,
            "debt_ratio": null,
            "inventory_turnover_ratio": null,
            "account_receivable_turnover_ratio": null,
            "reinvestment_rate": null,
            "research_to_sale_ratio": null,
            "price_fair": 0,
            "eps_avg_yearly": 0,
            "eps_latest_yearly": 0,
            "eps_growth_yearly": 0
        },
        "20102": {
            "year_quarter": 20102,
            "year": 2010,
            "quarter": 2,
            "eps": null,
            "eps_growth_year": null,
            "eps_4q": null,
            "eps_4q_growth_year": null,
            "roe": null,
            "roe_4q": 0,
            "gross_profit": null,
            "gross_margin": null,
            "gross_margin_4q_avg": 0,
            "net_income": null,
            "net_income_4q": null,
            "revenue": null,
            "revenue_4q": null,
            "common_shares": 339403,
            "book_valuer_per_share": 9.11,
            "book_valuer_per_share_4q_avg": 4.68,
            "equity": 334465,
            "current_ratio": 172.94,
            "debt_ratio": 60.56,
            "inventory_turnover_ratio": null,
            "account_receivable_turnover_ratio": null,
            "reinvestment_rate": null,
            "research_to_sale_ratio": null,
            "price_fair": 0,
            "eps_avg_yearly": 0,
            "eps_latest_yearly": 0,
            "eps_growth_yearly": 0
        },
        "20103": {
            "year_quarter": 20103,
            "year": 2010,
            "quarter": 3,
            "eps": null,
            "eps_growth_year": null,
            "eps_4q": null,
            "eps_4q_growth_year": null,
            "roe": null,
            "roe_4q": 0,
            "gross_profit": null,
            "gross_margin": null,
            "gross_margin_4q_avg": 0,
            "net_income": null,
            "net_income_4q": null,
            "revenue": null,
            "revenue_4q": null,
            "common_shares": null,
            "book_valuer_per_share": null,
            "book_valuer_per_share_4q_avg": 4.68,
            "equity": null,
            "current_ratio": null,
            "debt_ratio": null,
            "inventory_turnover_ratio": null,
            "account_receivable_turnover_ratio": null,
            "reinvestment_rate": null,
            "research_to_sale_ratio": null,
            "price_fair": 0,
            "eps_avg_yearly": 0,
            "eps_latest_yearly": 0,
            "eps_growth_yearly": 0
        },
        "20104": {
            "year_quarter": 20104,
            "year": 2010,
            "quarter": 4,
            "eps": null,
            "eps_growth_year": null,
            "eps_4q": null,
            "eps_4q_growth_year": null,
            "roe": null,
            "roe_4q": 0,
            "gross_profit": null,
            "gross_margin": null,
            "gross_margin_4q_avg": 0,
            "net_income": null,
            "net_income_4q": null,
            "revenue": null,
            "revenue_4q": null,
            "common_shares": 339403,
            "book_valuer_per_share": 8.39,
            "book_valuer_per_share_4q_avg": 4.38,
            "equity": 301625,
            "current_ratio": 156.57,
            "debt_ratio": 65,
            "inventory_turnover_ratio": null,
            "account_receivable_turnover_ratio": null,
            "reinvestment_rate": null,
            "research_to_sale_ratio": null,
            "price_fair": 0,
            "eps_avg_yearly": 0,
            "eps_latest_yearly": 0,
            "eps_growth_yearly": 0
        },
        "20111": {
            "year_quarter": 20111,
            "year": 2011,
            "quarter": 1,
            "eps": null,
            "eps_growth_year": null,
            "eps_4q": null,
            "eps_4q_growth_year": null,
            "roe": null,
            "roe_4q": 0,
            "gross_profit": null,
            "gross_margin": null,
            "gross_margin_4q_avg": 0,
            "net_income": null,
            "net_income_4q": null,
            "revenue": null,
            "revenue_4q": null,
            "common_shares": null,
            "book_valuer_per_share": null,
            "book_valuer_per_share_4q_avg": 4.38,
            "equity": null,
            "current_ratio": null,
            "debt_ratio": null,
            "inventory_turnover_ratio": null,
            "account_receivable_turnover_ratio": null,
            "reinvestment_rate": null,
            "research_to_sale_ratio": null,
            "price_fair": 0,
            "eps_avg_yearly": 0,
            "eps_latest_yearly": 0,
            "eps_growth_yearly": 0
        },
        "20112": {
            "year_quarter": 20112,
            "year": 2011,
            "quarter": 2,
            "eps": null,
            "eps_growth_year": null,
            "eps_4q": null,
            "eps_4q_growth_year": null,
            "roe": null,
            "roe_4q": 0,
            "gross_profit": null,
            "gross_margin": null,
            "gross_margin_4q_avg": 0,
            "net_income": null,
            "net_income_4q": null,
            "revenue": null,
            "revenue_4q": null,
            "common_shares": 339403,
            "book_valuer_per_share": 7.51,
            "book_valuer_per_share_4q_avg": 3.98,
            "equity": 266414,
            "current_ratio": 137.59,
            "debt_ratio": 69.23,
            "inventory_turnover_ratio": null,
            "account_receivable_turnover_ratio": null,
            "reinvestment_rate": null,
            "research_to_sale_ratio": null,
            "price_fair": 0,
            "eps_avg_yearly": 0,
            "eps_latest_yearly": 0,
            "eps_growth_yearly": 0
        },
        "20113": {
            "year_quarter": 20113,
            "year": 2011,
            "quarter": 3,
            "eps": null,
            "eps_growth_year": null,
            "eps_4q": null,
            "eps_4q_growth_year": null,
            "roe": null,
            "roe_4q": 0,
            "gross_profit": null,
            "gross_margin": null,
            "gross_margin_4q_avg": 0,
            "net_income": null,
            "net_income_4q": null,
            "revenue": null,
            "revenue_4q": null,
            "common_shares": null,
            "book_valuer_per_share": null,
            "book_valuer_per_share_4q_avg": 3.98,
            "equity": null,
            "current_ratio": null,
            "debt_ratio": null,
            "inventory_turnover_ratio": null,
            "account_receivable_turnover_ratio": null,
            "reinvestment_rate": null,
            "research_to_sale_ratio": null,
            "price_fair": 0,
            "eps_avg_yearly": 0,
            "eps_latest_yearly": 0,
            "eps_growth_yearly": 0
        },
        "20114": {
            "year_quarter": 20114,
            "year": 2011,
            "quarter": 4,
            "eps": null,
            "eps_growth_year": null,
            "eps_4q": null,
            "eps_4q_growth_year": null,
            "roe": null,
            "roe_4q": 0,
            "gross_profit": null,
            "gross_margin": null,
            "gross_margin_4q_avg": 0,
            "net_income": null,
            "net_income_4q": null,
            "revenue": null,
            "revenue_4q": null,
            "common_shares": 339403,
            "book_valuer_per_share": 8.53,
            "book_valuer_per_share_4q_avg": 4.01,
            "equity": 296984,
            "current_ratio": 130.6,
            "debt_ratio": 68.21,
            "inventory_turnover_ratio": null,
            "account_receivable_turnover_ratio": null,
            "reinvestment_rate": null,
            "research_to_sale_ratio": null,
            "price_fair": 0,
            "eps_avg_yearly": 0,
            "eps_latest_yearly": 0,
            "eps_growth_yearly": 0
        },
        "20121": {
            "year_quarter": 20121,
            "year": 2012,
            "quarter": 1,
            "eps": null,
            "eps_growth_year": null,
            "eps_4q": null,
            "eps_4q_growth_year": null,
            "roe": null,
            "roe_4q": 0,
            "gross_profit": null,
            "gross_margin": null,
            "gross_margin_4q_avg": 0,
            "net_income": null,
            "net_income_4q": null,
            "revenue": null,
            "revenue_4q": null,
            "common_shares": null,
            "book_valuer_per_share": null,
            "book_valuer_per_share_4q_avg": 4.01,
            "equity": null,
            "current_ratio": null,
            "debt_ratio": null,
            "inventory_turnover_ratio": null,
            "account_receivable_turnover_ratio": null,
            "reinvestment_rate": null,
            "research_to_sale_ratio": null,
            "price_fair": 0,
            "eps_avg_yearly": 0,
            "eps_latest_yearly": 0,
            "eps_growth_yearly": 0
        },
        "20122": {
            "year_quarter": 20122,
            "year": 2012,
            "quarter": 2,
            "eps": null,
            "eps_growth_year": null,
            "eps_4q": null,
            "eps_4q_growth_year": null,
            "roe": null,
            "roe_4q": 0,
            "gross_profit": null,
            "gross_margin": null,
            "gross_margin_4q_avg": 0,
            "net_income": null,
            "net_income_4q": null,
            "revenue": null,
            "revenue_4q": null,
            "common_shares": 339403,
            "book_valuer_per_share": 8.03,
            "book_valuer_per_share_4q_avg": 4.14,
            "equity": 276301,
            "current_ratio": 124.65,
            "debt_ratio": 69.84,
            "inventory_turnover_ratio": null,
            "account_receivable_turnover_ratio": null,
            "reinvestment_rate": null,
            "research_to_sale_ratio": null,
            "price_fair": 0,
            "eps_avg_yearly": 0,
            "eps_latest_yearly": 0,
            "eps_growth_yearly": 0
        },
        "20123": {
            "year_quarter": 20123,
            "year": 2012,
            "quarter": 3,
            "eps": null,
            "eps_growth_year": null,
            "eps_4q": null,
            "eps_4q_growth_year": null,
            "roe": null,
            "roe_4q": 0,
            "gross_profit": null,
            "gross_margin": null,
            "gross_margin_4q_avg": 0,
            "net_income": null,
            "net_income_4q": null,
            "revenue": null,
            "revenue_4q": null,
            "common_shares": null,
            "book_valuer_per_share": null,
            "book_valuer_per_share_4q_avg": 4.14,
            "equity": null,
            "current_ratio": null,
            "debt_ratio": null,
            "inventory_turnover_ratio": null,
            "account_receivable_turnover_ratio": null,
            "reinvestment_rate": null,
            "research_to_sale_ratio": null,
            "price_fair": 0,
            "eps_avg_yearly": 0,
            "eps_latest_yearly": 0,
            "eps_growth_yearly": 0
        },
        "20124": {
            "year_quarter": 20124,
            "year": 2012,
            "quarter": 4,
            "eps": null,
            "eps_growth_year": null,
            "eps_4q": null,
            "eps_4q_growth_year": null,
            "roe": null,
            "roe_4q": 0,
            "gross_profit": null,
            "gross_margin": null,
            "gross_margin_4q_avg": 0,
            "net_income": null,
            "net_income_4q": null,
            "revenue": null,
            "revenue_4q": null,
            "common_shares": 342568,
            "book_valuer_per_share": 7.95,
            "book_valuer_per_share_4q_avg": 4,
            "equity": 278856,
            "current_ratio": 121.16,
            "debt_ratio": 69.83,
            "inventory_turnover_ratio": null,
            "account_receivable_turnover_ratio": null,
            "reinvestment_rate": null,
            "research_to_sale_ratio": null,
            "price_fair": 0,
            "eps_avg_yearly": 0,
            "eps_latest_yearly": 0,
            "eps_growth_yearly": 0
        },
        "20131": {
            "year_quarter": 20131,
            "year": 2013,
            "quarter": 1,
            "eps": null,
            "eps_growth_year": null,
            "eps_4q": null,
            "eps_4q_growth_year": null,
            "roe": null,
            "roe_4q": 0,
            "gross_profit": null,
            "gross_margin": null,
            "gross_margin_4q_avg": 0,
            "net_income": null,
            "net_income_4q": null,
            "revenue": null,
            "revenue_4q": null,
            "common_shares": null,
            "book_valuer_per_share": null,
            "book_valuer_per_share_4q_avg": 4,
            "equity": null,
            "current_ratio": null,
            "debt_ratio": null,
            "inventory_turnover_ratio": null,
            "account_receivable_turnover_ratio": null,
            "reinvestment_rate": null,
            "research_to_sale_ratio": null,
            "price_fair": 0,
            "eps_avg_yearly": 0,
            "eps_latest_yearly": 0,
            "eps_growth_yearly": 0
        },
        "20132": {
            "year_quarter": 20132,
            "year": 2013,
            "quarter": 2,
            "eps": null,
            "eps_growth_year": null,
            "eps_4q": null,
            "eps_4q_growth_year": null,
            "roe": null,
            "roe_4q": 0,
            "gross_profit": null,
            "gross_margin": null,
            "gross_margin_4q_avg": 0,
            "net_income": null,
            "net_income_4q": null,
            "revenue": null,
            "revenue_4q": null,
            "common_shares": 383789,
            "book_valuer_per_share": 7.36,
            "book_valuer_per_share_4q_avg": 3.83,
            "equity": 282449,
            "current_ratio": 119.98,
            "debt_ratio": 70.46,
            "inventory_turnover_ratio": null,
            "account_receivable_turnover_ratio": null,
            "reinvestment_rate": null,
            "research_to_sale_ratio": null,
            "price_fair": 0,
            "eps_avg_yearly": 0,
            "eps_latest_yearly": 0,
            "eps_growth_yearly": 0
        },
        "20133": {
            "year_quarter": 20133,
            "year": 2013,
            "quarter": 3,
            "eps": null,
            "eps_growth_year": null,
            "eps_4q": null,
            "eps_4q_growth_year": null,
            "roe": null,
            "roe_4q": 0,
            "gross_profit": null,
            "gross_margin": null,
            "gross_margin_4q_avg": 0,
            "net_income": null,
            "net_income_4q": null,
            "revenue": null,
            "revenue_4q": null,
            "common_shares": null,
            "book_valuer_per_share": null,
            "book_valuer_per_share_4q_avg": 3.83,
            "equity": null,
            "current_ratio": null,
            "debt_ratio": null,
            "inventory_turnover_ratio": null,
            "account_receivable_turnover_ratio": null,
            "reinvestment_rate": null,
            "research_to_sale_ratio": null,
            "price_fair": 0,
            "eps_avg_yearly": 0,
            "eps_latest_yearly": 0,
            "eps_growth_yearly": 0
        },
        "20134": {
            "year_quarter": 20134,
            "year": 2013,
            "quarter": 4,
            "eps": null,
            "eps_growth_year": null,
            "eps_4q": null,
            "eps_4q_growth_year": null,
            "roe": null,
            "roe_4q": 0,
            "gross_profit": null,
            "gross_margin": null,
            "gross_margin_4q_avg": 0,
            "net_income": null,
            "net_income_4q": null,
            "revenue": null,
            "revenue_4q": null,
            "common_shares": 434914,
            "book_valuer_per_share": 15.1,
            "book_valuer_per_share_4q_avg": 5.62,
            "equity": 656550,
            "current_ratio": 235.7,
            "debt_ratio": 34.38,
            "inventory_turnover_ratio": null,
            "account_receivable_turnover_ratio": null,
            "reinvestment_rate": null,
            "research_to_sale_ratio": null,
            "price_fair": 0,
            "eps_avg_yearly": 0,
            "eps_latest_yearly": 0,
            "eps_growth_yearly": 0
        },
        "20141": {
            "year_quarter": 20141,
            "year": 2014,
            "quarter": 1,
            "eps": null,
            "eps_growth_year": null,
            "eps_4q": null,
            "eps_4q_growth_year": null,
            "roe": null,
            "roe_4q": 0,
            "gross_profit": null,
            "gross_margin": null,
            "gross_margin_4q_avg": 0,
            "net_income": null,
            "net_income_4q": null,
            "revenue": null,
            "revenue_4q": null,
            "common_shares": null,
            "book_valuer_per_share": null,
            "book_valuer_per_share_4q_avg": 5.62,
            "equity": null,
            "current_ratio": null,
            "debt_ratio": null,
            "inventory_turnover_ratio": null,
            "account_receivable_turnover_ratio": null,
            "reinvestment_rate": null,
            "research_to_sale_ratio": null,
            "price_fair": 0,
            "eps_avg_yearly": 0,
            "eps_latest_yearly": 0,
            "eps_growth_yearly": 0
        },
        "20142": {
            "year_quarter": 20142,
            "year": 2014,
            "quarter": 2,
            "eps": null,
            "eps_growth_year": null,
            "eps_4q": null,
            "eps_4q_growth_year": null,
            "roe": null,
            "roe_4q": 0,
            "gross_profit": null,
            "gross_margin": null,
            "gross_margin_4q_avg": 0,
            "net_income": null,
            "net_income_4q": null,
            "revenue": null,
            "revenue_4q": null,
            "common_shares": 436471,
            "book_valuer_per_share": 15.4,
            "book_valuer_per_share_4q_avg": 7.63,
            "equity": 698106,
            "current_ratio": 237.44,
            "debt_ratio": 33.84,
            "inventory_turnover_ratio": null,
            "account_receivable_turnover_ratio": null,
            "reinvestment_rate": null,
            "research_to_sale_ratio": null,
            "price_fair": 0,
            "eps_avg_yearly": 0,
            "eps_latest_yearly": 0,
            "eps_growth_yearly": 0
        },
        "20143": {
            "year_quarter": 20143,
            "year": 2014,
            "quarter": 3,
            "eps": null,
            "eps_growth_year": null,
            "eps_4q": null,
            "eps_4q_growth_year": null,
            "roe": null,
            "roe_4q": 0,
            "gross_profit": null,
            "gross_margin": null,
            "gross_margin_4q_avg": 0,
            "net_income": null,
            "net_income_4q": null,
            "revenue": null,
            "revenue_4q": null,
            "common_shares": null,
            "book_valuer_per_share": null,
            "book_valuer_per_share_4q_avg": 7.63,
            "equity": null,
            "current_ratio": null,
            "debt_ratio": null,
            "inventory_turnover_ratio": null,
            "account_receivable_turnover_ratio": null,
            "reinvestment_rate": null,
            "research_to_sale_ratio": null,
            "price_fair": 0,
            "eps_avg_yearly": 0,
            "eps_latest_yearly": 0,
            "eps_growth_yearly": 0
        },
        "20144": {
            "year_quarter": 20144,
            "year": 2014,
            "quarter": 4,
            "eps": null,
            "eps_growth_year": null,
            "eps_4q": null,
            "eps_4q_growth_year": null,
            "roe": null,
            "roe_4q": 0,
            "gross_profit": null,
            "gross_margin": null,
            "gross_margin_4q_avg": 0,
            "net_income": null,
            "net_income_4q": null,
            "revenue": null,
            "revenue_4q": null,
            "common_shares": 480192,
            "book_valuer_per_share": 14.8,
            "book_valuer_per_share_4q_avg": 7.55,
            "equity": 710843,
            "current_ratio": 212.15,
            "debt_ratio": 35.84,
            "inventory_turnover_ratio": null,
            "account_receivable_turnover_ratio": null,
            "reinvestment_rate": null,
            "research_to_sale_ratio": null,
            "price_fair": 0,
            "eps_avg_yearly": 0,
            "eps_latest_yearly": 0,
            "eps_growth_yearly": 0
        },
        "20151": {
            "year_quarter": 20151,
            "year": 2015,
            "quarter": 1,
            "eps": null,
            "eps_growth_year": null,
            "eps_4q": null,
            "eps_4q_growth_year": null,
            "roe": null,
            "roe_4q": 0,
            "gross_profit": null,
            "gross_margin": null,
            "gross_margin_4q_avg": 0,
            "net_income": null,
            "net_income_4q": null,
            "revenue": null,
            "revenue_4q": null,
            "common_shares": null,
            "book_valuer_per_share": null,
            "book_valuer_per_share_4q_avg": 7.55,
            "equity": null,
            "current_ratio": null,
            "debt_ratio": null,
            "inventory_turnover_ratio": null,
            "account_receivable_turnover_ratio": null,
            "reinvestment_rate": null,
            "research_to_sale_ratio": null,
            "price_fair": 0,
            "eps_avg_yearly": 0,
            "eps_latest_yearly": 0,
            "eps_growth_yearly": 0
        },
        "20152": {
            "year_quarter": 20152,
            "year": 2015,
            "quarter": 2,
            "eps": null,
            "eps_growth_year": null,
            "eps_4q": null,
            "eps_4q_growth_year": null,
            "roe": null,
            "roe_4q": 0,
            "gross_profit": null,
            "gross_margin": null,
            "gross_margin_4q_avg": 0,
            "net_income": null,
            "net_income_4q": null,
            "revenue": null,
            "revenue_4q": null,
            "common_shares": 484615,
            "book_valuer_per_share": 14.74,
            "book_valuer_per_share_4q_avg": 7.39,
            "equity": 714459,
            "current_ratio": 200.81,
            "debt_ratio": 37.84,
            "inventory_turnover_ratio": null,
            "account_receivable_turnover_ratio": null,
            "reinvestment_rate": null,
            "research_to_sale_ratio": null,
            "price_fair": 0,
            "eps_avg_yearly": 0,
            "eps_latest_yearly": 0,
            "eps_growth_yearly": 0
        },
        "20153": {
            "year_quarter": 20153,
            "year": 2015,
            "quarter": 3,
            "eps": null,
            "eps_growth_year": null,
            "eps_4q": null,
            "eps_4q_growth_year": null,
            "roe": null,
            "roe_4q": 0,
            "gross_profit": null,
            "gross_margin": null,
            "gross_margin_4q_avg": 0,
            "net_income": null,
            "net_income_4q": null,
            "revenue": null,
            "revenue_4q": null,
            "common_shares": null,
            "book_valuer_per_share": null,
            "book_valuer_per_share_4q_avg": 7.39,
            "equity": null,
            "current_ratio": null,
            "debt_ratio": null,
            "inventory_turnover_ratio": null,
            "account_receivable_turnover_ratio": null,
            "reinvestment_rate": null,
            "research_to_sale_ratio": null,
            "price_fair": 0,
            "eps_avg_yearly": 0,
            "eps_latest_yearly": 0,
            "eps_growth_yearly": 0
        },
        "20154": {
            "year_quarter": 20154,
            "year": 2015,
            "quarter": 4,
            "eps": null,
            "eps_growth_year": null,
            "eps_4q": null,
            "eps_4q_growth_year": null,
            "roe": null,
            "roe_4q": 0,
            "gross_profit": null,
            "gross_margin": null,
            "gross_margin_4q_avg": 0,
            "net_income": null,
            "net_income_4q": null,
            "revenue": null,
            "revenue_4q": null,
            "common_shares": 562498,
            "book_valuer_per_share": 13.78,
            "book_valuer_per_share_4q_avg": 7.13,
            "equity": 775028,
            "current_ratio": 217.04,
            "debt_ratio": 34.06,
            "inventory_turnover_ratio": null,
            "account_receivable_turnover_ratio": null,
            "reinvestment_rate": null,
            "research_to_sale_ratio": null,
            "price_fair": 0,
            "eps_avg_yearly": 0,
            "eps_latest_yearly": 0,
            "eps_growth_yearly": 0
        },
        "20161": {
            "year_quarter": 20161,
            "year": 2016,
            "quarter": 1,
            "eps": null,
            "eps_growth_year": null,
            "eps_4q": null,
            "eps_4q_growth_year": null,
            "roe": null,
            "roe_4q": 0,
            "gross_profit": null,
            "gross_margin": null,
            "gross_margin_4q_avg": 0,
            "net_income": null,
            "net_income_4q": null,
            "revenue": null,
            "revenue_4q": null,
            "common_shares": null,
            "book_valuer_per_share": null,
            "book_valuer_per_share_4q_avg": 7.13,
            "equity": null,
            "current_ratio": null,
            "debt_ratio": null,
            "inventory_turnover_ratio": null,
            "account_receivable_turnover_ratio": null,
            "reinvestment_rate": null,
            "research_to_sale_ratio": null,
            "price_fair": 0,
            "eps_avg_yearly": 0,
            "eps_latest_yearly": 0,
            "eps_growth_yearly": 0
        },
        "20162": {
            "year_quarter": 20162,
            "year": 2016,
            "quarter": 2,
            "eps": null,
            "eps_growth_year": null,
            "eps_4q": null,
            "eps_4q_growth_year": null,
            "roe": null,
            "roe_4q": 0,
            "gross_profit": null,
            "gross_margin": null,
            "gross_margin_4q_avg": 0,
            "net_income": null,
            "net_income_4q": null,
            "revenue": null,
            "revenue_4q": null,
            "common_shares": 562498,
            "book_valuer_per_share": 13.05,
            "book_valuer_per_share_4q_avg": 6.71,
            "equity": 734253,
            "current_ratio": 196.95,
            "debt_ratio": 32.96,
            "inventory_turnover_ratio": null,
            "account_receivable_turnover_ratio": null,
            "reinvestment_rate": null,
            "research_to_sale_ratio": null,
            "price_fair": 0,
            "eps_avg_yearly": 0,
            "eps_latest_yearly": 0,
            "eps_growth_yearly": 0
        },
        "20163": {
            "year_quarter": 20163,
            "year": 2016,
            "quarter": 3,
            "eps": null,
            "eps_growth_year": null,
            "eps_4q": null,
            "eps_4q_growth_year": null,
            "roe": null,
            "roe_4q": 0,
            "gross_profit": null,
            "gross_margin": null,
            "gross_margin_4q_avg": 0,
            "net_income": null,
            "net_income_4q": null,
            "revenue": null,
            "revenue_4q": null,
            "common_shares": null,
            "book_valuer_per_share": null,
            "book_valuer_per_share_4q_avg": 6.71,
            "equity": null,
            "current_ratio": null,
            "debt_ratio": null,
            "inventory_turnover_ratio": null,
            "account_receivable_turnover_ratio": null,
            "reinvestment_rate": null,
            "research_to_sale_ratio": null,
            "price_fair": 0,
            "eps_avg_yearly": 0,
            "eps_latest_yearly": 0,
            "eps_growth_yearly": 0
        },
        "20164": {
            "year_quarter": 20164,
            "year": 2016,
            "quarter": 4,
            "eps": null,
            "eps_growth_year": null,
            "eps_4q": null,
            "eps_4q_growth_year": null,
            "roe": null,
            "roe_4q": 0,
            "gross_profit": null,
            "gross_margin": null,
            "gross_margin_4q_avg": 0,
            "net_income": null,
            "net_income_4q": null,
            "revenue": null,
            "revenue_4q": null,
            "common_shares": null,
            "book_valuer_per_share": null,
            "book_valuer_per_share_4q_avg": 3.26,
            "equity": null,
            "current_ratio": null,
            "debt_ratio": null,
            "inventory_turnover_ratio": null,
            "account_receivable_turnover_ratio": null,
            "reinvestment_rate": null,
            "research_to_sale_ratio": null,
            "price_fair": 0,
            "eps_avg_yearly": 0,
            "eps_latest_yearly": 0,
            "eps_growth_yearly": 0
        },
        "20171": {
            "year_quarter": 20171,
            "year": 2017,
            "quarter": 1,
            "eps": null,
            "eps_growth_year": null,
            "eps_4q": null,
            "eps_4q_growth_year": null,
            "roe": null,
            "roe_4q": 0,
            "gross_profit": null,
            "gross_margin": null,
            "gross_margin_4q_avg": 0,
            "net_income": null,
            "net_income_4q": null,
            "revenue": null,
            "revenue_4q": null,
            "common_shares": null,
            "book_valuer_per_share": null,
            "book_valuer_per_share_4q_avg": 3.26,
            "equity": null,
            "current_ratio": null,
            "debt_ratio": null,
            "inventory_turnover_ratio": null,
            "account_receivable_turnover_ratio": null,
            "reinvestment_rate": null,
            "research_to_sale_ratio": null,
            "price_fair": 0,
            "eps_avg_yearly": 0,
            "eps_latest_yearly": 0,
            "eps_growth_yearly": 0
        },
        "20172": {
            "year_quarter": 20172,
            "year": 2017,
            "quarter": 2,
            "eps": null,
            "eps_growth_year": null,
            "eps_4q": null,
            "eps_4q_growth_year": null,
            "roe": null,
            "roe_4q": 0,
            "gross_profit": null,
            "gross_margin": null,
            "gross_margin_4q_avg": 0,
            "net_income": null,
            "net_income_4q": null,
            "revenue": null,
            "revenue_4q": null,
            "common_shares": 619446,
            "book_valuer_per_share": 12.8,
            "book_valuer_per_share_4q_avg": 3.2,
            "equity": 792584,
            "current_ratio": 207.46,
            "debt_ratio": 35.03,
            "inventory_turnover_ratio": null,
            "account_receivable_turnover_ratio": null,
            "reinvestment_rate": null,
            "research_to_sale_ratio": null,
            "price_fair": 0,
            "eps_avg_yearly": 0,
            "eps_latest_yearly": 0,
            "eps_growth_yearly": 0
        },
        "20173": {
            "year_quarter": 20173,
            "year": 2017,
            "quarter": 3,
            "eps": 0.39,
            "eps_growth_year": null,
            "eps_4q": null,
            "eps_4q_growth_year": null,
            "roe": 3.28,
            "roe_4q": 3.28,
            "gross_profit": 182203,
            "gross_margin": 57.94,
            "gross_margin_4q_avg": 14.49,
            "net_income": 26449,
            "net_income_4q": null,
            "revenue": 314487,
            "revenue_4q": null,
            "common_shares": 681391,
            "book_valuer_per_share": 12.04,
            "book_valuer_per_share_4q_avg": 6.21,
            "equity": 820677,
            "current_ratio": 227.29,
            "debt_ratio": 32.53,
            "inventory_turnover_ratio": 0.61,
            "account_receivable_turnover_ratio": 1.24,
            "reinvestment_rate": null,
            "research_to_sale_ratio": 8.31,
            "price_fair": 0,
            "eps_avg_yearly": 0,
            "eps_latest_yearly": 0,
            "eps_growth_yearly": 0
        },
        "20174": {
            "year_quarter": 20174,
            "year": 2017,
            "quarter": 4,
            "eps": 0.21,
            "eps_growth_year": null,
            "eps_4q": null,
            "eps_4q_growth_year": null,
            "roe": 1.72,
            "roe_4q": 5,
            "gross_profit": 184528,
            "gross_margin": 53.36,
            "gross_margin_4q_avg": 27.83,
            "net_income": 14246,
            "net_income_4q": null,
            "revenue": 345817,
            "revenue_4q": null,
            "common_shares": 681391,
            "book_valuer_per_share": 12.26,
            "book_valuer_per_share_4q_avg": 9.28,
            "equity": 835245,
            "current_ratio": 228.4,
            "debt_ratio": 33.04,
            "inventory_turnover_ratio": 0.75,
            "account_receivable_turnover_ratio": 1.21,
            "reinvestment_rate": null,
            "research_to_sale_ratio": 8.83,
            "price_fair": 2.52,
            "eps_avg_yearly": 0.84,
            "eps_latest_yearly": 0.84,
            "eps_growth_yearly": -184.62
        },
        "20181": {
            "year_quarter": 20181,
            "year": 2018,
            "quarter": 1,
            "eps": 0.07,
            "eps_growth_year": null,
            "eps_4q": null,
            "eps_4q_growth_year": null,
            "roe": 0.49,
            "roe_4q": 5.49,
            "gross_profit": 138995,
            "gross_margin": 52.9,
            "gross_margin_4q_avg": 41.05,
            "net_income": 5270,
            "net_income_4q": null,
            "revenue": 262755,
            "revenue_4q": null,
            "common_shares": 767391,
            "book_valuer_per_share": 17.21,
            "book_valuer_per_share_4q_avg": 13.58,
            "equity": 1320872,
            "current_ratio": 426.79,
            "debt_ratio": 21.52,
            "inventory_turnover_ratio": 0.61,
            "account_receivable_turnover_ratio": 0.98,
            "reinvestment_rate": null,
            "research_to_sale_ratio": 8.33,
            "price_fair": 1.68,
            "eps_avg_yearly": 0.56,
            "eps_latest_yearly": 0.28,
            "eps_growth_yearly": -225.64
        },
        "20182": {
            "year_quarter": 20182,
            "year": 2018,
            "quarter": 2,
            "eps": 0.53,
            "eps_growth_year": null,
            "eps_4q": 1.12,
            "eps_4q_growth_year": null,
            "roe": 3.12,
            "roe_4q": 8.61,
            "gross_profit": 206751,
            "gross_margin": 59.22,
            "gross_margin_4q_avg": 55.86,
            "net_income": 40107,
            "net_income_4q": null,
            "revenue": 349111,
            "revenue_4q": null,
            "common_shares": 767391,
            "book_valuer_per_share": 16.24,
            "book_valuer_per_share_4q_avg": 14.44,
            "equity": 1246363,
            "current_ratio": 300.38,
            "debt_ratio": 29.48,
            "inventory_turnover_ratio": 0.65,
            "account_receivable_turnover_ratio": 1.33,
            "reinvestment_rate": null,
            "research_to_sale_ratio": 6.64,
            "price_fair": 37.8,
            "eps_avg_yearly": 1.08,
            "eps_latest_yearly": 2.12,
            "eps_growth_yearly": 725.76
        },
        "20183": {
            "year_quarter": 20183,
            "year": 2018,
            "quarter": 3,
            "eps": 0.29,
            "eps_growth_year": -25.64,
            "eps_4q": 1.06,
            "eps_4q_growth_year": null,
            "roe": 1.75,
            "roe_4q": 7.08,
            "gross_profit": 187979,
            "gross_margin": 56.72,
            "gross_margin_4q_avg": 55.55,
            "net_income": 21954,
            "net_income_4q": null,
            "revenue": 331441,
            "revenue_4q": null,
            "common_shares": 767391,
            "book_valuer_per_share": 16.44,
            "book_valuer_per_share_4q_avg": 15.54,
            "equity": 1261406,
            "current_ratio": 342.93,
            "debt_ratio": 26.07,
            "inventory_turnover_ratio": 0.54,
            "account_receivable_turnover_ratio": 1.19,
            "reinvestment_rate": null,
            "research_to_sale_ratio": 6.52,
            "price_fair": 38.5,
            "eps_avg_yearly": 1.1,
            "eps_latest_yearly": 1.16,
            "eps_growth_yearly": 499.04
        },
        "20184": {
            "year_quarter": 20184,
            "year": 2018,
            "quarter": 4,
            "eps": 1.2,
            "eps_growth_year": 472.43,
            "eps_4q": 2.07,
            "eps_4q_growth_year": null,
            "roe": 7.03,
            "roe_4q": 12.390000000000002,
            "gross_profit": 269658,
            "gross_margin": 57.94,
            "gross_margin_4q_avg": 56.7,
            "net_income": 91840,
            "net_income_4q": null,
            "revenue": 465434,
            "revenue_4q": null,
            "common_shares": 767391,
            "book_valuer_per_share": 17.6,
            "book_valuer_per_share_4q_avg": 16.87,
            "equity": 1350490,
            "current_ratio": 319.6,
            "debt_ratio": 26.4,
            "inventory_turnover_ratio": 0.63,
            "account_receivable_turnover_ratio": 1.57,
            "reinvestment_rate": null,
            "research_to_sale_ratio": 9.46,
            "price_fair": 64.4,
            "eps_avg_yearly": 1.84,
            "eps_latest_yearly": 4.8,
            "eps_growth_yearly": 650.27
        },
        "20191": {
            "year_quarter": 20191,
            "year": 2019,
            "quarter": 1,
            "eps": 0.52,
            "eps_growth_year": 642.86,
            "eps_4q": 2.52,
            "eps_4q_growth_year": null,
            "roe": 2.88,
            "roe_4q": 14.780000000000001,
            "gross_profit": 197386,
            "gross_margin": 55.31,
            "gross_margin_4q_avg": 57.3,
            "net_income": 39636,
            "net_income_4q": null,
            "revenue": 356902,
            "revenue_4q": null,
            "common_shares": 767391,
            "book_valuer_per_share": 18.21,
            "book_valuer_per_share_4q_avg": 17.12,
            "equity": 1397594,
            "current_ratio": 343.94,
            "debt_ratio": 27.05,
            "inventory_turnover_ratio": 0.47,
            "account_receivable_turnover_ratio": 1.15,
            "reinvestment_rate": null,
            "research_to_sale_ratio": 6.03,
            "price_fair": 65.8,
            "eps_avg_yearly": 1.88,
            "eps_latest_yearly": 2.08,
            "eps_growth_yearly": 504.11
        },
        "20192": {
            "year_quarter": 20192,
            "year": 2019,
            "quarter": 2,
            "eps": 0.61,
            "eps_growth_year": 15.09,
            "eps_4q": 2.6,
            "eps_4q_growth_year": 132.21,
            "roe": 3.44,
            "roe_4q": 15.100000000000001,
            "gross_profit": 228839,
            "gross_margin": 57.03,
            "gross_margin_4q_avg": 56.75,
            "net_income": 46438,
            "net_income_4q": null,
            "revenue": 401292,
            "revenue_4q": null,
            "common_shares": 767391,
            "book_valuer_per_share": 16.97,
            "book_valuer_per_share_4q_avg": 17.31,
            "equity": 1302572,
            "current_ratio": 279.11,
            "debt_ratio": 31.44,
            "inventory_turnover_ratio": 0.51,
            "account_receivable_turnover_ratio": 1.29,
            "reinvestment_rate": null,
            "research_to_sale_ratio": 5.62,
            "price_fair": 68.6,
            "eps_avg_yearly": 1.96,
            "eps_latest_yearly": 2.44,
            "eps_growth_yearly": 441.98
        },
        "20193": {
            "year_quarter": 20193,
            "year": 2019,
            "quarter": 3,
            "eps": 0.24,
            "eps_growth_year": -17.24,
            "eps_4q": 2.56,
            "eps_4q_growth_year": 140.52,
            "roe": 1.4,
            "roe_4q": 14.75,
            "gross_profit": 185580,
            "gross_margin": 53.06,
            "gross_margin_4q_avg": 55.84,
            "net_income": 18294,
            "net_income_4q": null,
            "revenue": 349763,
            "revenue_4q": null,
            "common_shares": 767391,
            "book_valuer_per_share": 17.06,
            "book_valuer_per_share_4q_avg": 17.46,
            "equity": 1308788,
            "current_ratio": 344.56,
            "debt_ratio": 25.36,
            "inventory_turnover_ratio": 0.49,
            "account_receivable_turnover_ratio": 1.1,
            "reinvestment_rate": null,
            "research_to_sale_ratio": 8.19,
            "price_fair": 64.23,
            "eps_avg_yearly": 1.84,
            "eps_latest_yearly": 0.96,
            "eps_growth_yearly": 356.41
        },
        "20194": {
            "year_quarter": 20194,
            "year": 2019,
            "quarter": 4,
            "eps": 0.74,
            "eps_growth_year": -37.98,
            "eps_4q": 2.1,
            "eps_4q_growth_year": 1.36,
            "roe": 4.27,
            "roe_4q": 11.989999999999998,
            "gross_profit": 252502,
            "gross_margin": 54.19,
            "gross_margin_4q_avg": 54.9,
            "net_income": 56961,
            "net_income_4q": null,
            "revenue": 465987,
            "revenue_4q": null,
            "common_shares": 767391,
            "book_valuer_per_share": 17.72,
            "book_valuer_per_share_4q_avg": 17.49,
            "equity": 1359568,
            "current_ratio": 313.73,
            "debt_ratio": 28.91,
            "inventory_turnover_ratio": 0.61,
            "account_receivable_turnover_ratio": 1.39,
            "reinvestment_rate": null,
            "research_to_sale_ratio": 6.59,
            "price_fair": 68.6,
            "eps_avg_yearly": 1.96,
            "eps_latest_yearly": 2.96,
            "eps_growth_yearly": 409.4
        },
        "20201": {
            "year_quarter": 20201,
            "year": 2020,
            "quarter": 1,
            "eps": 0.01,
            "eps_growth_year": -98.08,
            "eps_4q": 1.6,
            "eps_4q_growth_year": -36.76,
            "roe": 0.05,
            "roe_4q": 9.159999999999998,
            "gross_profit": 171139,
            "gross_margin": 50.25,
            "gross_margin_4q_avg": 53.63,
            "net_income": 708,
            "net_income_4q": null,
            "revenue": 340605,
            "revenue_4q": null,
            "common_shares": 767391,
            "book_valuer_per_share": 15.97,
            "book_valuer_per_share_4q_avg": 16.93,
            "equity": 1225386,
            "current_ratio": 232.14,
            "debt_ratio": 36.08,
            "inventory_turnover_ratio": 0.47,
            "account_receivable_turnover_ratio": 0.95,
            "reinvestment_rate": null,
            "research_to_sale_ratio": 7.51,
            "price_fair": 61.88,
            "eps_avg_yearly": 1.77,
            "eps_latest_yearly": 0.04,
            "eps_growth_yearly": 329
        },
        "20202": {
            "year_quarter": 20202,
            "year": 2020,
            "quarter": 2,
            "eps": -0.1,
            "eps_growth_year": -116.39,
            "eps_4q": 0.89,
            "eps_4q_growth_year": -65.79,
            "roe": -0.62,
            "roe_4q": 5.1,
            "gross_profit": 169410,
            "gross_margin": 51.54,
            "gross_margin_4q_avg": 52.26,
            "net_income": -7581,
            "net_income_4q": null,
            "revenue": 328716,
            "revenue_4q": null,
            "common_shares": 767391,
            "book_valuer_per_share": 15.69,
            "book_valuer_per_share_4q_avg": 16.61,
            "equity": 1203708,
            "current_ratio": 214.19,
            "debt_ratio": 37.61,
            "inventory_turnover_ratio": 0.42,
            "account_receivable_turnover_ratio": 1.02,
            "reinvestment_rate": null,
            "research_to_sale_ratio": 8.21,
            "price_fair": 61.88,
            "eps_avg_yearly": 1.77,
            "eps_latest_yearly": 0.04,
            "eps_growth_yearly": 329
        },
        "20203": {
            "year_quarter": 20203,
            "year": 2020,
            "quarter": 3,
            "eps": -0.04,
            "eps_growth_year": -116.67,
            "eps_4q": 0.62,
            "eps_4q_growth_year": -75.94,
            "roe": -0.24,
            "roe_4q": 3.4599999999999995,
            "gross_profit": 197493,
            "gross_margin": 51.15,
            "gross_margin_4q_avg": 51.78,
            "net_income": -2879,
            "net_income_4q": null,
            "revenue": 386131,
            "revenue_4q": null,
            "common_shares": 767391,
            "book_valuer_per_share": 15.68,
            "book_valuer_per_share_4q_avg": 16.27,
            "equity": 1203180,
            "current_ratio": 212.96,
            "debt_ratio": 36.4,
            "inventory_turnover_ratio": 0.45,
            "account_receivable_turnover_ratio": 1.34,
            "reinvestment_rate": null,
            "research_to_sale_ratio": 7.68,
            "price_fair": 61.88,
            "eps_avg_yearly": 1.77,
            "eps_latest_yearly": 0.04,
            "eps_growth_yearly": 329
        },
        "20204": {
            "year_quarter": 20204,
            "year": 2020,
            "quarter": 4,
            "eps": 0.49,
            "eps_growth_year": -33.9,
            "eps_4q": 0.36,
            "eps_4q_growth_year": -82.71,
            "roe": 3.08,
            "roe_4q": 2.2699999999999996,
            "gross_profit": 275990,
            "gross_margin": 53.78,
            "gross_margin_4q_avg": 51.68,
            "net_income": 37653,
            "net_income_4q": null,
            "revenue": 513185,
            "revenue_4q": null,
            "common_shares": 767391,
            "book_valuer_per_share": 16.16,
            "book_valuer_per_share_4q_avg": 15.88,
            "equity": 1239967,
            "current_ratio": 153.74,
            "debt_ratio": 59.66,
            "inventory_turnover_ratio": 0.48,
            "account_receivable_turnover_ratio": 1.57,
            "reinvestment_rate": null,
            "research_to_sale_ratio": 8.73,
            "price_fair": 61.88,
            "eps_avg_yearly": 1.77,
            "eps_latest_yearly": 0.04,
            "eps_growth_yearly": 329
        },
        "20211": {
            "year_quarter": 20211,
            "year": 2021,
            "quarter": 1,
            "eps": -0.32,
            "eps_growth_year": -3300,
            "eps_4q": 0.03,
            "eps_4q_growth_year": -98.03,
            "roe": -2.06,
            "roe_4q": 0.16000000000000003,
            "gross_profit": 170397,
            "gross_margin": 45.55,
            "gross_margin_4q_avg": 50.51,
            "net_income": -24786,
            "net_income_4q": null,
            "revenue": 374049,
            "revenue_4q": null,
            "common_shares": 767391,
            "book_valuer_per_share": 15.18,
            "book_valuer_per_share_4q_avg": 15.68,
            "equity": 1164949,
            "current_ratio": 141.02,
            "debt_ratio": 62.11,
            "inventory_turnover_ratio": 0.35,
            "account_receivable_turnover_ratio": 1.08,
            "reinvestment_rate": null,
            "research_to_sale_ratio": 11.21,
            "price_fair": 61.88,
            "eps_avg_yearly": 1.77,
            "eps_latest_yearly": 0.04,
            "eps_growth_yearly": 329
        },
        "20212": {
            "year_quarter": 20212,
            "year": 2021,
            "quarter": 2,
            "eps": 0.97,
            "eps_growth_year": null,
            "eps_4q": 1.1,
            "eps_4q_growth_year": 23.3,
            "roe": 6.2,
            "roe_4q": 6.98,
            "gross_profit": 278850,
            "gross_margin": 52.3,
            "gross_margin_4q_avg": 50.7,
            "net_income": 74327,
            "net_income_4q": null,
            "revenue": 533209,
            "revenue_4q": null,
            "common_shares": 767391,
            "book_valuer_per_share": 16.09,
            "book_valuer_per_share_4q_avg": 15.78,
            "equity": 1234534,
            "current_ratio": 150.34,
            "debt_ratio": 58.35,
            "inventory_turnover_ratio": 0.43,
            "account_receivable_turnover_ratio": 1.62,
            "reinvestment_rate": 234.66,
            "research_to_sale_ratio": 6.29,
            "price_fair": 61.88,
            "eps_avg_yearly": 1.77,
            "eps_latest_yearly": 0.04,
            "eps_growth_yearly": 329
        },
        "20213": {
            "year_quarter": 20213,
            "year": 2021,
            "quarter": 3,
            "eps": 0.77,
            "eps_growth_year": null,
            "eps_4q": 1.72,
            "eps_4q_growth_year": 178.81,
            "roe": 3.78,
            "roe_4q": 11,
            "gross_profit": 265898,
            "gross_margin": 50.23,
            "gross_margin_4q_avg": 50.47,
            "net_income": 59868,
            "net_income_4q": null,
            "revenue": 529367,
            "revenue_4q": null,
            "common_shares": 857391,
            "book_valuer_per_share": 22.58,
            "book_valuer_per_share_4q_avg": 17.5,
            "equity": 1935681,
            "current_ratio": 171.92,
            "debt_ratio": 35.77,
            "inventory_turnover_ratio": 0.46,
            "account_receivable_turnover_ratio": 1.59,
            "reinvestment_rate": 222.93,
            "research_to_sale_ratio": 8.37,
            "price_fair": 66.05,
            "eps_avg_yearly": 1.89,
            "eps_latest_yearly": 3.08,
            "eps_growth_yearly": 291.59
        },
        "20214": {
            "year_quarter": 20214,
            "year": 2021,
            "quarter": 4,
            "eps": -0.06,
            "eps_growth_year": -111.9,
            "eps_4q": 1.22,
            "eps_4q_growth_year": 234.91,
            "roe": -0.26,
            "roe_4q": 7.659999999999998,
            "gross_profit": 196993,
            "gross_margin": 42.4,
            "gross_margin_4q_avg": 47.62,
            "net_income": -5007,
            "net_income_4q": null,
            "revenue": 464586,
            "revenue_4q": null,
            "common_shares": 857391,
            "book_valuer_per_share": 22.55,
            "book_valuer_per_share_4q_avg": 19.1,
            "equity": 1933014,
            "current_ratio": 172.12,
            "debt_ratio": 34.54,
            "inventory_turnover_ratio": 0.49,
            "account_receivable_turnover_ratio": 1.4,
            "reinvestment_rate": 236.05,
            "research_to_sale_ratio": 8.16,
            "price_fair": 69.72,
            "eps_avg_yearly": 1.99,
            "eps_latest_yearly": 3.08,
            "eps_growth_yearly": 339.22
        },
        "20221": {
            "year_quarter": 20221,
            "year": 2022,
            "quarter": 1,
            "eps": 0.46,
            "eps_growth_year": null,
            "eps_4q": 1.97,
            "eps_4q_growth_year": 6174.55,
            "roe": 2.09,
            "roe_4q": 11.809999999999999,
            "gross_profit": 235092,
            "gross_margin": 51.72,
            "gross_margin_4q_avg": 49.16,
            "net_income": 39553,
            "net_income_4q": null,
            "revenue": 454566,
            "revenue_4q": null,
            "common_shares": 857391,
            "book_valuer_per_share": 21.65,
            "book_valuer_per_share_4q_avg": 20.72,
            "equity": 1855963,
            "current_ratio": 137.41,
            "debt_ratio": 37.61,
            "inventory_turnover_ratio": 0.41,
            "account_receivable_turnover_ratio": 1.41,
            "reinvestment_rate": 218.1,
            "research_to_sale_ratio": 8.67,
            "price_fair": 76.38,
            "eps_avg_yearly": 2.18,
            "eps_latest_yearly": 3.08,
            "eps_growth_yearly": 406.54
        },
        "20222": {
            "year_quarter": 20222,
            "year": 2022,
            "quarter": 2,
            "eps": 1.88,
            "eps_growth_year": 93.81,
            "eps_4q": 2.98,
            "eps_4q_growth_year": 171.32,
            "roe": 8.32,
            "roe_4q": 13.93,
            "gross_profit": 475372,
            "gross_margin": 58.34,
            "gross_margin_4q_avg": 50.67,
            "net_income": 161178,
            "net_income_4q": null,
            "revenue": 814792,
            "revenue_4q": null,
            "common_shares": 857391,
            "book_valuer_per_share": 23.53,
            "book_valuer_per_share_4q_avg": 22.58,
            "equity": 2017716,
            "current_ratio": 150.35,
            "debt_ratio": 36.66,
            "inventory_turnover_ratio": 0.62,
            "account_receivable_turnover_ratio": 2.02,
            "reinvestment_rate": 177.67,
            "research_to_sale_ratio": 7.57,
            "price_fair": 97.38,
            "eps_avg_yearly": 2.78,
            "eps_latest_yearly": 7.52,
            "eps_growth_yearly": 251.67
        },
        "20223": {
            "year_quarter": 20223,
            "year": 2022,
            "quarter": 3,
            "eps": 0.91,
            "eps_growth_year": 18.18,
            "eps_4q": 3.19,
            "eps_4q_growth_year": 86.11,
            "roe": 3.78,
            "roe_4q": 13.93,
            "gross_profit": 345442,
            "gross_margin": 52.22,
            "gross_margin_4q_avg": 51.17,
            "net_income": 77972,
            "net_income_4q": null,
            "revenue": 661562,
            "revenue_4q": null,
            "common_shares": 857391,
            "book_valuer_per_share": 24.55,
            "book_valuer_per_share_4q_avg": 23.07,
            "equity": 2104505,
            "current_ratio": 156.36,
            "debt_ratio": 35.34,
            "inventory_turnover_ratio": 0.58,
            "account_receivable_turnover_ratio": 1.33,
            "reinvestment_rate": 170.63,
            "research_to_sale_ratio": 8.16,
            "price_fair": 107.02,
            "eps_avg_yearly": 3.06,
            "eps_latest_yearly": 3.64,
            "eps_growth_yearly": 248.86
        },
        "20224": {
            "year_quarter": 20224,
            "year": 2022,
            "quarter": 4,
            "eps": -1.12,
            "eps_growth_year": null,
            "eps_4q": 2.13,
            "eps_4q_growth_year": 74.66,
            "roe": -4.69,
            "roe_4q": 9.5,
            "gross_profit": 262690,
            "gross_margin": 56.16,
            "gross_margin_4q_avg": 54.61,
            "net_income": -96358,
            "net_income_4q": null,
            "revenue": 467728,
            "revenue_4q": null,
            "common_shares": 857391,
            "book_valuer_per_share": 23.41,
            "book_valuer_per_share_4q_avg": 23.29,
            "equity": 2007113,
            "current_ratio": 151.84,
            "debt_ratio": 35.12,
            "inventory_turnover_ratio": 0.38,
            "account_receivable_turnover_ratio": 1.1,
            "reinvestment_rate": 235.27,
            "research_to_sale_ratio": 19.98,
            "price_fair": 99.4,
            "eps_avg_yearly": 2.84,
            "eps_latest_yearly": 3.64,
            "eps_growth_yearly": 123.08
        },
        "20231": {
            "year_quarter": 20231,
            "year": 2023,
            "quarter": 1,
            "eps": 0.26,
            "eps_growth_year": -43.48,
            "eps_4q": 1.93,
            "eps_4q_growth_year": -1.93,
            "roe": 1.17,
            "roe_4q": 8.58,
            "gross_profit": 217986,
            "gross_margin": 53.36,
            "gross_margin_4q_avg": 55.02,
            "net_income": 22693,
            "net_income_4q": null,
            "revenue": 408529,
            "revenue_4q": null,
            "common_shares": 857391,
            "book_valuer_per_share": 21.67,
            "book_valuer_per_share_4q_avg": 23.29,
            "equity": 1857968,
            "current_ratio": 129.44,
            "debt_ratio": 39.08,
            "inventory_turnover_ratio": 0.34,
            "account_receivable_turnover_ratio": 1.22,
            "reinvestment_rate": 253.09,
            "research_to_sale_ratio": 16.8,
            "price_fair": 103.2,
            "eps_avg_yearly": 2.95,
            "eps_latest_yearly": 3.64,
            "eps_growth_yearly": 173.04
        },
        "20232": {
            "year_quarter": 20232,
            "year": 2023,
            "quarter": 2,
            "eps": 0.2,
            "eps_growth_year": -89.36,
            "eps_4q": 0.25,
            "eps_4q_growth_year": -91.57,
            "roe": 0.92,
            "roe_4q": 1.1799999999999993,
            "gross_profit": 244423,
            "gross_margin": 52,
            "gross_margin_4q_avg": 53.44,
            "net_income": 17244,
            "net_income_4q": null,
            "revenue": 470072,
            "revenue_4q": null,
            "common_shares": 857391,
            "book_valuer_per_share": 21.85,
            "book_valuer_per_share_4q_avg": 22.87,
            "equity": 1873531,
            "current_ratio": 128.88,
            "debt_ratio": 42.28,
            "inventory_turnover_ratio": 0.39,
            "account_receivable_turnover_ratio": 1.47,
            "reinvestment_rate": 265.56,
            "research_to_sale_ratio": 10.95,
            "price_fair": 95,
            "eps_avg_yearly": 2.71,
            "eps_latest_yearly": 0.8,
            "eps_growth_yearly": 149.96
        },
        "20233": {
            "year_quarter": 20233,
            "year": 2023,
            "quarter": 3,
            "eps": 0.09,
            "eps_growth_year": -90.11,
            "eps_4q": -0.57,
            "eps_4q_growth_year": -117.81,
            "roe": 0.41,
            "roe_4q": -2.1900000000000004,
            "gross_profit": 249622,
            "gross_margin": 52.6,
            "gross_margin_4q_avg": 53.53,
            "net_income": 7663,
            "net_income_4q": null,
            "revenue": 474608,
            "revenue_4q": null,
            "common_shares": 857391,
            "book_valuer_per_share": 22.03,
            "book_valuer_per_share_4q_avg": 22.24,
            "equity": 1888511,
            "current_ratio": 135.92,
            "debt_ratio": 38.66,
            "inventory_turnover_ratio": 0.39,
            "account_receivable_turnover_ratio": 1.38,
            "reinvestment_rate": 263.16,
            "research_to_sale_ratio": 11.75,
            "price_fair": 92,
            "eps_avg_yearly": 2.63,
            "eps_latest_yearly": 0.36,
            "eps_growth_yearly": 153.19
        },
        "20234": {
            "year_quarter": 20234,
            "year": 2023,
            "quarter": 4,
            "eps": 0.35,
            "eps_growth_year": null,
            "eps_4q": 0.9,
            "eps_4q_growth_year": -57.65,
            "roe": 1.56,
            "roe_4q": 4.0600000000000005,
            "gross_profit": 262366,
            "gross_margin": 49.63,
            "gross_margin_4q_avg": 51.9,
            "net_income": 29619,
            "net_income_4q": null,
            "revenue": 528666,
            "revenue_4q": null,
            "common_shares": 857391,
            "book_valuer_per_share": 22.29,
            "book_valuer_per_share_4q_avg": 21.96,
            "equity": 1911080,
            "current_ratio": 140.52,
            "debt_ratio": 40.93,
            "inventory_turnover_ratio": 0.47,
            "account_receivable_turnover_ratio": 1.49,
            "reinvestment_rate": 293.89,
            "research_to_sale_ratio": 7.78,
            "price_fair": 84.2,
            "eps_avg_yearly": 2.41,
            "eps_latest_yearly": 1.4,
            "eps_growth_yearly": 199.23
        }
    },
    "months": {
        "2004-06": {
            "month": "2004-06",
            "price": "20.40",
            "revenue": 39606
        },
        "2004-07": {
            "month": "2004-07",
            "price": "20.30",
            "revenue": 27363
        },
        "2004-08": {
            "month": "2004-08",
            "price": "18.37",
            "revenue": 35525
        },
        "2004-09": {
            "month": "2004-09",
            "price": "18.72",
            "revenue": 49868
        },
        "2005-05": {
            "month": "2005-05",
            "price": "17.00",
            "revenue": 39084
        },
        "2005-06": {
            "month": "2005-06",
            "price": "17.52",
            "revenue": 29737
        },
        "2005-07": {
            "month": "2005-07",
            "price": "18.97",
            "revenue": 40255
        },
        "2005-08": {
            "month": "2005-08",
            "price": "21.38",
            "revenue": 48074
        },
        "2005-09": {
            "month": "2005-09",
            "price": "21.40",
            "revenue": 40784
        },
        "2005-10": {
            "month": "2005-10",
            "price": "18.91",
            "revenue": 39879
        },
        "2005-11": {
            "month": "2005-11",
            "price": "17.04",
            "revenue": 44567
        },
        "2005-12": {
            "month": "2005-12",
            "price": "17.20",
            "revenue": 60615
        },
        "2006-01": {
            "month": "2006-01",
            "price": "19.00",
            "revenue": 25965
        },
        "2006-02": {
            "month": "2006-02",
            "price": "20.40",
            "revenue": 23611
        },
        "2006-04": {
            "month": "2006-04",
            "price": "20.19",
            "revenue": 40183
        },
        "2006-05": {
            "month": "2006-05",
            "price": "19.58",
            "revenue": 44571
        },
        "2006-06": {
            "month": "2006-06",
            "price": "18.16",
            "revenue": 53086
        },
        "2006-09": {
            "month": "2006-09",
            "price": "17.80",
            "revenue": 39196
        },
        "2006-10": {
            "month": "2006-10",
            "price": "17.80",
            "revenue": 36588
        },
        "2006-11": {
            "month": "2006-11",
            "price": "17.50",
            "revenue": 45125
        },
        "2006-12": {
            "month": "2006-12",
            "price": "17.14",
            "revenue": 53130
        },
        "2007-01": {
            "month": "2007-01",
            "price": "17.62",
            "revenue": 34004
        },
        "2007-02": {
            "month": "2007-02",
            "price": "17.86",
            "revenue": 25423
        },
        "2007-03": {
            "month": "2007-03",
            "price": "18.20",
            "revenue": 38400
        },
        "2007-04": {
            "month": "2007-04",
            "price": "19.81",
            "revenue": 46179
        },
        "2007-05": {
            "month": "2007-05",
            "price": "20.01",
            "revenue": 52142
        },
        "2007-06": {
            "month": "2007-06",
            "price": "21.25",
            "revenue": 39982
        },
        "2007-07": {
            "month": "2007-07",
            "price": "28.42",
            "revenue": 33438
        },
        "2007-08": {
            "month": "2007-08",
            "price": "22.95",
            "revenue": 65641
        },
        "2007-09": {
            "month": "2007-09",
            "price": "18.80",
            "revenue": 40388
        },
        "2007-10": {
            "month": "2007-10",
            "price": "18.39",
            "revenue": 43292
        },
        "2007-11": {
            "month": "2007-11",
            "price": "20.78",
            "revenue": 44220
        },
        "2007-12": {
            "month": "2007-12",
            "price": "19.04",
            "revenue": 76653
        },
        "2008-01": {
            "month": "2008-01",
            "price": "18.21",
            "revenue": 34646
        },
        "2008-02": {
            "month": "2008-02",
            "price": "18.55",
            "revenue": 13391
        },
        "2008-03": {
            "month": "2008-03",
            "price": "18.15",
            "revenue": 36342
        },
        "2008-04": {
            "month": "2008-04",
            "price": "18.17",
            "revenue": 46955
        },
        "2008-05": {
            "month": "2008-05",
            "price": "18.43",
            "revenue": 37403
        },
        "2008-06": {
            "month": "2008-06",
            "price": "17.43",
            "revenue": 56057
        },
        "2008-07": {
            "month": "2008-07",
            "price": "16.77",
            "revenue": 38414
        },
        "2008-08": {
            "month": "2008-08",
            "price": "16.00",
            "revenue": 37315
        },
        "2008-09": {
            "month": "2008-09",
            "price": "14.44",
            "revenue": 40486
        },
        "2008-10": {
            "month": "2008-10",
            "price": "11.82",
            "revenue": 39330
        },
        "2008-11": {
            "month": "2008-11",
            "price": "11.04",
            "revenue": 45967
        },
        "2008-12": {
            "month": "2008-12",
            "price": "7.35",
            "revenue": 48850
        },
        "2009-04": {
            "month": "2009-04",
            "price": "11.24",
            "revenue": 53005
        },
        "2009-05": {
            "month": "2009-05",
            "price": "12.51",
            "revenue": 42894
        },
        "2009-06": {
            "month": "2009-06",
            "price": "10.28",
            "revenue": 43997
        },
        "2009-07": {
            "month": "2009-07",
            "price": "10.92",
            "revenue": 47569
        },
        "2009-08": {
            "month": "2009-08",
            "price": "11.83",
            "revenue": 49043
        },
        "2009-09": {
            "month": "2009-09",
            "price": "12.03",
            "revenue": 54902
        },
        "2009-10": {
            "month": "2009-10",
            "price": "12.42",
            "revenue": 47455
        },
        "2009-12": {
            "month": "2009-12",
            "price": "12.27",
            "revenue": 65313
        },
        "2010-01": {
            "month": "2010-01",
            "price": "12.87",
            "revenue": 32666
        },
        "2010-02": {
            "month": "2010-02",
            "price": "13.42",
            "revenue": 22509
        },
        "2010-03": {
            "month": "2010-03",
            "price": "12.06",
            "revenue": 43952
        },
        "2010-04": {
            "month": "2010-04",
            "price": "12.74",
            "revenue": 45877
        },
        "2010-05": {
            "month": "2010-05",
            "price": "12.84",
            "revenue": 42239
        },
        "2010-06": {
            "month": "2010-06",
            "price": "14.60",
            "revenue": 47633
        },
        "2010-08": {
            "month": "2010-08",
            "price": "12.96",
            "revenue": 42008
        },
        "2010-09": {
            "month": "2010-09",
            "price": "13.74",
            "revenue": 58073
        },
        "2010-10": {
            "month": "2010-10",
            "price": "12.39",
            "revenue": 54659
        },
        "2010-11": {
            "month": "2010-11",
            "price": "12.60",
            "revenue": 56476
        },
        "2010-12": {
            "month": "2010-12",
            "price": "12.00",
            "revenue": 50332
        },
        "2011-01": {
            "month": "2011-01",
            "price": "13.29",
            "revenue": 41962
        },
        "2011-02": {
            "month": "2011-02",
            "price": "13.70",
            "revenue": 37349
        },
        "2011-03": {
            "month": "2011-03",
            "price": "17.75",
            "revenue": 56409
        },
        "2011-04": {
            "month": "2011-04",
            "price": "25.27",
            "revenue": 42451
        },
        "2011-05": {
            "month": "2011-05",
            "price": "23.13",
            "revenue": 51316
        },
        "2011-06": {
            "month": "2011-06",
            "price": "22.85",
            "revenue": 47566
        },
        "2011-07": {
            "month": "2011-07",
            "price": "23.65",
            "revenue": 47460
        },
        "2011-08": {
            "month": "2011-08",
            "price": "23.25",
            "revenue": 41468
        },
        "2011-09": {
            "month": "2011-09",
            "price": "19.34",
            "revenue": 51934
        },
        "2011-10": {
            "month": "2011-10",
            "price": "15.35",
            "revenue": 59369
        },
        "2011-11": {
            "month": "2011-11",
            "price": "17.36",
            "revenue": 48264
        },
        "2011-12": {
            "month": "2011-12",
            "price": "16.56",
            "revenue": 61125
        },
        "2012-01": {
            "month": "2012-01",
            "price": "16.84",
            "revenue": 30778
        },
        "2012-02": {
            "month": "2012-02",
            "price": "20.33",
            "revenue": 43020
        },
        "2012-03": {
            "month": "2012-03",
            "price": "22.49",
            "revenue": 49016
        },
        "2012-04": {
            "month": "2012-04",
            "price": "21.24",
            "revenue": 50260
        },
        "2012-05": {
            "month": "2012-05",
            "price": "19.93",
            "revenue": 53449
        },
        "2012-06": {
            "month": "2012-06",
            "price": "19.16",
            "revenue": 46052
        },
        "2012-07": {
            "month": "2012-07",
            "price": "19.83",
            "revenue": 57321
        },
        "2012-08": {
            "month": "2012-08",
            "price": "19.50",
            "revenue": 49313
        },
        "2012-09": {
            "month": "2012-09",
            "price": "18.27",
            "revenue": 48495
        },
        "2012-10": {
            "month": "2012-10",
            "price": "19.45",
            "revenue": 45986
        },
        "2012-11": {
            "month": "2012-11",
            "price": "34.75",
            "revenue": 50007
        },
        "2012-12": {
            "month": "2012-12",
            "price": "46.61",
            "revenue": 50013
        },
        "2013-01": {
            "month": "2013-01",
            "price": "54.88",
            "revenue": 57417
        },
        "2013-02": {
            "month": "2013-02",
            "price": "153.19",
            "revenue": 40262
        },
        "2013-03": {
            "month": "2013-03",
            "price": "164.03",
            "revenue": 68921
        },
        "2013-04": {
            "month": "2013-04",
            "price": "139.91",
            "revenue": 71114
        },
        "2013-05": {
            "month": "2013-05",
            "price": "127.00",
            "revenue": 74610
        },
        "2013-06": {
            "month": "2013-06",
            "price": "126.18",
            "revenue": 72386
        },
        "2013-07": {
            "month": "2013-07",
            "price": "150.34",
            "revenue": 53773
        },
        "2013-08": {
            "month": "2013-08",
            "price": "179.12",
            "revenue": 107562
        },
        "2013-09": {
            "month": "2013-09",
            "price": "189.94",
            "revenue": 79384
        },
        "2013-10": {
            "month": "2013-10",
            "price": "305.20",
            "revenue": 64169
        },
        "2013-11": {
            "month": "2013-11",
            "price": "356.48",
            "revenue": 73865
        },
        "2013-12": {
            "month": "2013-12",
            "price": "378.66",
            "revenue": 84311
        },
        "2014-01": {
            "month": "2014-01",
            "price": "422.64",
            "revenue": 120600
        },
        "2014-02": {
            "month": "2014-02",
            "price": "417.30",
            "revenue": 45431
        },
        "2014-03": {
            "month": "2014-03",
            "price": "381.65",
            "revenue": 69703
        },
        "2014-04": {
            "month": "2014-04",
            "price": "375.71",
            "revenue": 70864
        },
        "2014-05": {
            "month": "2014-05",
            "price": "391.80",
            "revenue": 62693
        },
        "2014-06": {
            "month": "2014-06",
            "price": "392.30",
            "revenue": 73971
        },
        "2014-07": {
            "month": "2014-07",
            "price": "410.96",
            "revenue": 70546
        },
        "2014-08": {
            "month": "2014-08",
            "price": "396.15",
            "revenue": 77998
        },
        "2014-09": {
            "month": "2014-09",
            "price": "373.04",
            "revenue": 170305
        },
        "2014-10": {
            "month": "2014-10",
            "price": "304.65",
            "revenue": 69556
        },
        "2014-11": {
            "month": "2014-11",
            "price": "289.63",
            "revenue": 91156
        },
        "2014-12": {
            "month": "2014-12",
            "price": "296.84",
            "revenue": 92714
        },
        "2015-01": {
            "month": "2015-01",
            "price": "290.36",
            "revenue": 71323
        },
        "2015-02": {
            "month": "2015-02",
            "price": "252.42",
            "revenue": 81430
        },
        "2015-03": {
            "month": "2015-03",
            "price": "250.40",
            "revenue": 136558
        },
        "2015-04": {
            "month": "2015-04",
            "price": "232.15",
            "revenue": 78811
        },
        "2015-05": {
            "month": "2015-05",
            "price": "161.66",
            "revenue": 111890
        },
        "2015-06": {
            "month": "2015-06",
            "price": "146.22",
            "revenue": 86145
        },
        "2015-07": {
            "month": "2015-07",
            "price": "148.43",
            "revenue": 64090
        },
        "2015-08": {
            "month": "2015-08",
            "price": "114.74",
            "revenue": 104198
        },
        "2015-09": {
            "month": "2015-09",
            "price": "117.47",
            "revenue": 142146
        },
        "2015-10": {
            "month": "2015-10",
            "price": "115.79",
            "revenue": 90665
        },
        "2015-11": {
            "month": "2015-11",
            "price": "122.09",
            "revenue": 137306
        },
        "2015-12": {
            "month": "2015-12",
            "price": "149.55",
            "revenue": 100435
        },
        "2016-01": {
            "month": "2016-01",
            "price": "120.93",
            "revenue": 70962
        },
        "2016-02": {
            "month": "2016-02",
            "price": "133.06",
            "revenue": 75068
        },
        "2016-03": {
            "month": "2016-03",
            "price": "137.54",
            "revenue": 93649
        },
        "2016-04": {
            "month": "2016-04",
            "price": "135.51",
            "revenue": 57026
        },
        "2016-05": {
            "month": "2016-05",
            "price": "128.92",
            "revenue": 100706
        },
        "2016-06": {
            "month": "2016-06",
            "price": "128.79",
            "revenue": 64331
        },
        "2016-07": {
            "month": "2016-07",
            "price": "128.32",
            "revenue": 53627
        },
        "2016-08": {
            "month": "2016-08",
            "price": "95.17",
            "revenue": 120643
        },
        "2016-09": {
            "month": "2016-09",
            "price": "77.78",
            "revenue": 73845
        },
        "2016-10": {
            "month": "2016-10",
            "price": "87.04",
            "revenue": 68782
        },
        "2016-11": {
            "month": "2016-11",
            "price": "81.35",
            "revenue": 167651
        },
        "2016-12": {
            "month": "2016-12",
            "price": "75.43",
            "revenue": 102038
        },
        "2017-01": {
            "month": "2017-01",
            "price": "78.11",
            "revenue": 50367
        },
        "2017-02": {
            "month": "2017-02",
            "price": "77.13",
            "revenue": 121546
        },
        "2017-03": {
            "month": "2017-03",
            "price": "75.78",
            "revenue": 109730
        },
        "2017-04": {
            "month": "2017-04",
            "price": "74.58",
            "revenue": 74263
        },
        "2017-05": {
            "month": "2017-05",
            "price": "73.66",
            "revenue": 110943
        },
        "2017-06": {
            "month": "2017-06",
            "price": "71.19",
            "revenue": 88515
        },
        "2017-07": {
            "month": "2017-07",
            "price": "72.61",
            "revenue": 76515
        },
        "2017-08": {
            "month": "2017-08",
            "price": "68.97",
            "revenue": 154772
        },
        "2017-09": {
            "month": "2017-09",
            "price": "67.34",
            "revenue": 80292
        },
        "2017-10": {
            "month": "2017-10",
            "price": "65.13",
            "revenue": 92986
        },
        "2017-11": {
            "month": "2017-11",
            "price": "70.65",
            "revenue": 157769
        },
        "2017-12": {
            "month": "2017-12",
            "price": "70.63",
            "revenue": 94734
        },
        "2018-01": {
            "month": "2018-01",
            "price": "66.75",
            "revenue": 68746
        },
        "2018-02": {
            "month": "2018-02",
            "price": "53.82",
            "revenue": 103614
        },
        "2018-03": {
            "month": "2018-03",
            "price": "71.81",
            "revenue": 90433
        },
        "2018-04": {
            "month": "2018-04",
            "price": "119.75",
            "revenue": 76262
        },
        "2018-05": {
            "month": "2018-05",
            "price": "103.55",
            "revenue": 143852
        },
        "2018-06": {
            "month": "2018-06",
            "price": "99.86",
            "revenue": 129023
        },
        "2018-07": {
            "month": "2018-07",
            "price": "94.71",
            "revenue": 91027
        },
        "2018-08": {
            "month": "2018-08",
            "price": "105.56",
            "revenue": 160402
        },
        "2018-09": {
            "month": "2018-09",
            "price": "94.89",
            "revenue": 79647
        },
        "2018-10": {
            "month": "2018-10",
            "price": "73.35",
            "revenue": 153403
        },
        "2018-11": {
            "month": "2018-11",
            "price": "67.10",
            "revenue": 181423
        },
        "2018-12": {
            "month": "2018-12",
            "price": "73.05",
            "revenue": 129803
        },
        "2019-01": {
            "month": "2019-01",
            "price": "93.10",
            "revenue": 107061
        },
        "2019-02": {
            "month": "2019-02",
            "price": "105.35",
            "revenue": 143335
        },
        "2019-03": {
            "month": "2019-03",
            "price": "109.13",
            "revenue": 107026
        },
        "2019-04": {
            "month": "2019-04",
            "price": "100.38",
            "revenue": 140617
        },
        "2019-05": {
            "month": "2019-05",
            "price": "96.10",
            "revenue": 166661
        },
        "2019-06": {
            "month": "2019-06",
            "price": "91.43",
            "revenue": 93571
        },
        "2019-07": {
            "month": "2019-07",
            "price": "95.38",
            "revenue": 83666
        },
        "2019-08": {
            "month": "2019-08",
            "price": "87.02",
            "revenue": 164176
        },
        "2019-09": {
            "month": "2019-09",
            "price": "87.88",
            "revenue": 102949
        },
        "2019-10": {
            "month": "2019-10",
            "price": "87.27",
            "revenue": 106610
        },
        "2019-11": {
            "month": "2019-11",
            "price": "90.06",
            "revenue": 196841
        },
        "2019-12": {
            "month": "2019-12",
            "price": "88.25",
            "revenue": 161432
        },
        "2020-01": {
            "month": "2020-01",
            "price": "85.13",
            "revenue": 80004
        },
        "2020-02": {
            "month": "2020-02",
            "price": "80.15",
            "revenue": 163659
        },
        "2020-03": {
            "month": "2020-03",
            "price": "69.15",
            "revenue": 96943
        },
        "2020-04": {
            "month": "2020-04",
            "price": "93.58",
            "revenue": 97109
        },
        "2020-05": {
            "month": "2020-05",
            "price": "148.72",
            "revenue": 151948
        },
        "2020-06": {
            "month": "2020-06",
            "price": "132.10",
            "revenue": 79654
        },
        "2020-07": {
            "month": "2020-07",
            "price": "124.26",
            "revenue": 102966
        },
        "2020-08": {
            "month": "2020-08",
            "price": "122.50",
            "revenue": 166011
        },
        "2020-09": {
            "month": "2020-09",
            "price": "130.19",
            "revenue": 129161
        },
        "2020-10": {
            "month": "2020-10",
            "price": "115.42",
            "revenue": 115119
        },
        "2020-11": {
            "month": "2020-11",
            "price": "104.30",
            "revenue": 213950
        },
        "2020-12": {
            "month": "2020-12",
            "price": "87.89",
            "revenue": 172114
        },
        "2021-01": {
            "month": "2021-01",
            "price": "79.26",
            "revenue": 94467
        },
        "2021-02": {
            "month": "2021-02",
            "price": "79.73",
            "revenue": 168901
        },
        "2021-03": {
            "month": "2021-03",
            "price": "81.60",
            "revenue": 110681
        },
        "2021-04": {
            "month": "2021-04",
            "price": "79.32",
            "revenue": 99343
        },
        "2021-05": {
            "month": "2021-05",
            "price": "93.42",
            "revenue": 254243
        },
        "2021-06": {
            "month": "2021-06",
            "price": "108.20",
            "revenue": 179623
        },
        "2021-07": {
            "month": "2021-07",
            "price": "87.85",
            "revenue": 170936
        },
        "2021-08": {
            "month": "2021-08",
            "price": "79.24",
            "revenue": 217592
        },
        "2021-09": {
            "month": "2021-09",
            "price": "75.82",
            "revenue": 140839
        },
        "2021-10": {
            "month": "2021-10",
            "price": "67.23",
            "revenue": 114997
        },
        "2021-11": {
            "month": "2021-11",
            "price": "68.85",
            "revenue": 209988
        },
        "2021-12": {
            "month": "2021-12",
            "price": "70.50",
            "revenue": 139599
        },
        "2022-01": {
            "month": "2022-01",
            "price": "79.41",
            "revenue": 119666
        },
        "2022-02": {
            "month": "2022-02",
            "price": "97.44",
            "revenue": 194689
        },
        "2022-03": {
            "month": "2022-03",
            "price": "100.22",
            "revenue": 140211
        },
        "2022-04": {
            "month": "2022-04",
            "price": "132.21",
            "revenue": 183649
        },
        "2022-05": {
            "month": "2022-05",
            "price": "110.98",
            "revenue": 388449
        },
        "2022-06": {
            "month": "2022-06",
            "price": "102.27",
            "revenue": 242694
        },
        "2022-07": {
            "month": "2022-07",
            "price": "118.60",
            "revenue": 159290
        },
        "2022-08": {
            "month": "2022-08",
            "price": "132.00",
            "revenue": 345476
        },
        "2022-09": {
            "month": "2022-09",
            "price": "140.81",
            "revenue": 156797
        },
        "2022-10": {
            "month": "2022-10",
            "price": "143.48",
            "revenue": 111677
        },
        "2022-11": {
            "month": "2022-11",
            "price": "154.48",
            "revenue": 225616
        },
        "2022-12": {
            "month": "2022-12",
            "price": "176.05",
            "revenue": 130434
        },
        "2023-01": {
            "month": "2023-01",
            "price": "167.27",
            "revenue": 90013
        },
        "2023-02": {
            "month": "2023-02",
            "price": "169.42",
            "revenue": 198126
        },
        "2023-03": {
            "month": "2023-03",
            "price": "166.59",
            "revenue": 120390
        },
        "2023-04": {
            "month": "2023-04",
            "price": "171.03",
            "revenue": 118958
        },
        "2023-05": {
            "month": "2023-05",
            "price": "151.73",
            "revenue": 225334
        },
        "2023-06": {
            "month": "2023-06",
            "price": "139.15",
            "revenue": 125781
        },
        "2023-07": {
            "month": "2023-07",
            "price": "127.90",
            "revenue": 114909
        },
        "2023-08": {
            "month": "2023-08",
            "price": "103.55",
            "revenue": 244031
        },
        "2023-09": {
            "month": "2023-09",
            "price": "104.18",
            "revenue": 115669
        },
        "2023-10": {
            "month": "2023-10",
            "price": "102.02",
            "revenue": 141151
        },
        "2023-11": {
            "month": "2023-11",
            "price": "112.50",
            "revenue": 249977
        },
        "2023-12": {
            "month": "2023-12",
            "price": "112.71",
            "revenue": 137538
        }
    }
}
