{
    "summary": {
        "stock_name": "中化生",
        "stock_id": "1762",
        "category": "生技醫療",
        "main_business": "原料藥製造銷售",
        "website_url": "http://www.ccsb.com.tw",
        "ceo": "魏慶鵬",
        "pe_ratio": 13,
        "report_year_from": 2001,
        "report_year_to": 2023,
        "age": 23,
        "eps_negative_percentage": 0,
        "eps_growth_avg": {
            "last_all": -0.97,
            "last_2y": -20.34,
            "last_4y": -2.2,
            "last_8y": 16.77,
            "last_12y": 2.36,
            "last_16y": null,
            "last_20y": null,
            "at_2006_last_3y": null,
            "at_2007_last_3y": null,
            "at_2008_last_3y": null,
            "at_2009_last_3y": null,
            "at_2010_last_3y": null,
            "at_2011_last_3y": null,
            "at_2012_last_3y": null,
            "at_2013_last_3y": -19.92,
            "at_2014_last_3y": -30.07,
            "at_2015_last_3y": -6.64,
            "at_2016_last_3y": -27.53,
            "at_2017_last_3y": -5.72,
            "at_2018_last_3y": 40.48,
            "at_2019_last_3y": 2.98,
            "at_2020_last_3y": 48.08,
            "at_2021_last_3y": 31.34,
            "at_2022_last_3y": 10.45,
            "at_2023_last_3y": 9.75,
            "at_2024_last_3y": 9.75,
            "at_2006_last_all": null,
            "at_2007_last_all": null,
            "at_2008_last_all": null,
            "at_2009_last_all": null,
            "at_2010_last_all": null,
            "at_2011_last_all": -18.96,
            "at_2012_last_all": -11.58,
            "at_2013_last_all": -19.92,
            "at_2014_last_all": -32.9,
            "at_2015_last_all": -10.75,
            "at_2016_last_all": -20.7,
            "at_2017_last_all": -12.82,
            "at_2018_last_all": -0.29,
            "at_2019_last_all": -5.26,
            "at_2020_last_all": 4.31,
            "at_2021_last_all": 1.9,
            "at_2022_last_all": 3.02,
            "at_2023_last_all": -0.97,
            "at_2024_last_all": -0.97
        },
        "latest_eps": 3.74,
        "latest_price": 49.75,
        "latest_roe": 9.06,
        "latest_gross_margin": 29.98,
        "latest_equity": 3309977,
        "latest_revenue": 339064,
        "latest_gross_profit": 101645,
        "latest_net_income": 11834,
        "latest_debt_ratio": 34.28,
        "latest_current_ratio": 223.96,
        "latest_account_receivable_turnover_ratio": 1.08,
        "latest_inventory_turnover_ratio": 0.24,
        "latest_reinvestment_rate": 33.54,
        "latest_research_to_sale_ratio": 18.89
    },
    "eps_dividends": {
        "2001": {
            "cash": 0,
            "stock": 0,
            "eps": 0
        },
        "2002": {
            "cash": 0,
            "stock": 0,
            "eps": 0
        },
        "2003": {
            "cash": 0,
            "stock": 0,
            "eps": 0
        },
        "2004": {
            "cash": 0,
            "stock": 0,
            "eps": 0
        },
        "2005": {
            "cash": 0,
            "stock": 0,
            "eps": 0
        },
        "2006": {
            "cash": 0,
            "stock": 0,
            "eps": 0
        },
        "2007": {
            "cash": 0,
            "stock": 0,
            "eps": 0
        },
        "2008": {
            "cash": 0,
            "stock": 0,
            "eps": 0
        },
        "2009": {
            "cash": 0,
            "stock": 0,
            "eps": 3.71
        },
        "2010": {
            "cash": 2.5,
            "stock": 0,
            "eps": 2.07
        },
        "2011": {
            "cash": 3.5,
            "stock": 0,
            "eps": 2.2
        },
        "2012": {
            "cash": 0,
            "stock": 0,
            "eps": 2.27
        },
        "2013": {
            "cash": 1.5,
            "stock": 0,
            "eps": 1.25
        },
        "2014": {
            "cash": 1,
            "stock": 0,
            "eps": 0.19
        },
        "2015": {
            "cash": 0.5,
            "stock": 0,
            "eps": 3.98
        },
        "2016": {
            "cash": 1.5,
            "stock": 0,
            "eps": 0.78
        },
        "2017": {
            "cash": 0.5,
            "stock": 0,
            "eps": 1.11
        },
        "2018": {
            "cash": 0.5,
            "stock": 0,
            "eps": 3.02
        },
        "2019": {
            "cash": 1.2,
            "stock": 0,
            "eps": 1.51
        },
        "2020": {
            "cash": 0.8,
            "stock": 0,
            "eps": 6.86
        },
        "2021": {
            "cash": 1.5,
            "stock": 0,
            "eps": 5.17
        },
        "2022": {
            "cash": 1.3,
            "stock": 0,
            "eps": 6.02
        },
        "2023": {
            "cash": 1.3,
            "stock": 0,
            "eps": 2.84
        }
    },
    "dividends": {
        "2010-06-08": {
            "cash": 2.5,
            "stock": 0
        },
        "2011-01-01": {
            "cash": 1.5,
            "stock": 0
        },
        "2011-03-23": {
            "cash": 2,
            "stock": 0
        },
        "2013-03-06": {
            "cash": 1.5,
            "stock": 0
        },
        "2014-08-15": {
            "cash": 1,
            "stock": 0
        },
        "2015-08-14": {
            "cash": 0.5,
            "stock": 0
        },
        "2016-08-15": {
            "cash": 1.5,
            "stock": 0
        },
        "2017-08-15": {
            "cash": 0.5,
            "stock": 0
        },
        "2018-08-15": {
            "cash": 0.5,
            "stock": 0
        },
        "2019-08-15": {
            "cash": 1.2,
            "stock": 0
        },
        "2020-08-14": {
            "cash": 0.8,
            "stock": 0
        },
        "2021-08-18": {
            "cash": 1.5,
            "stock": 0
        },
        "2022-08-18": {
            "cash": 1.3,
            "stock": 0
        },
        "2023-08-18": {
            "cash": 1.3,
            "stock": 0
        }
    },
    "prices": {
        "200101": "無",
        "200102": "無",
        "200103": "無",
        "200104": "無",
        "200105": "無",
        "200106": "無",
        "200107": "無",
        "200108": "無",
        "200109": "無",
        "200110": "無",
        "200111": "無",
        "200112": "無",
        "200201": "無",
        "200202": "無",
        "200203": "無",
        "200204": "無",
        "200205": "無",
        "200206": "無",
        "200207": "無",
        "200208": "無",
        "200209": "無",
        "200210": "無",
        "200211": "無",
        "200212": "無",
        "200301": "無",
        "200302": "無",
        "200303": "無",
        "200304": "無",
        "200305": "無",
        "200306": "無",
        "200307": "無",
        "200308": "無",
        "200309": "無",
        "200310": "無",
        "200311": "無",
        "200312": "無",
        "200401": "無",
        "200402": "無",
        "200403": "無",
        "200404": "無",
        "200405": "無",
        "200406": "無",
        "200407": "無",
        "200408": "無",
        "200409": "無",
        "200410": "無",
        "200411": "無",
        "200412": "無",
        "200501": "無",
        "200502": "無",
        "200503": "無",
        "200504": "無",
        "200505": "無",
        "200506": "無",
        "200507": "無",
        "200508": "無",
        "200509": "無",
        "200510": "無",
        "200511": "無",
        "200512": "無",
        "200601": "無",
        "200602": "無",
        "200603": "無",
        "200604": "無",
        "200605": "無",
        "200606": "無",
        "200607": "無",
        "200608": "無",
        "200609": "無",
        "200610": "無",
        "200611": "無",
        "200612": "無",
        "200701": "無",
        "200702": "無",
        "200703": "無",
        "200704": "無",
        "200705": "無",
        "200706": "無",
        "200707": "無",
        "200708": "無",
        "200709": "無",
        "200710": "無",
        "200711": "無",
        "200712": "無",
        "200801": "無",
        "200802": "無",
        "200803": "無",
        "200804": "無",
        "200805": "無",
        "200806": "無",
        "200807": "無",
        "200808": "無",
        "200809": "無",
        "200810": "無",
        "200811": "無",
        "200812": "無",
        "200901": "無",
        "200902": "無",
        "200903": "無",
        "200904": "無",
        "200905": "無",
        "200906": "無",
        "200907": "無",
        "200908": "無",
        "200909": "無",
        "200910": "無",
        "200911": "無",
        "200912": "65.81",
        "201001": "63.36",
        "201002": "55.38",
        "201003": "59.31",
        "201004": "65.93",
        "201005": "62.51",
        "201006": "59.25",
        "201007": "59.74",
        "201008": "66.33",
        "201009": "70.92",
        "201010": "66.31",
        "201011": "65.62",
        "201012": "60.48",
        "201101": "65.20",
        "201102": "68.78",
        "201103": "67.24",
        "201104": "70.28",
        "201105": "82.34",
        "201106": "76.20",
        "201107": "80.68",
        "201108": "61.90",
        "201109": "52.57",
        "201110": "58.36",
        "201111": "56.89",
        "201112": "50.82",
        "201201": "50.74",
        "201202": "58.19",
        "201203": "56.11",
        "201204": "51.40",
        "201205": "50.45",
        "201206": "47.08",
        "201207": "47.92",
        "201208": "49.54",
        "201209": "55.34",
        "201210": "53.68",
        "201211": "48.55",
        "201212": "52.21",
        "201301": "51.66",
        "201302": "52.19",
        "201303": "51.61",
        "201304": "51.72",
        "201305": "49.18",
        "201306": "46.98",
        "201307": "46.74",
        "201308": "47.66",
        "201309": "52.56",
        "201310": "54.97",
        "201311": "53.13",
        "201312": "50.66",
        "201401": "50.34",
        "201402": "51.31",
        "201403": "51.18",
        "201404": "47.25",
        "201405": "44.22",
        "201406": "44.68",
        "201407": "44.05",
        "201408": "38.41",
        "201409": "36.48",
        "201410": "34.45",
        "201411": "32.55",
        "201412": "33.51",
        "201501": "33.36",
        "201502": "31.75",
        "201503": "31.82",
        "201504": "34.68",
        "201505": "33.46",
        "201506": "31.57",
        "201507": "33.20",
        "201508": "29.35",
        "201509": "29.80",
        "201510": "32.87",
        "201511": "36.05",
        "201512": "40.55",
        "201601": "39.14",
        "201602": "41.33",
        "201603": "39.30",
        "201604": "36.71",
        "201605": "33.88",
        "201606": "32.69",
        "201607": "31.49",
        "201608": "29.90",
        "201609": "29.67",
        "201610": "28.21",
        "201611": "26.43",
        "201612": "26.60",
        "201701": "27.22",
        "201702": "28.13",
        "201703": "27.85",
        "201704": "26.42",
        "201705": "24.73",
        "201706": "24.16",
        "201707": "23.86",
        "201708": "22.62",
        "201709": "22.55",
        "201710": "22.22",
        "201711": "24.43",
        "201712": "25.13",
        "201801": "25.62",
        "201802": "23.98",
        "201803": "24.84",
        "201804": "25.61",
        "201805": "24.78",
        "201806": "24.47",
        "201807": "24.99",
        "201808": "25.73",
        "201809": "24.43",
        "201810": "23.20",
        "201811": "21.66",
        "201812": "22.83",
        "201901": "23.57",
        "201902": "24.60",
        "201903": "24.79",
        "201904": "25.02",
        "201905": "25.03",
        "201906": "26.41",
        "201907": "36.49",
        "201908": "32.35",
        "201909": "33.27",
        "201910": "33.95",
        "201911": "35.97",
        "201912": "35.33",
        "202001": "35.81",
        "202002": "38.15",
        "202003": "35.00",
        "202004": "40.63",
        "202005": "61.85",
        "202006": "58.94",
        "202007": "56.73",
        "202008": "53.48",
        "202009": "64.29",
        "202010": "64.64",
        "202011": "64.93",
        "202012": "61.90",
        "202101": "56.43",
        "202102": "56.24",
        "202103": "58.09",
        "202104": "62.05",
        "202105": "63.40",
        "202106": "65.12",
        "202107": "63.03",
        "202108": "67.10",
        "202109": "79.96",
        "202110": "69.89",
        "202111": "63.32",
        "202112": "65.65",
        "202201": "64.43",
        "202202": "60.39",
        "202203": "53.77",
        "202204": "61.49",
        "202205": "58.54",
        "202206": "56.82",
        "202207": "55.37",
        "202208": "58.67",
        "202209": "56.46",
        "202210": "53.00",
        "202211": "55.99",
        "202212": "62.65",
        "202301": "61.80",
        "202302": "65.52",
        "202303": "72.86",
        "202304": "88.58",
        "202305": "94.75",
        "202306": "88.09",
        "202307": "82.14",
        "202308": "66.29",
        "202309": "60.66",
        "202310": "55.41",
        "202311": "56.45",
        "202312": "57.41"
    },
    "quarters": {
        "20011": {
            "year_quarter": 20011,
            "year": 2001,
            "quarter": 1,
            "eps": null,
            "eps_growth_year": null,
            "eps_4q": null,
            "eps_4q_growth_year": null,
            "roe": null,
            "roe_4q": 0,
            "gross_profit": null,
            "gross_margin": null,
            "gross_margin_4q_avg": 0,
            "net_income": null,
            "net_income_4q": null,
            "revenue": null,
            "revenue_4q": null,
            "common_shares": null,
            "book_valuer_per_share": null,
            "book_valuer_per_share_4q_avg": 0,
            "equity": null,
            "current_ratio": null,
            "debt_ratio": null,
            "inventory_turnover_ratio": null,
            "account_receivable_turnover_ratio": null,
            "reinvestment_rate": null,
            "research_to_sale_ratio": null,
            "price_fair": 0,
            "eps_avg_yearly": 0,
            "eps_latest_yearly": 0,
            "eps_growth_yearly": 0
        },
        "20012": {
            "year_quarter": 20012,
            "year": 2001,
            "quarter": 2,
            "eps": null,
            "eps_growth_year": null,
            "eps_4q": null,
            "eps_4q_growth_year": null,
            "roe": null,
            "roe_4q": 0,
            "gross_profit": null,
            "gross_margin": null,
            "gross_margin_4q_avg": 0,
            "net_income": null,
            "net_income_4q": null,
            "revenue": null,
            "revenue_4q": null,
            "common_shares": null,
            "book_valuer_per_share": null,
            "book_valuer_per_share_4q_avg": 0,
            "equity": null,
            "current_ratio": null,
            "debt_ratio": null,
            "inventory_turnover_ratio": null,
            "account_receivable_turnover_ratio": null,
            "reinvestment_rate": null,
            "research_to_sale_ratio": null,
            "price_fair": 0,
            "eps_avg_yearly": 0,
            "eps_latest_yearly": 0,
            "eps_growth_yearly": 0
        },
        "20013": {
            "year_quarter": 20013,
            "year": 2001,
            "quarter": 3,
            "eps": null,
            "eps_growth_year": null,
            "eps_4q": null,
            "eps_4q_growth_year": null,
            "roe": null,
            "roe_4q": 0,
            "gross_profit": null,
            "gross_margin": null,
            "gross_margin_4q_avg": 0,
            "net_income": null,
            "net_income_4q": null,
            "revenue": null,
            "revenue_4q": null,
            "common_shares": null,
            "book_valuer_per_share": null,
            "book_valuer_per_share_4q_avg": 0,
            "equity": null,
            "current_ratio": null,
            "debt_ratio": null,
            "inventory_turnover_ratio": null,
            "account_receivable_turnover_ratio": null,
            "reinvestment_rate": null,
            "research_to_sale_ratio": null,
            "price_fair": 0,
            "eps_avg_yearly": 0,
            "eps_latest_yearly": 0,
            "eps_growth_yearly": 0
        },
        "20014": {
            "year_quarter": 20014,
            "year": 2001,
            "quarter": 4,
            "eps": null,
            "eps_growth_year": null,
            "eps_4q": null,
            "eps_4q_growth_year": null,
            "roe": null,
            "roe_4q": 0,
            "gross_profit": null,
            "gross_margin": null,
            "gross_margin_4q_avg": 0,
            "net_income": null,
            "net_income_4q": null,
            "revenue": null,
            "revenue_4q": null,
            "common_shares": 920000,
            "book_valuer_per_share": 4.42,
            "book_valuer_per_share_4q_avg": 1.11,
            "equity": 406268,
            "current_ratio": 41.07,
            "debt_ratio": 78.16,
            "inventory_turnover_ratio": null,
            "account_receivable_turnover_ratio": null,
            "reinvestment_rate": null,
            "research_to_sale_ratio": null,
            "price_fair": 0,
            "eps_avg_yearly": 0,
            "eps_latest_yearly": 0,
            "eps_growth_yearly": 0
        },
        "20021": {
            "year_quarter": 20021,
            "year": 2002,
            "quarter": 1,
            "eps": null,
            "eps_growth_year": null,
            "eps_4q": null,
            "eps_4q_growth_year": null,
            "roe": null,
            "roe_4q": 0,
            "gross_profit": null,
            "gross_margin": null,
            "gross_margin_4q_avg": 0,
            "net_income": null,
            "net_income_4q": null,
            "revenue": null,
            "revenue_4q": null,
            "common_shares": null,
            "book_valuer_per_share": null,
            "book_valuer_per_share_4q_avg": 1.11,
            "equity": null,
            "current_ratio": null,
            "debt_ratio": null,
            "inventory_turnover_ratio": null,
            "account_receivable_turnover_ratio": null,
            "reinvestment_rate": null,
            "research_to_sale_ratio": null,
            "price_fair": 0,
            "eps_avg_yearly": 0,
            "eps_latest_yearly": 0,
            "eps_growth_yearly": 0
        },
        "20022": {
            "year_quarter": 20022,
            "year": 2002,
            "quarter": 2,
            "eps": null,
            "eps_growth_year": null,
            "eps_4q": null,
            "eps_4q_growth_year": null,
            "roe": null,
            "roe_4q": 0,
            "gross_profit": null,
            "gross_margin": null,
            "gross_margin_4q_avg": 0,
            "net_income": null,
            "net_income_4q": null,
            "revenue": null,
            "revenue_4q": null,
            "common_shares": null,
            "book_valuer_per_share": null,
            "book_valuer_per_share_4q_avg": 1.11,
            "equity": null,
            "current_ratio": null,
            "debt_ratio": null,
            "inventory_turnover_ratio": null,
            "account_receivable_turnover_ratio": null,
            "reinvestment_rate": null,
            "research_to_sale_ratio": null,
            "price_fair": 0,
            "eps_avg_yearly": 0,
            "eps_latest_yearly": 0,
            "eps_growth_yearly": 0
        },
        "20023": {
            "year_quarter": 20023,
            "year": 2002,
            "quarter": 3,
            "eps": null,
            "eps_growth_year": null,
            "eps_4q": null,
            "eps_4q_growth_year": null,
            "roe": null,
            "roe_4q": 0,
            "gross_profit": null,
            "gross_margin": null,
            "gross_margin_4q_avg": 0,
            "net_income": null,
            "net_income_4q": null,
            "revenue": null,
            "revenue_4q": null,
            "common_shares": null,
            "book_valuer_per_share": null,
            "book_valuer_per_share_4q_avg": 1.11,
            "equity": null,
            "current_ratio": null,
            "debt_ratio": null,
            "inventory_turnover_ratio": null,
            "account_receivable_turnover_ratio": null,
            "reinvestment_rate": null,
            "research_to_sale_ratio": null,
            "price_fair": 0,
            "eps_avg_yearly": 0,
            "eps_latest_yearly": 0,
            "eps_growth_yearly": 0
        },
        "20024": {
            "year_quarter": 20024,
            "year": 2002,
            "quarter": 4,
            "eps": null,
            "eps_growth_year": null,
            "eps_4q": null,
            "eps_4q_growth_year": null,
            "roe": null,
            "roe_4q": 0,
            "gross_profit": null,
            "gross_margin": null,
            "gross_margin_4q_avg": 0,
            "net_income": null,
            "net_income_4q": null,
            "revenue": null,
            "revenue_4q": null,
            "common_shares": 920000,
            "book_valuer_per_share": 3.61,
            "book_valuer_per_share_4q_avg": 0.9,
            "equity": 331817,
            "current_ratio": 34.25,
            "debt_ratio": 82.74,
            "inventory_turnover_ratio": null,
            "account_receivable_turnover_ratio": null,
            "reinvestment_rate": null,
            "research_to_sale_ratio": null,
            "price_fair": 0,
            "eps_avg_yearly": 0,
            "eps_latest_yearly": 0,
            "eps_growth_yearly": 0
        },
        "20031": {
            "year_quarter": 20031,
            "year": 2003,
            "quarter": 1,
            "eps": null,
            "eps_growth_year": null,
            "eps_4q": null,
            "eps_4q_growth_year": null,
            "roe": null,
            "roe_4q": 0,
            "gross_profit": null,
            "gross_margin": null,
            "gross_margin_4q_avg": 0,
            "net_income": null,
            "net_income_4q": null,
            "revenue": null,
            "revenue_4q": null,
            "common_shares": null,
            "book_valuer_per_share": null,
            "book_valuer_per_share_4q_avg": 0.9,
            "equity": null,
            "current_ratio": null,
            "debt_ratio": null,
            "inventory_turnover_ratio": null,
            "account_receivable_turnover_ratio": null,
            "reinvestment_rate": null,
            "research_to_sale_ratio": null,
            "price_fair": 0,
            "eps_avg_yearly": 0,
            "eps_latest_yearly": 0,
            "eps_growth_yearly": 0
        },
        "20032": {
            "year_quarter": 20032,
            "year": 2003,
            "quarter": 2,
            "eps": null,
            "eps_growth_year": null,
            "eps_4q": null,
            "eps_4q_growth_year": null,
            "roe": null,
            "roe_4q": 0,
            "gross_profit": null,
            "gross_margin": null,
            "gross_margin_4q_avg": 0,
            "net_income": null,
            "net_income_4q": null,
            "revenue": null,
            "revenue_4q": null,
            "common_shares": null,
            "book_valuer_per_share": null,
            "book_valuer_per_share_4q_avg": 0.9,
            "equity": null,
            "current_ratio": null,
            "debt_ratio": null,
            "inventory_turnover_ratio": null,
            "account_receivable_turnover_ratio": null,
            "reinvestment_rate": null,
            "research_to_sale_ratio": null,
            "price_fair": 0,
            "eps_avg_yearly": 0,
            "eps_latest_yearly": 0,
            "eps_growth_yearly": 0
        },
        "20033": {
            "year_quarter": 20033,
            "year": 2003,
            "quarter": 3,
            "eps": null,
            "eps_growth_year": null,
            "eps_4q": null,
            "eps_4q_growth_year": null,
            "roe": null,
            "roe_4q": 0,
            "gross_profit": null,
            "gross_margin": null,
            "gross_margin_4q_avg": 0,
            "net_income": null,
            "net_income_4q": null,
            "revenue": null,
            "revenue_4q": null,
            "common_shares": null,
            "book_valuer_per_share": null,
            "book_valuer_per_share_4q_avg": 0.9,
            "equity": null,
            "current_ratio": null,
            "debt_ratio": null,
            "inventory_turnover_ratio": null,
            "account_receivable_turnover_ratio": null,
            "reinvestment_rate": null,
            "research_to_sale_ratio": null,
            "price_fair": 0,
            "eps_avg_yearly": 0,
            "eps_latest_yearly": 0,
            "eps_growth_yearly": 0
        },
        "20034": {
            "year_quarter": 20034,
            "year": 2003,
            "quarter": 4,
            "eps": null,
            "eps_growth_year": null,
            "eps_4q": null,
            "eps_4q_growth_year": null,
            "roe": null,
            "roe_4q": 0,
            "gross_profit": null,
            "gross_margin": null,
            "gross_margin_4q_avg": 0,
            "net_income": null,
            "net_income_4q": null,
            "revenue": null,
            "revenue_4q": null,
            "common_shares": 652000,
            "book_valuer_per_share": 9.13,
            "book_valuer_per_share_4q_avg": 2.28,
            "equity": 595109,
            "current_ratio": 56.53,
            "debt_ratio": 72.8,
            "inventory_turnover_ratio": null,
            "account_receivable_turnover_ratio": null,
            "reinvestment_rate": null,
            "research_to_sale_ratio": null,
            "price_fair": 0,
            "eps_avg_yearly": 0,
            "eps_latest_yearly": 0,
            "eps_growth_yearly": 0
        },
        "20041": {
            "year_quarter": 20041,
            "year": 2004,
            "quarter": 1,
            "eps": null,
            "eps_growth_year": null,
            "eps_4q": null,
            "eps_4q_growth_year": null,
            "roe": null,
            "roe_4q": 0,
            "gross_profit": null,
            "gross_margin": null,
            "gross_margin_4q_avg": 0,
            "net_income": null,
            "net_income_4q": null,
            "revenue": null,
            "revenue_4q": null,
            "common_shares": null,
            "book_valuer_per_share": null,
            "book_valuer_per_share_4q_avg": 2.28,
            "equity": null,
            "current_ratio": null,
            "debt_ratio": null,
            "inventory_turnover_ratio": null,
            "account_receivable_turnover_ratio": null,
            "reinvestment_rate": null,
            "research_to_sale_ratio": null,
            "price_fair": 0,
            "eps_avg_yearly": 0,
            "eps_latest_yearly": 0,
            "eps_growth_yearly": 0
        },
        "20042": {
            "year_quarter": 20042,
            "year": 2004,
            "quarter": 2,
            "eps": null,
            "eps_growth_year": null,
            "eps_4q": null,
            "eps_4q_growth_year": null,
            "roe": null,
            "roe_4q": 0,
            "gross_profit": null,
            "gross_margin": null,
            "gross_margin_4q_avg": 0,
            "net_income": null,
            "net_income_4q": null,
            "revenue": null,
            "revenue_4q": null,
            "common_shares": null,
            "book_valuer_per_share": null,
            "book_valuer_per_share_4q_avg": 2.28,
            "equity": null,
            "current_ratio": null,
            "debt_ratio": null,
            "inventory_turnover_ratio": null,
            "account_receivable_turnover_ratio": null,
            "reinvestment_rate": null,
            "research_to_sale_ratio": null,
            "price_fair": 0,
            "eps_avg_yearly": 0,
            "eps_latest_yearly": 0,
            "eps_growth_yearly": 0
        },
        "20043": {
            "year_quarter": 20043,
            "year": 2004,
            "quarter": 3,
            "eps": null,
            "eps_growth_year": null,
            "eps_4q": null,
            "eps_4q_growth_year": null,
            "roe": null,
            "roe_4q": 0,
            "gross_profit": null,
            "gross_margin": null,
            "gross_margin_4q_avg": 0,
            "net_income": null,
            "net_income_4q": null,
            "revenue": null,
            "revenue_4q": null,
            "common_shares": null,
            "book_valuer_per_share": null,
            "book_valuer_per_share_4q_avg": 2.28,
            "equity": null,
            "current_ratio": null,
            "debt_ratio": null,
            "inventory_turnover_ratio": null,
            "account_receivable_turnover_ratio": null,
            "reinvestment_rate": null,
            "research_to_sale_ratio": null,
            "price_fair": 0,
            "eps_avg_yearly": 0,
            "eps_latest_yearly": 0,
            "eps_growth_yearly": 0
        },
        "20044": {
            "year_quarter": 20044,
            "year": 2004,
            "quarter": 4,
            "eps": null,
            "eps_growth_year": null,
            "eps_4q": null,
            "eps_4q_growth_year": null,
            "roe": null,
            "roe_4q": 0,
            "gross_profit": null,
            "gross_margin": null,
            "gross_margin_4q_avg": 0,
            "net_income": null,
            "net_income_4q": null,
            "revenue": null,
            "revenue_4q": null,
            "common_shares": 652000,
            "book_valuer_per_share": 7.82,
            "book_valuer_per_share_4q_avg": 1.96,
            "equity": 510151,
            "current_ratio": 67.76,
            "debt_ratio": 76.09,
            "inventory_turnover_ratio": null,
            "account_receivable_turnover_ratio": null,
            "reinvestment_rate": null,
            "research_to_sale_ratio": null,
            "price_fair": 0,
            "eps_avg_yearly": 0,
            "eps_latest_yearly": 0,
            "eps_growth_yearly": 0
        },
        "20051": {
            "year_quarter": 20051,
            "year": 2005,
            "quarter": 1,
            "eps": null,
            "eps_growth_year": null,
            "eps_4q": null,
            "eps_4q_growth_year": null,
            "roe": null,
            "roe_4q": 0,
            "gross_profit": null,
            "gross_margin": null,
            "gross_margin_4q_avg": 0,
            "net_income": null,
            "net_income_4q": null,
            "revenue": null,
            "revenue_4q": null,
            "common_shares": null,
            "book_valuer_per_share": null,
            "book_valuer_per_share_4q_avg": 1.96,
            "equity": null,
            "current_ratio": null,
            "debt_ratio": null,
            "inventory_turnover_ratio": null,
            "account_receivable_turnover_ratio": null,
            "reinvestment_rate": null,
            "research_to_sale_ratio": null,
            "price_fair": 0,
            "eps_avg_yearly": 0,
            "eps_latest_yearly": 0,
            "eps_growth_yearly": 0
        },
        "20052": {
            "year_quarter": 20052,
            "year": 2005,
            "quarter": 2,
            "eps": null,
            "eps_growth_year": null,
            "eps_4q": null,
            "eps_4q_growth_year": null,
            "roe": null,
            "roe_4q": 0,
            "gross_profit": null,
            "gross_margin": null,
            "gross_margin_4q_avg": 0,
            "net_income": null,
            "net_income_4q": null,
            "revenue": null,
            "revenue_4q": null,
            "common_shares": null,
            "book_valuer_per_share": null,
            "book_valuer_per_share_4q_avg": 1.96,
            "equity": null,
            "current_ratio": null,
            "debt_ratio": null,
            "inventory_turnover_ratio": null,
            "account_receivable_turnover_ratio": null,
            "reinvestment_rate": null,
            "research_to_sale_ratio": null,
            "price_fair": 0,
            "eps_avg_yearly": 0,
            "eps_latest_yearly": 0,
            "eps_growth_yearly": 0
        },
        "20053": {
            "year_quarter": 20053,
            "year": 2005,
            "quarter": 3,
            "eps": null,
            "eps_growth_year": null,
            "eps_4q": null,
            "eps_4q_growth_year": null,
            "roe": null,
            "roe_4q": 0,
            "gross_profit": null,
            "gross_margin": null,
            "gross_margin_4q_avg": 0,
            "net_income": null,
            "net_income_4q": null,
            "revenue": null,
            "revenue_4q": null,
            "common_shares": null,
            "book_valuer_per_share": null,
            "book_valuer_per_share_4q_avg": 1.96,
            "equity": null,
            "current_ratio": null,
            "debt_ratio": null,
            "inventory_turnover_ratio": null,
            "account_receivable_turnover_ratio": null,
            "reinvestment_rate": null,
            "research_to_sale_ratio": null,
            "price_fair": 0,
            "eps_avg_yearly": 0,
            "eps_latest_yearly": 0,
            "eps_growth_yearly": 0
        },
        "20054": {
            "year_quarter": 20054,
            "year": 2005,
            "quarter": 4,
            "eps": null,
            "eps_growth_year": null,
            "eps_4q": null,
            "eps_4q_growth_year": null,
            "roe": null,
            "roe_4q": 0,
            "gross_profit": null,
            "gross_margin": null,
            "gross_margin_4q_avg": 0,
            "net_income": null,
            "net_income_4q": null,
            "revenue": null,
            "revenue_4q": null,
            "common_shares": 652000,
            "book_valuer_per_share": 9.41,
            "book_valuer_per_share_4q_avg": 2.35,
            "equity": 639313,
            "current_ratio": 54.15,
            "debt_ratio": 70.59,
            "inventory_turnover_ratio": null,
            "account_receivable_turnover_ratio": null,
            "reinvestment_rate": null,
            "research_to_sale_ratio": null,
            "price_fair": 0,
            "eps_avg_yearly": 0,
            "eps_latest_yearly": 0,
            "eps_growth_yearly": 0
        },
        "20061": {
            "year_quarter": 20061,
            "year": 2006,
            "quarter": 1,
            "eps": null,
            "eps_growth_year": null,
            "eps_4q": null,
            "eps_4q_growth_year": null,
            "roe": null,
            "roe_4q": 0,
            "gross_profit": null,
            "gross_margin": null,
            "gross_margin_4q_avg": 0,
            "net_income": null,
            "net_income_4q": null,
            "revenue": null,
            "revenue_4q": null,
            "common_shares": null,
            "book_valuer_per_share": null,
            "book_valuer_per_share_4q_avg": 2.35,
            "equity": null,
            "current_ratio": null,
            "debt_ratio": null,
            "inventory_turnover_ratio": null,
            "account_receivable_turnover_ratio": null,
            "reinvestment_rate": null,
            "research_to_sale_ratio": null,
            "price_fair": 0,
            "eps_avg_yearly": 0,
            "eps_latest_yearly": 0,
            "eps_growth_yearly": 0
        },
        "20062": {
            "year_quarter": 20062,
            "year": 2006,
            "quarter": 2,
            "eps": null,
            "eps_growth_year": null,
            "eps_4q": null,
            "eps_4q_growth_year": null,
            "roe": null,
            "roe_4q": 0,
            "gross_profit": null,
            "gross_margin": null,
            "gross_margin_4q_avg": 0,
            "net_income": null,
            "net_income_4q": null,
            "revenue": null,
            "revenue_4q": null,
            "common_shares": null,
            "book_valuer_per_share": null,
            "book_valuer_per_share_4q_avg": 2.35,
            "equity": null,
            "current_ratio": null,
            "debt_ratio": null,
            "inventory_turnover_ratio": null,
            "account_receivable_turnover_ratio": null,
            "reinvestment_rate": null,
            "research_to_sale_ratio": null,
            "price_fair": 0,
            "eps_avg_yearly": 0,
            "eps_latest_yearly": 0,
            "eps_growth_yearly": 0
        },
        "20063": {
            "year_quarter": 20063,
            "year": 2006,
            "quarter": 3,
            "eps": null,
            "eps_growth_year": null,
            "eps_4q": null,
            "eps_4q_growth_year": null,
            "roe": null,
            "roe_4q": 0,
            "gross_profit": null,
            "gross_margin": null,
            "gross_margin_4q_avg": 0,
            "net_income": null,
            "net_income_4q": null,
            "revenue": null,
            "revenue_4q": null,
            "common_shares": null,
            "book_valuer_per_share": null,
            "book_valuer_per_share_4q_avg": 2.35,
            "equity": null,
            "current_ratio": null,
            "debt_ratio": null,
            "inventory_turnover_ratio": null,
            "account_receivable_turnover_ratio": null,
            "reinvestment_rate": null,
            "research_to_sale_ratio": null,
            "price_fair": 0,
            "eps_avg_yearly": 0,
            "eps_latest_yearly": 0,
            "eps_growth_yearly": 0
        },
        "20064": {
            "year_quarter": 20064,
            "year": 2006,
            "quarter": 4,
            "eps": null,
            "eps_growth_year": null,
            "eps_4q": null,
            "eps_4q_growth_year": null,
            "roe": null,
            "roe_4q": 0,
            "gross_profit": null,
            "gross_margin": null,
            "gross_margin_4q_avg": 0,
            "net_income": null,
            "net_income_4q": null,
            "revenue": null,
            "revenue_4q": null,
            "common_shares": 652000,
            "book_valuer_per_share": 10.17,
            "book_valuer_per_share_4q_avg": 2.54,
            "equity": 690349,
            "current_ratio": 58.77,
            "debt_ratio": 66.91,
            "inventory_turnover_ratio": null,
            "account_receivable_turnover_ratio": null,
            "reinvestment_rate": null,
            "research_to_sale_ratio": null,
            "price_fair": 0,
            "eps_avg_yearly": 0,
            "eps_latest_yearly": 0,
            "eps_growth_yearly": 0
        },
        "20071": {
            "year_quarter": 20071,
            "year": 2007,
            "quarter": 1,
            "eps": null,
            "eps_growth_year": null,
            "eps_4q": null,
            "eps_4q_growth_year": null,
            "roe": null,
            "roe_4q": 0,
            "gross_profit": null,
            "gross_margin": null,
            "gross_margin_4q_avg": 0,
            "net_income": null,
            "net_income_4q": null,
            "revenue": null,
            "revenue_4q": null,
            "common_shares": null,
            "book_valuer_per_share": null,
            "book_valuer_per_share_4q_avg": 2.54,
            "equity": null,
            "current_ratio": null,
            "debt_ratio": null,
            "inventory_turnover_ratio": null,
            "account_receivable_turnover_ratio": null,
            "reinvestment_rate": null,
            "research_to_sale_ratio": null,
            "price_fair": 0,
            "eps_avg_yearly": 0,
            "eps_latest_yearly": 0,
            "eps_growth_yearly": 0
        },
        "20072": {
            "year_quarter": 20072,
            "year": 2007,
            "quarter": 2,
            "eps": null,
            "eps_growth_year": null,
            "eps_4q": null,
            "eps_4q_growth_year": null,
            "roe": null,
            "roe_4q": 0,
            "gross_profit": null,
            "gross_margin": null,
            "gross_margin_4q_avg": 0,
            "net_income": null,
            "net_income_4q": null,
            "revenue": null,
            "revenue_4q": null,
            "common_shares": null,
            "book_valuer_per_share": null,
            "book_valuer_per_share_4q_avg": 2.54,
            "equity": null,
            "current_ratio": null,
            "debt_ratio": null,
            "inventory_turnover_ratio": null,
            "account_receivable_turnover_ratio": null,
            "reinvestment_rate": null,
            "research_to_sale_ratio": null,
            "price_fair": 0,
            "eps_avg_yearly": 0,
            "eps_latest_yearly": 0,
            "eps_growth_yearly": 0
        },
        "20073": {
            "year_quarter": 20073,
            "year": 2007,
            "quarter": 3,
            "eps": null,
            "eps_growth_year": null,
            "eps_4q": null,
            "eps_4q_growth_year": null,
            "roe": null,
            "roe_4q": 0,
            "gross_profit": null,
            "gross_margin": null,
            "gross_margin_4q_avg": 0,
            "net_income": null,
            "net_income_4q": null,
            "revenue": null,
            "revenue_4q": null,
            "common_shares": null,
            "book_valuer_per_share": null,
            "book_valuer_per_share_4q_avg": 2.54,
            "equity": null,
            "current_ratio": null,
            "debt_ratio": null,
            "inventory_turnover_ratio": null,
            "account_receivable_turnover_ratio": null,
            "reinvestment_rate": null,
            "research_to_sale_ratio": null,
            "price_fair": 0,
            "eps_avg_yearly": 0,
            "eps_latest_yearly": 0,
            "eps_growth_yearly": 0
        },
        "20074": {
            "year_quarter": 20074,
            "year": 2007,
            "quarter": 4,
            "eps": null,
            "eps_growth_year": null,
            "eps_4q": null,
            "eps_4q_growth_year": null,
            "roe": null,
            "roe_4q": 0,
            "gross_profit": null,
            "gross_margin": null,
            "gross_margin_4q_avg": 0,
            "net_income": null,
            "net_income_4q": null,
            "revenue": null,
            "revenue_4q": null,
            "common_shares": 652000,
            "book_valuer_per_share": 10.7,
            "book_valuer_per_share_4q_avg": 2.68,
            "equity": 725172,
            "current_ratio": 57.92,
            "debt_ratio": 66.52,
            "inventory_turnover_ratio": null,
            "account_receivable_turnover_ratio": null,
            "reinvestment_rate": null,
            "research_to_sale_ratio": null,
            "price_fair": 0,
            "eps_avg_yearly": 0,
            "eps_latest_yearly": 0,
            "eps_growth_yearly": 0
        },
        "20081": {
            "year_quarter": 20081,
            "year": 2008,
            "quarter": 1,
            "eps": null,
            "eps_growth_year": null,
            "eps_4q": null,
            "eps_4q_growth_year": null,
            "roe": null,
            "roe_4q": 0,
            "gross_profit": null,
            "gross_margin": null,
            "gross_margin_4q_avg": 0,
            "net_income": null,
            "net_income_4q": null,
            "revenue": null,
            "revenue_4q": null,
            "common_shares": null,
            "book_valuer_per_share": null,
            "book_valuer_per_share_4q_avg": 2.68,
            "equity": null,
            "current_ratio": null,
            "debt_ratio": null,
            "inventory_turnover_ratio": null,
            "account_receivable_turnover_ratio": null,
            "reinvestment_rate": null,
            "research_to_sale_ratio": null,
            "price_fair": 0,
            "eps_avg_yearly": 0,
            "eps_latest_yearly": 0,
            "eps_growth_yearly": 0
        },
        "20082": {
            "year_quarter": 20082,
            "year": 2008,
            "quarter": 2,
            "eps": null,
            "eps_growth_year": null,
            "eps_4q": null,
            "eps_4q_growth_year": null,
            "roe": null,
            "roe_4q": 0,
            "gross_profit": null,
            "gross_margin": null,
            "gross_margin_4q_avg": 0,
            "net_income": null,
            "net_income_4q": null,
            "revenue": null,
            "revenue_4q": null,
            "common_shares": null,
            "book_valuer_per_share": null,
            "book_valuer_per_share_4q_avg": 2.68,
            "equity": null,
            "current_ratio": null,
            "debt_ratio": null,
            "inventory_turnover_ratio": null,
            "account_receivable_turnover_ratio": null,
            "reinvestment_rate": null,
            "research_to_sale_ratio": null,
            "price_fair": 0,
            "eps_avg_yearly": 0,
            "eps_latest_yearly": 0,
            "eps_growth_yearly": 0
        },
        "20083": {
            "year_quarter": 20083,
            "year": 2008,
            "quarter": 3,
            "eps": null,
            "eps_growth_year": null,
            "eps_4q": null,
            "eps_4q_growth_year": null,
            "roe": null,
            "roe_4q": 0,
            "gross_profit": null,
            "gross_margin": null,
            "gross_margin_4q_avg": 0,
            "net_income": null,
            "net_income_4q": null,
            "revenue": null,
            "revenue_4q": null,
            "common_shares": null,
            "book_valuer_per_share": null,
            "book_valuer_per_share_4q_avg": 2.68,
            "equity": null,
            "current_ratio": null,
            "debt_ratio": null,
            "inventory_turnover_ratio": null,
            "account_receivable_turnover_ratio": null,
            "reinvestment_rate": null,
            "research_to_sale_ratio": null,
            "price_fair": 0,
            "eps_avg_yearly": 0,
            "eps_latest_yearly": 0,
            "eps_growth_yearly": 0
        },
        "20084": {
            "year_quarter": 20084,
            "year": 2008,
            "quarter": 4,
            "eps": null,
            "eps_growth_year": null,
            "eps_4q": null,
            "eps_4q_growth_year": null,
            "roe": null,
            "roe_4q": 0,
            "gross_profit": null,
            "gross_margin": null,
            "gross_margin_4q_avg": 0,
            "net_income": null,
            "net_income_4q": null,
            "revenue": null,
            "revenue_4q": null,
            "common_shares": 652000,
            "book_valuer_per_share": 12.41,
            "book_valuer_per_share_4q_avg": 3.1,
            "equity": 837533,
            "current_ratio": 102.92,
            "debt_ratio": 63.22,
            "inventory_turnover_ratio": null,
            "account_receivable_turnover_ratio": null,
            "reinvestment_rate": null,
            "research_to_sale_ratio": null,
            "price_fair": 0,
            "eps_avg_yearly": 0,
            "eps_latest_yearly": 0,
            "eps_growth_yearly": 0
        },
        "20091": {
            "year_quarter": 20091,
            "year": 2009,
            "quarter": 1,
            "eps": 1.89,
            "eps_growth_year": null,
            "eps_4q": null,
            "eps_4q_growth_year": null,
            "roe": 13.9,
            "roe_4q": 13.9,
            "gross_profit": 180164,
            "gross_margin": 46.79,
            "gross_margin_4q_avg": 11.7,
            "net_income": 122950,
            "net_income_4q": null,
            "revenue": 385085,
            "revenue_4q": null,
            "common_shares": 652000,
            "book_valuer_per_share": 14.29,
            "book_valuer_per_share_4q_avg": 6.68,
            "equity": 931887,
            "current_ratio": 123.22,
            "debt_ratio": 59.51,
            "inventory_turnover_ratio": 0.79,
            "account_receivable_turnover_ratio": 2.62,
            "reinvestment_rate": null,
            "research_to_sale_ratio": null,
            "price_fair": 0,
            "eps_avg_yearly": 0,
            "eps_latest_yearly": 0,
            "eps_growth_yearly": 0
        },
        "20092": {
            "year_quarter": 20092,
            "year": 2009,
            "quarter": 2,
            "eps": 0.57,
            "eps_growth_year": null,
            "eps_4q": null,
            "eps_4q_growth_year": null,
            "roe": 3.87,
            "roe_4q": 17.77,
            "gross_profit": 81645,
            "gross_margin": 39.8,
            "gross_margin_4q_avg": 21.65,
            "net_income": 37396,
            "net_income_4q": null,
            "revenue": 205123,
            "revenue_4q": null,
            "common_shares": 652000,
            "book_valuer_per_share": 15.33,
            "book_valuer_per_share_4q_avg": 10.51,
            "equity": 999690,
            "current_ratio": 143.59,
            "debt_ratio": 53.22,
            "inventory_turnover_ratio": 0.48,
            "account_receivable_turnover_ratio": 2.84,
            "reinvestment_rate": null,
            "research_to_sale_ratio": null,
            "price_fair": 6.84,
            "eps_avg_yearly": 2.28,
            "eps_latest_yearly": 2.28,
            "eps_growth_yearly": -279.37
        },
        "20093": {
            "year_quarter": 20093,
            "year": 2009,
            "quarter": 3,
            "eps": 0.4,
            "eps_growth_year": null,
            "eps_4q": null,
            "eps_4q_growth_year": null,
            "roe": 2.55,
            "roe_4q": 20.32,
            "gross_profit": 89322,
            "gross_margin": 41.09,
            "gross_margin_4q_avg": 31.92,
            "net_income": 27017,
            "net_income_4q": null,
            "revenue": 217392,
            "revenue_4q": null,
            "common_shares": 702000,
            "book_valuer_per_share": 15.45,
            "book_valuer_per_share_4q_avg": 14.37,
            "equity": 1115836,
            "current_ratio": 97.02,
            "debt_ratio": 48.18,
            "inventory_turnover_ratio": 0.48,
            "account_receivable_turnover_ratio": 2.34,
            "reinvestment_rate": null,
            "research_to_sale_ratio": null,
            "price_fair": 5.82,
            "eps_avg_yearly": 1.94,
            "eps_latest_yearly": 1.6,
            "eps_growth_yearly": -199.33
        },
        "20094": {
            "year_quarter": 20094,
            "year": 2009,
            "quarter": 4,
            "eps": 0.85,
            "eps_growth_year": null,
            "eps_4q": 3.49,
            "eps_4q_growth_year": null,
            "roe": 5.01,
            "roe_4q": 25.33,
            "gross_profit": 165725,
            "gross_margin": 51.85,
            "gross_margin_4q_avg": 44.88,
            "net_income": 57887,
            "net_income_4q": null,
            "revenue": 319635,
            "revenue_4q": null,
            "common_shares": 702000,
            "book_valuer_per_share": 16.59,
            "book_valuer_per_share_4q_avg": 15.42,
            "equity": 1194288,
            "current_ratio": 111.44,
            "debt_ratio": 48.35,
            "inventory_turnover_ratio": 0.52,
            "account_receivable_turnover_ratio": 5.46,
            "reinvestment_rate": null,
            "research_to_sale_ratio": null,
            "price_fair": 65.79,
            "eps_avg_yearly": 2.43,
            "eps_latest_yearly": 3.4,
            "eps_growth_yearly": 17.11
        },
        "20101": {
            "year_quarter": 20101,
            "year": 2010,
            "quarter": 1,
            "eps": null,
            "eps_growth_year": null,
            "eps_4q": null,
            "eps_4q_growth_year": null,
            "roe": null,
            "roe_4q": 11.43,
            "gross_profit": 97422,
            "gross_margin": null,
            "gross_margin_4q_avg": 33.19,
            "net_income": 37755,
            "net_income_4q": null,
            "revenue": 279975,
            "revenue_4q": null,
            "common_shares": 702000,
            "book_valuer_per_share": 16.9,
            "book_valuer_per_share_4q_avg": 16.07,
            "equity": 1216415,
            "current_ratio": 102.65,
            "debt_ratio": 45.48,
            "inventory_turnover_ratio": null,
            "account_receivable_turnover_ratio": null,
            "reinvestment_rate": null,
            "research_to_sale_ratio": null,
            "price_fair": 65.79,
            "eps_avg_yearly": 2.43,
            "eps_latest_yearly": 3.4,
            "eps_growth_yearly": 17.11
        },
        "20102": {
            "year_quarter": 20102,
            "year": 2010,
            "quarter": 2,
            "eps": 0.61,
            "eps_growth_year": 6.26,
            "eps_4q": 1.81,
            "eps_4q_growth_year": null,
            "roe": 3.71,
            "roe_4q": 11.27,
            "gross_profit": 121494,
            "gross_margin": 39.57,
            "gross_margin_4q_avg": 33.13,
            "net_income": 42518,
            "net_income_4q": null,
            "revenue": 307055,
            "revenue_4q": null,
            "common_shares": 702000,
            "book_valuer_per_share": 14.88,
            "book_valuer_per_share_4q_avg": 15.96,
            "equity": 1075199,
            "current_ratio": 83.88,
            "debt_ratio": 51.36,
            "inventory_turnover_ratio": 0.55,
            "account_receivable_turnover_ratio": 3.44,
            "reinvestment_rate": null,
            "research_to_sale_ratio": null,
            "price_fair": 65.79,
            "eps_avg_yearly": 2.43,
            "eps_latest_yearly": 3.4,
            "eps_growth_yearly": 17.11
        },
        "20103": {
            "year_quarter": 20103,
            "year": 2010,
            "quarter": 3,
            "eps": 0.69,
            "eps_growth_year": 71.99,
            "eps_4q": 2.12,
            "eps_4q_growth_year": null,
            "roe": 4.37,
            "roe_4q": 13.09,
            "gross_profit": 123849,
            "gross_margin": 39.95,
            "gross_margin_4q_avg": 32.84,
            "net_income": 48837,
            "net_income_4q": null,
            "revenue": 310001,
            "revenue_4q": null,
            "common_shares": 702000,
            "book_valuer_per_share": 16.07,
            "book_valuer_per_share_4q_avg": 16.11,
            "equity": 1159835,
            "current_ratio": 72.48,
            "debt_ratio": 47.03,
            "inventory_turnover_ratio": 0.59,
            "account_receivable_turnover_ratio": 1.9,
            "reinvestment_rate": null,
            "research_to_sale_ratio": 7.42,
            "price_fair": 87.85,
            "eps_avg_yearly": 2.51,
            "eps_latest_yearly": 2.76,
            "eps_growth_yearly": 25.95
        },
        "20104": {
            "year_quarter": 20104,
            "year": 2010,
            "quarter": 4,
            "eps": 0.77,
            "eps_growth_year": -9.8,
            "eps_4q": 1.94,
            "eps_4q_growth_year": -44.51,
            "roe": 8.44,
            "roe_4q": 16.52,
            "gross_profit": 109125,
            "gross_margin": 36.35,
            "gross_margin_4q_avg": 28.97,
            "net_income": 119938,
            "net_income_4q": null,
            "revenue": 300212,
            "revenue_4q": null,
            "common_shares": 775600,
            "book_valuer_per_share": 20.62,
            "book_valuer_per_share_4q_avg": 17.12,
            "equity": 1682690,
            "current_ratio": 182.02,
            "debt_ratio": 29.02,
            "inventory_turnover_ratio": 0.65,
            "account_receivable_turnover_ratio": 2.32,
            "reinvestment_rate": null,
            "research_to_sale_ratio": 9.92,
            "price_fair": 91.84,
            "eps_avg_yearly": 2.62,
            "eps_latest_yearly": 3.08,
            "eps_growth_yearly": 30.03
        },
        "20111": {
            "year_quarter": 20111,
            "year": 2011,
            "quarter": 1,
            "eps": 0.57,
            "eps_growth_year": null,
            "eps_4q": 2.51,
            "eps_4q_growth_year": null,
            "roe": 2.62,
            "roe_4q": 19.14,
            "gross_profit": 98816,
            "gross_margin": 38.49,
            "gross_margin_4q_avg": 38.59,
            "net_income": 44423,
            "net_income_4q": null,
            "revenue": 256746,
            "revenue_4q": null,
            "common_shares": 775600,
            "book_valuer_per_share": 20.96,
            "book_valuer_per_share_4q_avg": 18.13,
            "equity": 1709326,
            "current_ratio": 267.37,
            "debt_ratio": 22.19,
            "inventory_turnover_ratio": 0.52,
            "account_receivable_turnover_ratio": 2.53,
            "reinvestment_rate": null,
            "research_to_sale_ratio": 9.25,
            "price_fair": 45.46,
            "eps_avg_yearly": 2.57,
            "eps_latest_yearly": 2.28,
            "eps_growth_yearly": 7.71
        },
        "20112": {
            "year_quarter": 20112,
            "year": 2011,
            "quarter": 2,
            "eps": 0.48,
            "eps_growth_year": -20.7,
            "eps_4q": 2.44,
            "eps_4q_growth_year": 34.74,
            "roe": 2.27,
            "roe_4q": 17.7,
            "gross_profit": 103478,
            "gross_margin": 32.55,
            "gross_margin_4q_avg": 36.84,
            "net_income": 37362,
            "net_income_4q": null,
            "revenue": 317953,
            "revenue_4q": null,
            "common_shares": 775600,
            "book_valuer_per_share": 19.35,
            "book_valuer_per_share_4q_avg": 19.25,
            "equity": 1584097,
            "current_ratio": 168.12,
            "debt_ratio": 30.4,
            "inventory_turnover_ratio": 0.68,
            "account_receivable_turnover_ratio": 2.28,
            "reinvestment_rate": null,
            "research_to_sale_ratio": 9.38,
            "price_fair": 7.42,
            "eps_avg_yearly": 2.47,
            "eps_latest_yearly": 1.92,
            "eps_growth_yearly": -2.41
        },
        "20113": {
            "year_quarter": 20113,
            "year": 2011,
            "quarter": 3,
            "eps": 0.6,
            "eps_growth_year": -12.77,
            "eps_4q": 2.42,
            "eps_4q_growth_year": 14.37,
            "roe": 2.92,
            "roe_4q": 16.25,
            "gross_profit": 108975,
            "gross_margin": 35.78,
            "gross_margin_4q_avg": 35.79,
            "net_income": 46547,
            "net_income_4q": null,
            "revenue": 304544,
            "revenue_4q": null,
            "common_shares": 775600,
            "book_valuer_per_share": 19.58,
            "book_valuer_per_share_4q_avg": 20.13,
            "equity": 1602531,
            "current_ratio": 182.71,
            "debt_ratio": 29.25,
            "inventory_turnover_ratio": 0.67,
            "account_receivable_turnover_ratio": 1.73,
            "reinvestment_rate": null,
            "research_to_sale_ratio": 11.93,
            "price_fair": 50.26,
            "eps_avg_yearly": 2.47,
            "eps_latest_yearly": 2.4,
            "eps_growth_yearly": 10.39
        },
        "20114": {
            "year_quarter": 20114,
            "year": 2011,
            "quarter": 4,
            "eps": 0.55,
            "eps_growth_year": -28.13,
            "eps_4q": 2.2,
            "eps_4q_growth_year": 13.79,
            "roe": 2.27,
            "roe_4q": 10.079999999999998,
            "gross_profit": 142226,
            "gross_margin": 44.26,
            "gross_margin_4q_avg": 37.77,
            "net_income": 37192,
            "net_income_4q": null,
            "revenue": 321333,
            "revenue_4q": null,
            "common_shares": 775600,
            "book_valuer_per_share": 20.61,
            "book_valuer_per_share_4q_avg": 20.13,
            "equity": 1676515,
            "current_ratio": 172.67,
            "debt_ratio": 29.41,
            "inventory_turnover_ratio": 0.58,
            "account_receivable_turnover_ratio": 1.89,
            "reinvestment_rate": null,
            "research_to_sale_ratio": 12.63,
            "price_fair": 37.83,
            "eps_avg_yearly": 2.44,
            "eps_latest_yearly": 2.2,
            "eps_growth_yearly": 5.53
        },
        "20121": {
            "year_quarter": 20121,
            "year": 2012,
            "quarter": 1,
            "eps": 0.47,
            "eps_growth_year": -17.54,
            "eps_4q": 2.1,
            "eps_4q_growth_year": -16.47,
            "roe": 2.12,
            "roe_4q": 9.58,
            "gross_profit": 126364,
            "gross_margin": 45.16,
            "gross_margin_4q_avg": 39.44,
            "net_income": 36188,
            "net_income_4q": null,
            "revenue": 279814,
            "revenue_4q": null,
            "common_shares": 775600,
            "book_valuer_per_share": 21.31,
            "book_valuer_per_share_4q_avg": 20.21,
            "equity": 1730795,
            "current_ratio": 179.5,
            "debt_ratio": 28.83,
            "inventory_turnover_ratio": 0.41,
            "account_receivable_turnover_ratio": 1.53,
            "reinvestment_rate": null,
            "research_to_sale_ratio": 13.55,
            "price_fair": 7.14,
            "eps_avg_yearly": 2.38,
            "eps_latest_yearly": 1.88,
            "eps_growth_yearly": -0.84
        },
        "20122": {
            "year_quarter": 20122,
            "year": 2012,
            "quarter": 2,
            "eps": 1.16,
            "eps_growth_year": 141.28,
            "eps_4q": 2.78,
            "eps_4q_growth_year": 13.63,
            "roe": 5.26,
            "roe_4q": 12.57,
            "gross_profit": 184167,
            "gross_margin": 40.4,
            "gross_margin_4q_avg": 41.4,
            "net_income": 90031,
            "net_income_4q": null,
            "revenue": 455869,
            "revenue_4q": null,
            "common_shares": 775600,
            "book_valuer_per_share": 20.79,
            "book_valuer_per_share_4q_avg": 20.57,
            "equity": 1690854,
            "current_ratio": 146.21,
            "debt_ratio": 46.87,
            "inventory_turnover_ratio": 0.71,
            "account_receivable_turnover_ratio": 1.94,
            "reinvestment_rate": null,
            "research_to_sale_ratio": 8.35,
            "price_fair": 90.49,
            "eps_avg_yearly": 2.59,
            "eps_latest_yearly": 4.64,
            "eps_growth_yearly": 52.62
        },
        "20123": {
            "year_quarter": 20123,
            "year": 2012,
            "quarter": 3,
            "eps": 0.54,
            "eps_growth_year": -10.1,
            "eps_4q": 2.72,
            "eps_4q_growth_year": 12.19,
            "roe": 2.43,
            "roe_4q": 12.079999999999998,
            "gross_profit": 133462,
            "gross_margin": 42.14,
            "gross_margin_4q_avg": 42.99,
            "net_income": 41825,
            "net_income_4q": null,
            "revenue": 316696,
            "revenue_4q": null,
            "common_shares": 775600,
            "book_valuer_per_share": 21.52,
            "book_valuer_per_share_4q_avg": 21.06,
            "equity": 1747302,
            "current_ratio": 163.59,
            "debt_ratio": 43.76,
            "inventory_turnover_ratio": 0.52,
            "account_receivable_turnover_ratio": 1.27,
            "reinvestment_rate": null,
            "research_to_sale_ratio": 9.18,
            "price_fair": 89.25,
            "eps_avg_yearly": 2.55,
            "eps_latest_yearly": 2.16,
            "eps_growth_yearly": 30.42
        },
        "20124": {
            "year_quarter": 20124,
            "year": 2012,
            "quarter": 4,
            "eps": 0.1,
            "eps_growth_year": -81.99,
            "eps_4q": 2.26,
            "eps_4q_growth_year": 2.67,
            "roe": 0.44,
            "roe_4q": 10.25,
            "gross_profit": 87419,
            "gross_margin": 32.61,
            "gross_margin_4q_avg": 40.08,
            "net_income": 7644,
            "net_income_4q": null,
            "revenue": 268042,
            "revenue_4q": null,
            "common_shares": 775600,
            "book_valuer_per_share": 21.6,
            "book_valuer_per_share_4q_avg": 21.31,
            "equity": 1742577,
            "current_ratio": 136.5,
            "debt_ratio": 42.98,
            "inventory_turnover_ratio": 0.51,
            "account_receivable_turnover_ratio": 1.51,
            "reinvestment_rate": 91.21,
            "research_to_sale_ratio": 11.67,
            "price_fair": 31.02,
            "eps_avg_yearly": 2.38,
            "eps_latest_yearly": 0.4,
            "eps_growth_yearly": 3.01
        },
        "20131": {
            "year_quarter": 20131,
            "year": 2013,
            "quarter": 1,
            "eps": 0.54,
            "eps_growth_year": 14.89,
            "eps_4q": 2.34,
            "eps_4q_growth_year": 11.38,
            "roe": 2.38,
            "roe_4q": 10.51,
            "gross_profit": 111827,
            "gross_margin": 37.52,
            "gross_margin_4q_avg": 38.17,
            "net_income": 41769,
            "net_income_4q": null,
            "revenue": 298063,
            "revenue_4q": null,
            "common_shares": 775600,
            "book_valuer_per_share": 21.86,
            "book_valuer_per_share_4q_avg": 21.44,
            "equity": 1762639,
            "current_ratio": 117.46,
            "debt_ratio": 42.07,
            "inventory_turnover_ratio": 0.49,
            "account_receivable_turnover_ratio": 2.19,
            "reinvestment_rate": 108.27,
            "research_to_sale_ratio": 10.05,
            "price_fair": 82.9,
            "eps_avg_yearly": 2.37,
            "eps_latest_yearly": 2.16,
            "eps_growth_yearly": 128.51
        },
        "20132": {
            "year_quarter": 20132,
            "year": 2013,
            "quarter": 2,
            "eps": 0.58,
            "eps_growth_year": -49.95,
            "eps_4q": 1.76,
            "eps_4q_growth_year": -36.52,
            "roe": 2.63,
            "roe_4q": 7.880000000000001,
            "gross_profit": 113985,
            "gross_margin": 41.9,
            "gross_margin_4q_avg": 38.54,
            "net_income": 45404,
            "net_income_4q": null,
            "revenue": 272054,
            "revenue_4q": null,
            "common_shares": 775600,
            "book_valuer_per_share": 20.93,
            "book_valuer_per_share_4q_avg": 21.48,
            "equity": 1690476,
            "current_ratio": 103.7,
            "debt_ratio": 44.23,
            "inventory_turnover_ratio": 0.41,
            "account_receivable_turnover_ratio": 2.08,
            "reinvestment_rate": 108.88,
            "research_to_sale_ratio": 11.17,
            "price_fair": 83,
            "eps_avg_yearly": 2.37,
            "eps_latest_yearly": 2.32,
            "eps_growth_yearly": 150.58
        },
        "20133": {
            "year_quarter": 20133,
            "year": 2013,
            "quarter": 3,
            "eps": 0.09,
            "eps_growth_year": -83.32,
            "eps_4q": 1.31,
            "eps_4q_growth_year": -51.73,
            "roe": 0.4,
            "roe_4q": 5.8500000000000005,
            "gross_profit": 80097,
            "gross_margin": 39.14,
            "gross_margin_4q_avg": 37.79,
            "net_income": 6868,
            "net_income_4q": null,
            "revenue": 204626,
            "revenue_4q": null,
            "common_shares": 775600,
            "book_valuer_per_share": 21.28,
            "book_valuer_per_share_4q_avg": 21.42,
            "equity": 1710017,
            "current_ratio": 100.81,
            "debt_ratio": 43.75,
            "inventory_turnover_ratio": 0.32,
            "account_receivable_turnover_ratio": 1.97,
            "reinvestment_rate": 109.72,
            "research_to_sale_ratio": 16.73,
            "price_fair": 79.9,
            "eps_avg_yearly": 2.28,
            "eps_latest_yearly": 0.36,
            "eps_growth_yearly": 134.96
        },
        "20134": {
            "year_quarter": 20134,
            "year": 2013,
            "quarter": 4,
            "eps": 0.04,
            "eps_growth_year": -62.83,
            "eps_4q": 1.25,
            "eps_4q_growth_year": -44.85,
            "roe": 0.17,
            "roe_4q": 5.58,
            "gross_profit": 69085,
            "gross_margin": 25.71,
            "gross_margin_4q_avg": 36.07,
            "net_income": 2877,
            "net_income_4q": null,
            "revenue": 268737,
            "revenue_4q": null,
            "common_shares": 775600,
            "book_valuer_per_share": 21.29,
            "book_valuer_per_share_4q_avg": 21.34,
            "equity": 1711018,
            "current_ratio": 125.65,
            "debt_ratio": 43.72,
            "inventory_turnover_ratio": 0.55,
            "account_receivable_turnover_ratio": 2.86,
            "reinvestment_rate": 106.34,
            "research_to_sale_ratio": 11.87,
            "price_fair": 71.8,
            "eps_avg_yearly": 2.05,
            "eps_latest_yearly": 0.16,
            "eps_growth_yearly": 86.95
        },
        "20141": {
            "year_quarter": 20141,
            "year": 2014,
            "quarter": 1,
            "eps": 0.15,
            "eps_growth_year": -72.22,
            "eps_4q": 0.86,
            "eps_4q_growth_year": -63.1,
            "roe": 0.69,
            "roe_4q": 3.8899999999999997,
            "gross_profit": 80479,
            "gross_margin": 32.29,
            "gross_margin_4q_avg": 34.76,
            "net_income": 11820,
            "net_income_4q": null,
            "revenue": 249223,
            "revenue_4q": null,
            "common_shares": 775600,
            "book_valuer_per_share": 21.46,
            "book_valuer_per_share_4q_avg": 21.24,
            "equity": 1724400,
            "current_ratio": 68.69,
            "debt_ratio": 44.39,
            "inventory_turnover_ratio": 0.46,
            "account_receivable_turnover_ratio": 2.38,
            "reinvestment_rate": 139.24,
            "research_to_sale_ratio": 13.02,
            "price_fair": 68.41,
            "eps_avg_yearly": 1.95,
            "eps_latest_yearly": 0.6,
            "eps_growth_yearly": 154.48
        },
        "20142": {
            "year_quarter": 20142,
            "year": 2014,
            "quarter": 2,
            "eps": 0.31,
            "eps_growth_year": -46.55,
            "eps_4q": 0.59,
            "eps_4q_growth_year": -66.64,
            "roe": 1.43,
            "roe_4q": 2.69,
            "gross_profit": 93610,
            "gross_margin": 38.62,
            "gross_margin_4q_avg": 33.94,
            "net_income": 24208,
            "net_income_4q": null,
            "revenue": 242409,
            "revenue_4q": null,
            "common_shares": 775600,
            "book_valuer_per_share": 20.75,
            "book_valuer_per_share_4q_avg": 21.2,
            "equity": 1653584,
            "current_ratio": 120.28,
            "debt_ratio": 46.57,
            "inventory_turnover_ratio": 0.37,
            "account_receivable_turnover_ratio": 3.1,
            "reinvestment_rate": 124.02,
            "research_to_sale_ratio": 13.23,
            "price_fair": 66.85,
            "eps_avg_yearly": 1.91,
            "eps_latest_yearly": 1.24,
            "eps_growth_yearly": 171.5
        },
        "20143": {
            "year_quarter": 20143,
            "year": 2014,
            "quarter": 3,
            "eps": -0.28,
            "eps_growth_year": -411.11,
            "eps_4q": 0.22,
            "eps_4q_growth_year": -83.22,
            "roe": -1.33,
            "roe_4q": 0.9599999999999999,
            "gross_profit": 33400,
            "gross_margin": 20.53,
            "gross_margin_4q_avg": 29.29,
            "net_income": -21738,
            "net_income_4q": null,
            "revenue": 162650,
            "revenue_4q": null,
            "common_shares": 775600,
            "book_valuer_per_share": 20.33,
            "book_valuer_per_share_4q_avg": 20.96,
            "equity": 1621200,
            "current_ratio": 59.76,
            "debt_ratio": 48.73,
            "inventory_turnover_ratio": 0.29,
            "account_receivable_turnover_ratio": 2.13,
            "reinvestment_rate": 137.16,
            "research_to_sale_ratio": 21.01,
            "price_fair": 64.87,
            "eps_avg_yearly": 1.85,
            "eps_latest_yearly": 1.24,
            "eps_growth_yearly": 179.43
        },
        "20144": {
            "year_quarter": 20144,
            "year": 2014,
            "quarter": 4,
            "eps": 0.01,
            "eps_growth_year": -86.3,
            "eps_4q": 0.19,
            "eps_4q_growth_year": -84.93,
            "roe": 0.04,
            "roe_4q": 0.8299999999999998,
            "gross_profit": 89267,
            "gross_margin": 30.53,
            "gross_margin_4q_avg": 30.49,
            "net_income": 621,
            "net_income_4q": null,
            "revenue": 292422,
            "revenue_4q": null,
            "common_shares": 775600,
            "book_valuer_per_share": 20.26,
            "book_valuer_per_share_4q_avg": 20.7,
            "equity": 1615926,
            "current_ratio": 177.71,
            "debt_ratio": 49.62,
            "inventory_turnover_ratio": 0.45,
            "account_receivable_turnover_ratio": 2.73,
            "reinvestment_rate": 65.38,
            "research_to_sale_ratio": 10.71,
            "price_fair": 61.8,
            "eps_avg_yearly": 1.77,
            "eps_latest_yearly": 1.24,
            "eps_growth_yearly": 188.93
        },
        "20151": {
            "year_quarter": 20151,
            "year": 2015,
            "quarter": 1,
            "eps": 2.59,
            "eps_growth_year": 1626.67,
            "eps_4q": 2.62,
            "eps_4q_growth_year": 204.25,
            "roe": 11.74,
            "roe_4q": 11.879999999999999,
            "gross_profit": 44575,
            "gross_margin": 18.01,
            "gross_margin_4q_avg": 26.92,
            "net_income": 200561,
            "net_income_4q": null,
            "revenue": 247534,
            "revenue_4q": null,
            "common_shares": 775600,
            "book_valuer_per_share": 22.84,
            "book_valuer_per_share_4q_avg": 21.05,
            "equity": 1799800,
            "current_ratio": 110.73,
            "debt_ratio": 35.16,
            "inventory_turnover_ratio": 0.46,
            "account_receivable_turnover_ratio": 1.64,
            "reinvestment_rate": 50.89,
            "research_to_sale_ratio": 12.89,
            "price_fair": 82,
            "eps_avg_yearly": 2.34,
            "eps_latest_yearly": 10.36,
            "eps_growth_yearly": 7567.78
        },
        "20152": {
            "year_quarter": 20152,
            "year": 2015,
            "quarter": 2,
            "eps": 0.17,
            "eps_growth_year": -45.16,
            "eps_4q": 2.48,
            "eps_4q_growth_year": 322.33,
            "roe": 0.74,
            "roe_4q": 11.19,
            "gross_profit": 91688,
            "gross_margin": 31.34,
            "gross_margin_4q_avg": 25.1,
            "net_income": 13204,
            "net_income_4q": null,
            "revenue": 292561,
            "revenue_4q": null,
            "common_shares": 775600,
            "book_valuer_per_share": 22.44,
            "book_valuer_per_share_4q_avg": 21.47,
            "equity": 1768493,
            "current_ratio": 126.88,
            "debt_ratio": 34.97,
            "inventory_turnover_ratio": 0.47,
            "account_receivable_turnover_ratio": 1.75,
            "reinvestment_rate": 53.97,
            "research_to_sale_ratio": 11.06,
            "price_fair": 78.9,
            "eps_avg_yearly": 2.25,
            "eps_latest_yearly": 0.68,
            "eps_growth_yearly": 7545.6
        },
        "20153": {
            "year_quarter": 20153,
            "year": 2015,
            "quarter": 3,
            "eps": 0.41,
            "eps_growth_year": null,
            "eps_4q": 3.18,
            "eps_4q_growth_year": 1343.37,
            "roe": 1.8,
            "roe_4q": 14.32,
            "gross_profit": 97555,
            "gross_margin": 36.75,
            "gross_margin_4q_avg": 29.16,
            "net_income": 32066,
            "net_income_4q": null,
            "revenue": 265421,
            "revenue_4q": null,
            "common_shares": 775600,
            "book_valuer_per_share": 22.72,
            "book_valuer_per_share_4q_avg": 22.07,
            "equity": 1790543,
            "current_ratio": 134.72,
            "debt_ratio": 34.51,
            "inventory_turnover_ratio": 0.38,
            "account_receivable_turnover_ratio": 1.95,
            "reinvestment_rate": 57.85,
            "research_to_sale_ratio": 12.29,
            "price_fair": 77,
            "eps_avg_yearly": 2.2,
            "eps_latest_yearly": 1.64,
            "eps_growth_yearly": 7578.79
        },
        "20154": {
            "year_quarter": 20154,
            "year": 2015,
            "quarter": 4,
            "eps": 0.81,
            "eps_growth_year": 15842.82,
            "eps_4q": 3.98,
            "eps_4q_growth_year": 2013.19,
            "roe": 3.42,
            "roe_4q": 17.7,
            "gross_profit": 172655,
            "gross_margin": 48.4,
            "gross_margin_4q_avg": 33.63,
            "net_income": 62480,
            "net_income_4q": null,
            "revenue": 356695,
            "revenue_4q": null,
            "common_shares": 775600,
            "book_valuer_per_share": 23.67,
            "book_valuer_per_share_4q_avg": 22.92,
            "equity": 1863794,
            "current_ratio": 136.12,
            "debt_ratio": 35.07,
            "inventory_turnover_ratio": 0.41,
            "account_receivable_turnover_ratio": 2.01,
            "reinvestment_rate": 57.38,
            "research_to_sale_ratio": 9.82,
            "price_fair": 79.6,
            "eps_avg_yearly": 2.27,
            "eps_latest_yearly": 3.24,
            "eps_growth_yearly": 7609.05
        },
        "20161": {
            "year_quarter": 20161,
            "year": 2016,
            "quarter": 1,
            "eps": 0.23,
            "eps_growth_year": -91.12,
            "eps_4q": 1.61,
            "eps_4q_growth_year": -38.46,
            "roe": 0.94,
            "roe_4q": 6.8999999999999995,
            "gross_profit": 105901,
            "gross_margin": 39.74,
            "gross_margin_4q_avg": 39.06,
            "net_income": 17502,
            "net_income_4q": null,
            "revenue": 266485,
            "revenue_4q": null,
            "common_shares": 775600,
            "book_valuer_per_share": 23.87,
            "book_valuer_per_share_4q_avg": 23.18,
            "equity": 1879060,
            "current_ratio": 138.37,
            "debt_ratio": 34.42,
            "inventory_turnover_ratio": 0.36,
            "account_receivable_turnover_ratio": 1.36,
            "reinvestment_rate": 56.1,
            "research_to_sale_ratio": 14.81,
            "price_fair": 77.2,
            "eps_avg_yearly": 2.21,
            "eps_latest_yearly": 0.92,
            "eps_growth_yearly": 7592.75
        },
        "20162": {
            "year_quarter": 20162,
            "year": 2016,
            "quarter": 2,
            "eps": 0,
            "eps_growth_year": -100,
            "eps_4q": 1.45,
            "eps_4q_growth_year": -41.75,
            "roe": 0.01,
            "roe_4q": 6.17,
            "gross_profit": 95107,
            "gross_margin": 32.06,
            "gross_margin_4q_avg": 39.24,
            "net_income": 125,
            "net_income_4q": null,
            "revenue": 296670,
            "revenue_4q": null,
            "common_shares": 775600,
            "book_valuer_per_share": 22.3,
            "book_valuer_per_share_4q_avg": 23.14,
            "equity": 1747351,
            "current_ratio": 118.02,
            "debt_ratio": 36.11,
            "inventory_turnover_ratio": 0.44,
            "account_receivable_turnover_ratio": 1.93,
            "reinvestment_rate": -72.97,
            "research_to_sale_ratio": 11.93,
            "price_fair": 70.65,
            "eps_avg_yearly": 2.02,
            "eps_latest_yearly": 0.92,
            "eps_growth_yearly": 8131.63
        },
        "20163": {
            "year_quarter": 20163,
            "year": 2016,
            "quarter": 3,
            "eps": 0.18,
            "eps_growth_year": -56.1,
            "eps_4q": 1.21,
            "eps_4q_growth_year": -61.8,
            "roe": 0.79,
            "roe_4q": 5.16,
            "gross_profit": 99388,
            "gross_margin": 29.78,
            "gross_margin_4q_avg": 37.5,
            "net_income": 13858,
            "net_income_4q": null,
            "revenue": 333748,
            "revenue_4q": null,
            "common_shares": 775600,
            "book_valuer_per_share": 22.46,
            "book_valuer_per_share_4q_avg": 23.08,
            "equity": 1742544,
            "current_ratio": 127.91,
            "debt_ratio": 36.45,
            "inventory_turnover_ratio": 0.57,
            "account_receivable_turnover_ratio": 1.89,
            "reinvestment_rate": -81.7,
            "research_to_sale_ratio": 10.21,
            "price_fair": 70.23,
            "eps_avg_yearly": 2.01,
            "eps_latest_yearly": 0.92,
            "eps_growth_yearly": 8827.08
        },
        "20164": {
            "year_quarter": 20164,
            "year": 2016,
            "quarter": 4,
            "eps": 0.37,
            "eps_growth_year": -54.06,
            "eps_4q": 0.78,
            "eps_4q_growth_year": -80.45,
            "roe": 1.63,
            "roe_4q": 3.3699999999999997,
            "gross_profit": 114066,
            "gross_margin": 37.8,
            "gross_margin_4q_avg": 34.85,
            "net_income": 28698,
            "net_income_4q": null,
            "revenue": 301767,
            "revenue_4q": null,
            "common_shares": 775600,
            "book_valuer_per_share": 22.83,
            "book_valuer_per_share_4q_avg": 22.87,
            "equity": 1771167,
            "current_ratio": 119.17,
            "debt_ratio": 35.02,
            "inventory_turnover_ratio": 0.48,
            "account_receivable_turnover_ratio": 1.59,
            "reinvestment_rate": -75.36,
            "research_to_sale_ratio": 12.41,
            "price_fair": 73.38,
            "eps_avg_yearly": 2.1,
            "eps_latest_yearly": 1.48,
            "eps_growth_yearly": 8889.43
        },
        "20171": {
            "year_quarter": 20171,
            "year": 2017,
            "quarter": 1,
            "eps": -0.15,
            "eps_growth_year": -165.22,
            "eps_4q": 0.4,
            "eps_4q_growth_year": -75.35,
            "roe": -0.67,
            "roe_4q": 1.76,
            "gross_profit": 82730,
            "gross_margin": 30.39,
            "gross_margin_4q_avg": 32.51,
            "net_income": -11884,
            "net_income_4q": null,
            "revenue": 272230,
            "revenue_4q": null,
            "common_shares": 775600,
            "book_valuer_per_share": 22.72,
            "book_valuer_per_share_4q_avg": 22.58,
            "equity": 1762400,
            "current_ratio": 117.97,
            "debt_ratio": 33.79,
            "inventory_turnover_ratio": 0.48,
            "account_receivable_turnover_ratio": 1.87,
            "reinvestment_rate": -77.44,
            "research_to_sale_ratio": 13.09,
            "price_fair": 73.18,
            "eps_avg_yearly": 2.09,
            "eps_latest_yearly": 1.48,
            "eps_growth_yearly": 9537.56
        },
        "20172": {
            "year_quarter": 20172,
            "year": 2017,
            "quarter": 2,
            "eps": -0.16,
            "eps_growth_year": null,
            "eps_4q": 0.24,
            "eps_4q_growth_year": -83.47,
            "roe": -0.7,
            "roe_4q": 1.0499999999999998,
            "gross_profit": 63338,
            "gross_margin": 32.92,
            "gross_margin_4q_avg": 32.72,
            "net_income": -12205,
            "net_income_4q": null,
            "revenue": 192371,
            "revenue_4q": null,
            "common_shares": 775600,
            "book_valuer_per_share": 22.06,
            "book_valuer_per_share_4q_avg": 22.52,
            "equity": 1710974,
            "current_ratio": 144.82,
            "debt_ratio": 35.86,
            "inventory_turnover_ratio": 0.31,
            "account_receivable_turnover_ratio": 1.59,
            "reinvestment_rate": -160.78,
            "research_to_sale_ratio": 17.43,
            "price_fair": 72.38,
            "eps_avg_yearly": 2.07,
            "eps_latest_yearly": 1.48,
            "eps_growth_yearly": 10488.35
        },
        "20173": {
            "year_quarter": 20173,
            "year": 2017,
            "quarter": 3,
            "eps": 0.8,
            "eps_growth_year": 344.44,
            "eps_4q": 0.86,
            "eps_4q_growth_year": -29.06,
            "roe": 3.58,
            "roe_4q": 3.84,
            "gross_profit": 149609,
            "gross_margin": 41.55,
            "gross_margin_4q_avg": 35.67,
            "net_income": 62267,
            "net_income_4q": null,
            "revenue": 360100,
            "revenue_4q": null,
            "common_shares": 775600,
            "book_valuer_per_share": 22.79,
            "book_valuer_per_share_4q_avg": 22.6,
            "equity": 1767829,
            "current_ratio": 74.29,
            "debt_ratio": 49.52,
            "inventory_turnover_ratio": 0.5,
            "account_receivable_turnover_ratio": 2.09,
            "reinvestment_rate": 12.82,
            "research_to_sale_ratio": 10.55,
            "price_fair": 79.02,
            "eps_avg_yearly": 2.26,
            "eps_latest_yearly": 1.48,
            "eps_growth_yearly": 11691.27
        },
        "20174": {
            "year_quarter": 20174,
            "year": 2017,
            "quarter": 4,
            "eps": 0.62,
            "eps_growth_year": 66.29,
            "eps_4q": 1.11,
            "eps_4q_growth_year": 42.27,
            "roe": 2.66,
            "roe_4q": 4.87,
            "gross_profit": 112189,
            "gross_margin": 32.66,
            "gross_margin_4q_avg": 34.38,
            "net_income": 47713,
            "net_income_4q": null,
            "revenue": 343547,
            "revenue_4q": null,
            "common_shares": 775600,
            "book_valuer_per_share": 23.48,
            "book_valuer_per_share_4q_avg": 22.76,
            "equity": 1821221,
            "current_ratio": 127.07,
            "debt_ratio": 47.18,
            "inventory_turnover_ratio": 0.62,
            "account_receivable_turnover_ratio": 1.49,
            "reinvestment_rate": 5.98,
            "research_to_sale_ratio": 12.28,
            "price_fair": 88.04,
            "eps_avg_yearly": 2.52,
            "eps_latest_yearly": 2.48,
            "eps_growth_yearly": 11705.96
        },
        "20181": {
            "year_quarter": 20181,
            "year": 2018,
            "quarter": 1,
            "eps": 0.05,
            "eps_growth_year": null,
            "eps_4q": 1.31,
            "eps_4q_growth_year": 228.44,
            "roe": 0.2,
            "roe_4q": 5.74,
            "gross_profit": 87164,
            "gross_margin": 31.59,
            "gross_margin_4q_avg": 34.68,
            "net_income": 3669,
            "net_income_4q": null,
            "revenue": 275965,
            "revenue_4q": null,
            "common_shares": 775600,
            "book_valuer_per_share": 23.57,
            "book_valuer_per_share_4q_avg": 22.98,
            "equity": 1828678,
            "current_ratio": 135.97,
            "debt_ratio": 44.87,
            "inventory_turnover_ratio": 0.57,
            "account_receivable_turnover_ratio": 1.49,
            "reinvestment_rate": -22.9,
            "research_to_sale_ratio": 13.71,
            "price_fair": 86.49,
            "eps_avg_yearly": 2.47,
            "eps_latest_yearly": 0.2,
            "eps_growth_yearly": 11542.88
        },
        "20182": {
            "year_quarter": 20182,
            "year": 2018,
            "quarter": 2,
            "eps": 0.19,
            "eps_growth_year": null,
            "eps_4q": 1.66,
            "eps_4q_growth_year": 593.14,
            "roe": 0.83,
            "roe_4q": 7.2700000000000005,
            "gross_profit": 105030,
            "gross_margin": 31.53,
            "gross_margin_4q_avg": 34.33,
            "net_income": 15013,
            "net_income_4q": null,
            "revenue": 333076,
            "revenue_4q": null,
            "common_shares": 775600,
            "book_valuer_per_share": 23.29,
            "book_valuer_per_share_4q_avg": 23.28,
            "equity": 1806828,
            "current_ratio": 129.78,
            "debt_ratio": 46.01,
            "inventory_turnover_ratio": 0.74,
            "account_receivable_turnover_ratio": 2.03,
            "reinvestment_rate": -24.43,
            "research_to_sale_ratio": 11.1,
            "price_fair": 84.62,
            "eps_avg_yearly": 2.42,
            "eps_latest_yearly": 0.76,
            "eps_growth_yearly": 11619.92
        },
        "20183": {
            "year_quarter": 20183,
            "year": 2018,
            "quarter": 3,
            "eps": 2.83,
            "eps_growth_year": 253.75,
            "eps_4q": 3.69,
            "eps_4q_growth_year": 328.74,
            "roe": 11.4,
            "roe_4q": 15.09,
            "gross_profit": 64263,
            "gross_margin": 36.06,
            "gross_margin_4q_avg": 32.96,
            "net_income": 219748,
            "net_income_4q": null,
            "revenue": 178236,
            "revenue_4q": null,
            "common_shares": 775600,
            "book_valuer_per_share": 26.42,
            "book_valuer_per_share_4q_avg": 24.19,
            "equity": 2049602,
            "current_ratio": 198.5,
            "debt_ratio": 35.12,
            "inventory_turnover_ratio": 0.35,
            "account_receivable_turnover_ratio": 1.14,
            "reinvestment_rate": -19.79,
            "research_to_sale_ratio": 21.96,
            "price_fair": 115.78,
            "eps_avg_yearly": 3.31,
            "eps_latest_yearly": 11.32,
            "eps_growth_yearly": 11013.72
        },
        "20184": {
            "year_quarter": 20184,
            "year": 2018,
            "quarter": 4,
            "eps": -0.05,
            "eps_growth_year": -108.66,
            "eps_4q": 3.02,
            "eps_4q_growth_year": 173.13,
            "roe": -0.21,
            "roe_4q": 12.219999999999999,
            "gross_profit": 95053,
            "gross_margin": 40.94,
            "gross_margin_4q_avg": 35.03,
            "net_income": -4142,
            "net_income_4q": null,
            "revenue": 232175,
            "revenue_4q": null,
            "common_shares": 775600,
            "book_valuer_per_share": 25.58,
            "book_valuer_per_share_4q_avg": 24.72,
            "equity": 1983903,
            "current_ratio": 144.19,
            "debt_ratio": 38.42,
            "inventory_turnover_ratio": 0.39,
            "account_receivable_turnover_ratio": 1.86,
            "reinvestment_rate": 88.25,
            "research_to_sale_ratio": 20.49,
            "price_fair": 115.78,
            "eps_avg_yearly": 3.31,
            "eps_latest_yearly": 11.32,
            "eps_growth_yearly": 11013.72
        },
        "20191": {
            "year_quarter": 20191,
            "year": 2019,
            "quarter": 1,
            "eps": 0.53,
            "eps_growth_year": 960,
            "eps_4q": 3.5,
            "eps_4q_growth_year": 168.02,
            "roe": 2.05,
            "roe_4q": 14.07,
            "gross_profit": 129838,
            "gross_margin": 37.78,
            "gross_margin_4q_avg": 36.58,
            "net_income": 41120,
            "net_income_4q": null,
            "revenue": 343649,
            "revenue_4q": null,
            "common_shares": 775600,
            "book_valuer_per_share": 26.18,
            "book_valuer_per_share_4q_avg": 25.37,
            "equity": 2030946,
            "current_ratio": 136.2,
            "debt_ratio": 38.6,
            "inventory_turnover_ratio": 0.63,
            "account_receivable_turnover_ratio": 2.1,
            "reinvestment_rate": 130.78,
            "research_to_sale_ratio": 13.58,
            "price_fair": 88.36,
            "eps_avg_yearly": 2.52,
            "eps_latest_yearly": 11.32,
            "eps_growth_yearly": 770.8
        },
        "20192": {
            "year_quarter": 20192,
            "year": 2019,
            "quarter": 2,
            "eps": 0.17,
            "eps_growth_year": -10.53,
            "eps_4q": 3.48,
            "eps_4q_growth_year": 110.23,
            "roe": 0.68,
            "roe_4q": 13.92,
            "gross_profit": 101048,
            "gross_margin": 31.59,
            "gross_margin_4q_avg": 36.59,
            "net_income": 13524,
            "net_income_4q": null,
            "revenue": 319842,
            "revenue_4q": null,
            "common_shares": 775600,
            "book_valuer_per_share": 25.16,
            "book_valuer_per_share_4q_avg": 25.84,
            "equity": 1951410,
            "current_ratio": 96.18,
            "debt_ratio": 41.83,
            "inventory_turnover_ratio": 0.74,
            "account_receivable_turnover_ratio": 1.77,
            "reinvestment_rate": 137.99,
            "research_to_sale_ratio": 15.15,
            "price_fair": 88.36,
            "eps_avg_yearly": 2.52,
            "eps_latest_yearly": 0.68,
            "eps_growth_yearly": 782.13
        },
        "20193": {
            "year_quarter": 20193,
            "year": 2019,
            "quarter": 3,
            "eps": 0.33,
            "eps_growth_year": -88.34,
            "eps_4q": 0.98,
            "eps_4q_growth_year": -73.47,
            "roe": 1.3,
            "roe_4q": 3.8199999999999994,
            "gross_profit": 103298,
            "gross_margin": 47.6,
            "gross_margin_4q_avg": 39.48,
            "net_income": 25490,
            "net_income_4q": null,
            "revenue": 217018,
            "revenue_4q": null,
            "common_shares": 775600,
            "book_valuer_per_share": 25.45,
            "book_valuer_per_share_4q_avg": 25.59,
            "equity": 1974555,
            "current_ratio": 112.11,
            "debt_ratio": 40.85,
            "inventory_turnover_ratio": 0.38,
            "account_receivable_turnover_ratio": 1.39,
            "reinvestment_rate": 146.29,
            "research_to_sale_ratio": 22.23,
            "price_fair": 87.11,
            "eps_avg_yearly": 2.49,
            "eps_latest_yearly": 1.32,
            "eps_growth_yearly": 761.22
        },
        "20194": {
            "year_quarter": 20194,
            "year": 2019,
            "quarter": 4,
            "eps": 0.48,
            "eps_growth_year": null,
            "eps_4q": 1.51,
            "eps_4q_growth_year": -50.05,
            "roe": 1.85,
            "roe_4q": 5.880000000000001,
            "gross_profit": 134445,
            "gross_margin": 48.69,
            "gross_margin_4q_avg": 41.42,
            "net_income": 36990,
            "net_income_4q": null,
            "revenue": 276133,
            "revenue_4q": null,
            "common_shares": 775600,
            "book_valuer_per_share": 25.98,
            "book_valuer_per_share_4q_avg": 25.69,
            "equity": 2015132,
            "current_ratio": 119.28,
            "debt_ratio": 41.4,
            "inventory_turnover_ratio": 0.38,
            "account_receivable_turnover_ratio": 1.87,
            "reinvestment_rate": 143.98,
            "research_to_sale_ratio": 18.86,
            "price_fair": 81.98,
            "eps_avg_yearly": 2.34,
            "eps_latest_yearly": 1.92,
            "eps_growth_yearly": 738.06
        },
        "20201": {
            "year_quarter": 20201,
            "year": 2020,
            "quarter": 1,
            "eps": 0.36,
            "eps_growth_year": -32.08,
            "eps_4q": 1.34,
            "eps_4q_growth_year": -61.83,
            "roe": 1.37,
            "roe_4q": 5.2,
            "gross_profit": 114483,
            "gross_margin": 37.24,
            "gross_margin_4q_avg": 41.28,
            "net_income": 27798,
            "net_income_4q": null,
            "revenue": 307439,
            "revenue_4q": null,
            "common_shares": 775600,
            "book_valuer_per_share": 26.38,
            "book_valuer_per_share_4q_avg": 25.74,
            "equity": 2046409,
            "current_ratio": 124.91,
            "debt_ratio": 40.66,
            "inventory_turnover_ratio": 0.48,
            "account_receivable_turnover_ratio": 2.03,
            "reinvestment_rate": 141.09,
            "research_to_sale_ratio": 14.31,
            "price_fair": 84,
            "eps_avg_yearly": 2.4,
            "eps_latest_yearly": 1.44,
            "eps_growth_yearly": 758.77
        },
        "20202": {
            "year_quarter": 20202,
            "year": 2020,
            "quarter": 2,
            "eps": 4.79,
            "eps_growth_year": 2717.65,
            "eps_4q": 5.95,
            "eps_4q_growth_year": 70.77,
            "roe": 16.78,
            "roe_4q": 21.300000000000004,
            "gross_profit": 184123,
            "gross_margin": 46.98,
            "gross_margin_4q_avg": 45.13,
            "net_income": 371178,
            "net_income_4q": null,
            "revenue": 391913,
            "revenue_4q": null,
            "common_shares": 775600,
            "book_valuer_per_share": 30.64,
            "book_valuer_per_share_4q_avg": 27.11,
            "equity": 2376461,
            "current_ratio": 215.79,
            "debt_ratio": 22.69,
            "inventory_turnover_ratio": 0.53,
            "account_receivable_turnover_ratio": 2.21,
            "reinvestment_rate": 6.91,
            "research_to_sale_ratio": 13.14,
            "price_fair": 142.66,
            "eps_avg_yearly": 4.08,
            "eps_latest_yearly": 19.16,
            "eps_growth_yearly": 1175.12
        },
        "20203": {
            "year_quarter": 20203,
            "year": 2020,
            "quarter": 3,
            "eps": 0.44,
            "eps_growth_year": 33.33,
            "eps_4q": 6.06,
            "eps_4q_growth_year": 519.53,
            "roe": 1.44,
            "roe_4q": 21.440000000000005,
            "gross_profit": 124138,
            "gross_margin": 43.61,
            "gross_margin_4q_avg": 44.13,
            "net_income": 34435,
            "net_income_4q": null,
            "revenue": 284623,
            "revenue_4q": null,
            "common_shares": 775600,
            "book_valuer_per_share": 31,
            "book_valuer_per_share_4q_avg": 28.5,
            "equity": 2404401,
            "current_ratio": 251.14,
            "debt_ratio": 19.49,
            "inventory_turnover_ratio": 0.37,
            "account_receivable_turnover_ratio": 1.62,
            "reinvestment_rate": 11.92,
            "research_to_sale_ratio": 18.87,
            "price_fair": 135.29,
            "eps_avg_yearly": 3.87,
            "eps_latest_yearly": 1.76,
            "eps_growth_yearly": 1035.27
        },
        "20204": {
            "year_quarter": 20204,
            "year": 2020,
            "quarter": 4,
            "eps": 1.27,
            "eps_growth_year": 166.64,
            "eps_4q": 6.86,
            "eps_4q_growth_year": 354.58,
            "roe": 4.02,
            "roe_4q": 23.610000000000003,
            "gross_profit": 264009,
            "gross_margin": 47.18,
            "gross_margin_4q_avg": 43.75,
            "net_income": 98652,
            "net_income_4q": null,
            "revenue": 559614,
            "revenue_4q": null,
            "common_shares": 775600,
            "book_valuer_per_share": 32.21,
            "book_valuer_per_share_4q_avg": 30.06,
            "equity": 2498663,
            "current_ratio": 250.3,
            "debt_ratio": 20.61,
            "inventory_turnover_ratio": 0.61,
            "account_receivable_turnover_ratio": 2.2,
            "reinvestment_rate": 12.46,
            "research_to_sale_ratio": 11.89,
            "price_fair": 146.75,
            "eps_avg_yearly": 4.19,
            "eps_latest_yearly": 5.08,
            "eps_growth_yearly": 1065.48
        },
        "20211": {
            "year_quarter": 20211,
            "year": 2021,
            "quarter": 1,
            "eps": 1.27,
            "eps_growth_year": 252.78,
            "eps_4q": 7.77,
            "eps_4q_growth_year": 480.98,
            "roe": 3.84,
            "roe_4q": 26.08,
            "gross_profit": 213524,
            "gross_margin": 50.64,
            "gross_margin_4q_avg": 47.1,
            "net_income": 98310,
            "net_income_4q": null,
            "revenue": 421610,
            "revenue_4q": null,
            "common_shares": 775600,
            "book_valuer_per_share": 33.85,
            "book_valuer_per_share_4q_avg": 31.93,
            "equity": 2625688,
            "current_ratio": 218.4,
            "debt_ratio": 20.92,
            "inventory_turnover_ratio": 0.42,
            "account_receivable_turnover_ratio": 1.38,
            "reinvestment_rate": 27.27,
            "research_to_sale_ratio": 11.63,
            "price_fair": 149.33,
            "eps_avg_yearly": 4.27,
            "eps_latest_yearly": 5.08,
            "eps_growth_yearly": 976.69
        },
        "20212": {
            "year_quarter": 20212,
            "year": 2021,
            "quarter": 2,
            "eps": 1.63,
            "eps_growth_year": -65.97,
            "eps_4q": 4.61,
            "eps_4q_growth_year": -22.5,
            "roe": 4.66,
            "roe_4q": 13.959999999999999,
            "gross_profit": 251175,
            "gross_margin": 50.25,
            "gross_margin_4q_avg": 47.92,
            "net_income": 126432,
            "net_income_4q": null,
            "revenue": 499832,
            "revenue_4q": null,
            "common_shares": 775600,
            "book_valuer_per_share": 36.1,
            "book_valuer_per_share_4q_avg": 33.29,
            "equity": 2800689,
            "current_ratio": 221.93,
            "debt_ratio": 25.97,
            "inventory_turnover_ratio": 0.45,
            "account_receivable_turnover_ratio": 1.71,
            "reinvestment_rate": 66.98,
            "research_to_sale_ratio": 10.16,
            "price_fair": 155.4,
            "eps_avg_yearly": 4.44,
            "eps_latest_yearly": 6.52,
            "eps_growth_yearly": 910.28
        },
        "20213": {
            "year_quarter": 20213,
            "year": 2021,
            "quarter": 3,
            "eps": 1.09,
            "eps_growth_year": 147.73,
            "eps_4q": 5.26,
            "eps_4q_growth_year": -13.23,
            "roe": 3.04,
            "roe_4q": 15.559999999999999,
            "gross_profit": 232884,
            "gross_margin": 46.06,
            "gross_margin_4q_avg": 48.53,
            "net_income": 85029,
            "net_income_4q": null,
            "revenue": 505592,
            "revenue_4q": null,
            "common_shares": 775600,
            "book_valuer_per_share": 36.03,
            "book_valuer_per_share_4q_avg": 34.55,
            "equity": 2795091,
            "current_ratio": 169.36,
            "debt_ratio": 34.01,
            "inventory_turnover_ratio": 0.42,
            "account_receivable_turnover_ratio": 1.43,
            "reinvestment_rate": 32.43,
            "research_to_sale_ratio": 12.83,
            "price_fair": 155.2,
            "eps_avg_yearly": 4.43,
            "eps_latest_yearly": 4.36,
            "eps_growth_yearly": 835.79
        },
        "20214": {
            "year_quarter": 20214,
            "year": 2021,
            "quarter": 4,
            "eps": 1.18,
            "eps_growth_year": -7.39,
            "eps_4q": 5.17,
            "eps_4q_growth_year": -24.65,
            "roe": 3.21,
            "roe_4q": 14.75,
            "gross_profit": 251805,
            "gross_margin": 49.6,
            "gross_margin_4q_avg": 49.14,
            "net_income": 91279,
            "net_income_4q": null,
            "revenue": 507668,
            "revenue_4q": null,
            "common_shares": 775600,
            "book_valuer_per_share": 37.31,
            "book_valuer_per_share_4q_avg": 35.82,
            "equity": 2894274,
            "current_ratio": 213.66,
            "debt_ratio": 33.93,
            "inventory_turnover_ratio": 0.35,
            "account_receivable_turnover_ratio": 1.35,
            "reinvestment_rate": 43.54,
            "research_to_sale_ratio": 17.33,
            "price_fair": 160.8,
            "eps_avg_yearly": 4.59,
            "eps_latest_yearly": 4.72,
            "eps_growth_yearly": 844.58
        },
        "20221": {
            "year_quarter": 20221,
            "year": 2022,
            "quarter": 1,
            "eps": 1.65,
            "eps_growth_year": 29.92,
            "eps_4q": 5.55,
            "eps_4q_growth_year": -28.58,
            "roe": 4.35,
            "roe_4q": 15.26,
            "gross_profit": 262623,
            "gross_margin": 49.6,
            "gross_margin_4q_avg": 48.88,
            "net_income": 127762,
            "net_income_4q": null,
            "revenue": 529532,
            "revenue_4q": null,
            "common_shares": 775600,
            "book_valuer_per_share": 38.34,
            "book_valuer_per_share_4q_avg": 36.95,
            "equity": 2974099,
            "current_ratio": 176.23,
            "debt_ratio": 35.04,
            "inventory_turnover_ratio": 0.35,
            "account_receivable_turnover_ratio": 1.45,
            "reinvestment_rate": 46.01,
            "research_to_sale_ratio": 11.12,
            "price_fair": 176.8,
            "eps_avg_yearly": 5.05,
            "eps_latest_yearly": 6.6,
            "eps_growth_yearly": 882.23
        },
        "20222": {
            "year_quarter": 20222,
            "year": 2022,
            "quarter": 2,
            "eps": 1.91,
            "eps_growth_year": 17.18,
            "eps_4q": 5.82,
            "eps_4q_growth_year": 26.35,
            "roe": 4.96,
            "roe_4q": 15.559999999999999,
            "gross_profit": 267475,
            "gross_margin": 46.16,
            "gross_margin_4q_avg": 47.86,
            "net_income": 147959,
            "net_income_4q": null,
            "revenue": 579402,
            "revenue_4q": null,
            "common_shares": 775600,
            "book_valuer_per_share": 38.55,
            "book_valuer_per_share_4q_avg": 37.56,
            "equity": 2990164,
            "current_ratio": 256.69,
            "debt_ratio": 32.07,
            "inventory_turnover_ratio": 0.42,
            "account_receivable_turnover_ratio": 1.68,
            "reinvestment_rate": 42.19,
            "research_to_sale_ratio": 9.86,
            "price_fair": 194,
            "eps_avg_yearly": 5.54,
            "eps_latest_yearly": 7.64,
            "eps_growth_yearly": 806.73
        },
        "20223": {
            "year_quarter": 20223,
            "year": 2022,
            "quarter": 3,
            "eps": 1.56,
            "eps_growth_year": 43.12,
            "eps_4q": 6.29,
            "eps_4q_growth_year": 19.48,
            "roe": 3.96,
            "roe_4q": 16.48,
            "gross_profit": 202464,
            "gross_margin": 43.47,
            "gross_margin_4q_avg": 47.21,
            "net_income": 120734,
            "net_income_4q": null,
            "revenue": 465734,
            "revenue_4q": null,
            "common_shares": 775600,
            "book_valuer_per_share": 39.98,
            "book_valuer_per_share_4q_avg": 38.55,
            "equity": 3101349,
            "current_ratio": 229.42,
            "debt_ratio": 29.97,
            "inventory_turnover_ratio": 0.35,
            "account_receivable_turnover_ratio": 1.42,
            "reinvestment_rate": 48.12,
            "research_to_sale_ratio": 12.41,
            "price_fair": 181.3,
            "eps_avg_yearly": 5.18,
            "eps_latest_yearly": 6.24,
            "eps_growth_yearly": 404.5
        },
        "20224": {
            "year_quarter": 20224,
            "year": 2022,
            "quarter": 4,
            "eps": 0.9,
            "eps_growth_year": -23.74,
            "eps_4q": 6.01,
            "eps_4q_growth_year": 16.24,
            "roe": 2.21,
            "roe_4q": 15.479999999999999,
            "gross_profit": 229195,
            "gross_margin": 42.25,
            "gross_margin_4q_avg": 45.37,
            "net_income": 69685,
            "net_income_4q": null,
            "revenue": 542476,
            "revenue_4q": null,
            "common_shares": 775600,
            "book_valuer_per_share": 41.17,
            "book_valuer_per_share_4q_avg": 39.51,
            "equity": 3193019,
            "current_ratio": 235.92,
            "debt_ratio": 30.04,
            "inventory_turnover_ratio": 0.4,
            "account_receivable_turnover_ratio": 1.77,
            "reinvestment_rate": 26.91,
            "research_to_sale_ratio": 13.09,
            "price_fair": 177.61,
            "eps_avg_yearly": 5.07,
            "eps_latest_yearly": 3.6,
            "eps_growth_yearly": 366.25
        },
        "20231": {
            "year_quarter": 20231,
            "year": 2023,
            "quarter": 1,
            "eps": 2.31,
            "eps_growth_year": 40,
            "eps_4q": 6.67,
            "eps_4q_growth_year": 20.28,
            "roe": 5.43,
            "roe_4q": 16.56,
            "gross_profit": 348706,
            "gross_margin": 45.56,
            "gross_margin_4q_avg": 44.36,
            "net_income": 179243,
            "net_income_4q": null,
            "revenue": 765449,
            "revenue_4q": null,
            "common_shares": 775600,
            "book_valuer_per_share": 43.91,
            "book_valuer_per_share_4q_avg": 40.9,
            "equity": 3405785,
            "current_ratio": 193.11,
            "debt_ratio": 32.07,
            "inventory_turnover_ratio": 0.51,
            "account_receivable_turnover_ratio": 2.07,
            "reinvestment_rate": 42.71,
            "research_to_sale_ratio": 7.94,
            "price_fair": 186.73,
            "eps_avg_yearly": 5.34,
            "eps_latest_yearly": 9.24,
            "eps_growth_yearly": 382.53
        },
        "20232": {
            "year_quarter": 20232,
            "year": 2023,
            "quarter": 2,
            "eps": 0.38,
            "eps_growth_year": -80.1,
            "eps_4q": 5.15,
            "eps_4q_growth_year": -11.64,
            "roe": 0.88,
            "roe_4q": 12.48,
            "gross_profit": 156314,
            "gross_margin": 29.69,
            "gross_margin_4q_avg": 40.24,
            "net_income": 29604,
            "net_income_4q": null,
            "revenue": 526441,
            "revenue_4q": null,
            "common_shares": 775600,
            "book_valuer_per_share": 42.74,
            "book_valuer_per_share_4q_avg": 41.95,
            "equity": 3315090,
            "current_ratio": 245.62,
            "debt_ratio": 32.72,
            "inventory_turnover_ratio": 0.44,
            "account_receivable_turnover_ratio": 1.31,
            "reinvestment_rate": 37.02,
            "research_to_sale_ratio": 11.75,
            "price_fair": 188.56,
            "eps_avg_yearly": 5.39,
            "eps_latest_yearly": 1.52,
            "eps_growth_yearly": 378.62
        },
        "20233": {
            "year_quarter": 20233,
            "year": 2023,
            "quarter": 3,
            "eps": 0.15,
            "eps_growth_year": -90.38,
            "eps_4q": 3.74,
            "eps_4q_growth_year": -40.46,
            "roe": 0.36,
            "roe_4q": 8.879999999999999,
            "gross_profit": 101645,
            "gross_margin": 29.98,
            "gross_margin_4q_avg": 36.87,
            "net_income": 11834,
            "net_income_4q": null,
            "revenue": 339064,
            "revenue_4q": null,
            "common_shares": 775600,
            "book_valuer_per_share": 42.68,
            "book_valuer_per_share_4q_avg": 42.63,
            "equity": 3309977,
            "current_ratio": 223.96,
            "debt_ratio": 34.28,
            "inventory_turnover_ratio": 0.24,
            "account_receivable_turnover_ratio": 1.08,
            "reinvestment_rate": 33.54,
            "research_to_sale_ratio": 18.89,
            "price_fair": 186.99,
            "eps_avg_yearly": 5.34,
            "eps_latest_yearly": 0.6,
            "eps_growth_yearly": 339.96
        }
    },
    "months": {
        "2009-12": {
            "month": "2009-12",
            "price": "65.81",
            "revenue": 86086
        },
        "2010-01": {
            "month": "2010-01",
            "price": "63.36",
            "revenue": 92020
        },
        "2010-02": {
            "month": "2010-02",
            "price": "55.38",
            "revenue": 93679
        },
        "2010-03": {
            "month": "2010-03",
            "price": "59.31",
            "revenue": 104793
        },
        "2010-04": {
            "month": "2010-04",
            "price": "65.93",
            "revenue": 84319
        },
        "2010-05": {
            "month": "2010-05",
            "price": "62.51",
            "revenue": 80327
        },
        "2010-06": {
            "month": "2010-06",
            "price": "59.25",
            "revenue": 135717
        },
        "2010-07": {
            "month": "2010-07",
            "price": "59.74",
            "revenue": 142032
        },
        "2010-08": {
            "month": "2010-08",
            "price": "66.33",
            "revenue": 100476
        },
        "2010-09": {
            "month": "2010-09",
            "price": "70.92",
            "revenue": 84571
        },
        "2010-10": {
            "month": "2010-10",
            "price": "66.31",
            "revenue": 90991
        },
        "2010-11": {
            "month": "2010-11",
            "price": "65.62",
            "revenue": 104272
        },
        "2010-12": {
            "month": "2010-12",
            "price": "60.48",
            "revenue": 96072
        },
        "2011-01": {
            "month": "2011-01",
            "price": "65.20",
            "revenue": 109964
        },
        "2011-02": {
            "month": "2011-02",
            "price": "68.78",
            "revenue": 76863
        },
        "2011-03": {
            "month": "2011-03",
            "price": "67.24",
            "revenue": 91747
        },
        "2011-04": {
            "month": "2011-04",
            "price": "70.28",
            "revenue": 108666
        },
        "2011-05": {
            "month": "2011-05",
            "price": "82.34",
            "revenue": 88517
        },
        "2011-06": {
            "month": "2011-06",
            "price": "76.20",
            "revenue": 90689
        },
        "2011-07": {
            "month": "2011-07",
            "price": "80.68",
            "revenue": 96601
        },
        "2011-08": {
            "month": "2011-08",
            "price": "61.90",
            "revenue": 97439
        },
        "2011-09": {
            "month": "2011-09",
            "price": "52.57",
            "revenue": 103038
        },
        "2011-10": {
            "month": "2011-10",
            "price": "58.36",
            "revenue": 115521
        },
        "2011-11": {
            "month": "2011-11",
            "price": "56.89",
            "revenue": 105601
        },
        "2011-12": {
            "month": "2011-12",
            "price": "50.82",
            "revenue": 83180
        },
        "2012-01": {
            "month": "2012-01",
            "price": "50.74",
            "revenue": 52487
        },
        "2012-02": {
            "month": "2012-02",
            "price": "58.19",
            "revenue": 90165
        },
        "2012-03": {
            "month": "2012-03",
            "price": "56.11",
            "revenue": 155716
        },
        "2012-04": {
            "month": "2012-04",
            "price": "51.40",
            "revenue": 131981
        },
        "2012-05": {
            "month": "2012-05",
            "price": "50.45",
            "revenue": 146356
        },
        "2012-06": {
            "month": "2012-06",
            "price": "47.08",
            "revenue": 122812
        },
        "2012-07": {
            "month": "2012-07",
            "price": "47.92",
            "revenue": 120419
        },
        "2012-08": {
            "month": "2012-08",
            "price": "49.54",
            "revenue": 130188
        },
        "2012-09": {
            "month": "2012-09",
            "price": "55.34",
            "revenue": 111921
        },
        "2012-10": {
            "month": "2012-10",
            "price": "53.68",
            "revenue": 111292
        },
        "2012-11": {
            "month": "2012-11",
            "price": "48.55",
            "revenue": 99817
        },
        "2012-12": {
            "month": "2012-12",
            "price": "52.21",
            "revenue": 56430
        },
        "2013-01": {
            "month": "2013-01",
            "price": "51.66",
            "revenue": 111772
        },
        "2013-02": {
            "month": "2013-02",
            "price": "52.19",
            "revenue": 37126
        },
        "2013-03": {
            "month": "2013-03",
            "price": "51.61",
            "revenue": 147500
        },
        "2013-04": {
            "month": "2013-04",
            "price": "51.72",
            "revenue": 98998
        },
        "2013-05": {
            "month": "2013-05",
            "price": "49.18",
            "revenue": 70909
        },
        "2013-06": {
            "month": "2013-06",
            "price": "46.98",
            "revenue": 103992
        },
        "2013-07": {
            "month": "2013-07",
            "price": "46.74",
            "revenue": 88107
        },
        "2013-08": {
            "month": "2013-08",
            "price": "47.66",
            "revenue": 64607
        },
        "2013-09": {
            "month": "2013-09",
            "price": "52.56",
            "revenue": 52041
        },
        "2013-10": {
            "month": "2013-10",
            "price": "54.97",
            "revenue": 80400
        },
        "2013-11": {
            "month": "2013-11",
            "price": "53.13",
            "revenue": 88331
        },
        "2013-12": {
            "month": "2013-12",
            "price": "50.66",
            "revenue": 100215
        },
        "2014-01": {
            "month": "2014-01",
            "price": "50.34",
            "revenue": 111160
        },
        "2014-02": {
            "month": "2014-02",
            "price": "51.31",
            "revenue": 64180
        },
        "2014-03": {
            "month": "2014-03",
            "price": "51.18",
            "revenue": 73755
        },
        "2014-04": {
            "month": "2014-04",
            "price": "47.25",
            "revenue": 95643
        },
        "2014-05": {
            "month": "2014-05",
            "price": "44.22",
            "revenue": 94471
        },
        "2014-06": {
            "month": "2014-06",
            "price": "44.68",
            "revenue": 52423
        },
        "2014-07": {
            "month": "2014-07",
            "price": "44.05",
            "revenue": 61969
        },
        "2014-08": {
            "month": "2014-08",
            "price": "38.41",
            "revenue": 14584
        },
        "2014-09": {
            "month": "2014-09",
            "price": "36.48",
            "revenue": 86097
        },
        "2014-10": {
            "month": "2014-10",
            "price": "34.45",
            "revenue": 107809
        },
        "2014-11": {
            "month": "2014-11",
            "price": "32.55",
            "revenue": 75632
        },
        "2014-12": {
            "month": "2014-12",
            "price": "33.51",
            "revenue": 108981
        },
        "2015-01": {
            "month": "2015-01",
            "price": "33.36",
            "revenue": 36984
        },
        "2015-02": {
            "month": "2015-02",
            "price": "31.75",
            "revenue": 53152
        },
        "2015-03": {
            "month": "2015-03",
            "price": "31.82",
            "revenue": 166572
        },
        "2015-04": {
            "month": "2015-04",
            "price": "34.68",
            "revenue": 92121
        },
        "2015-05": {
            "month": "2015-05",
            "price": "33.46",
            "revenue": 93789
        },
        "2015-06": {
            "month": "2015-06",
            "price": "31.57",
            "revenue": 97009
        },
        "2015-07": {
            "month": "2015-07",
            "price": "33.20",
            "revenue": 65126
        },
        "2015-08": {
            "month": "2015-08",
            "price": "29.35",
            "revenue": 93126
        },
        "2015-09": {
            "month": "2015-09",
            "price": "29.80",
            "revenue": 107638
        },
        "2015-10": {
            "month": "2015-10",
            "price": "32.87",
            "revenue": 112269
        },
        "2015-11": {
            "month": "2015-11",
            "price": "36.05",
            "revenue": 107794
        },
        "2015-12": {
            "month": "2015-12",
            "price": "40.55",
            "revenue": 136520
        },
        "2016-01": {
            "month": "2016-01",
            "price": "39.14",
            "revenue": 103458
        },
        "2016-02": {
            "month": "2016-02",
            "price": "41.33",
            "revenue": 53791
        },
        "2016-03": {
            "month": "2016-03",
            "price": "39.30",
            "revenue": 109236
        },
        "2016-04": {
            "month": "2016-04",
            "price": "36.71",
            "revenue": 117920
        },
        "2016-05": {
            "month": "2016-05",
            "price": "33.88",
            "revenue": 96939
        },
        "2016-06": {
            "month": "2016-06",
            "price": "32.69",
            "revenue": 81811
        },
        "2016-07": {
            "month": "2016-07",
            "price": "31.49",
            "revenue": 133344
        },
        "2016-08": {
            "month": "2016-08",
            "price": "29.90",
            "revenue": 111343
        },
        "2016-09": {
            "month": "2016-09",
            "price": "29.67",
            "revenue": 89060
        },
        "2016-10": {
            "month": "2016-10",
            "price": "28.21",
            "revenue": 58174
        },
        "2016-11": {
            "month": "2016-11",
            "price": "26.43",
            "revenue": 100609
        },
        "2016-12": {
            "month": "2016-12",
            "price": "26.60",
            "revenue": 137670
        },
        "2017-01": {
            "month": "2017-01",
            "price": "27.22",
            "revenue": 101185
        },
        "2017-02": {
            "month": "2017-02",
            "price": "28.13",
            "revenue": 68681
        },
        "2017-03": {
            "month": "2017-03",
            "price": "27.85",
            "revenue": 102364
        },
        "2017-04": {
            "month": "2017-04",
            "price": "26.42",
            "revenue": 34586
        },
        "2017-05": {
            "month": "2017-05",
            "price": "24.73",
            "revenue": 72840
        },
        "2017-06": {
            "month": "2017-06",
            "price": "24.16",
            "revenue": 83289
        },
        "2017-07": {
            "month": "2017-07",
            "price": "23.86",
            "revenue": 128423
        },
        "2017-08": {
            "month": "2017-08",
            "price": "22.62",
            "revenue": 97231
        },
        "2017-09": {
            "month": "2017-09",
            "price": "22.55",
            "revenue": 136102
        },
        "2017-10": {
            "month": "2017-10",
            "price": "22.22",
            "revenue": 132873
        },
        "2017-11": {
            "month": "2017-11",
            "price": "24.43",
            "revenue": 78064
        },
        "2017-12": {
            "month": "2017-12",
            "price": "25.13",
            "revenue": 132608
        },
        "2018-01": {
            "month": "2018-01",
            "price": "25.62",
            "revenue": 89649
        },
        "2018-02": {
            "month": "2018-02",
            "price": "23.98",
            "revenue": 84339
        },
        "2018-03": {
            "month": "2018-03",
            "price": "24.84",
            "revenue": 101977
        },
        "2018-04": {
            "month": "2018-04",
            "price": "25.61",
            "revenue": 84465
        },
        "2018-05": {
            "month": "2018-05",
            "price": "24.78",
            "revenue": 73212
        },
        "2018-06": {
            "month": "2018-06",
            "price": "24.47",
            "revenue": 175399
        },
        "2018-07": {
            "month": "2018-07",
            "price": "24.99",
            "revenue": 65710
        },
        "2018-08": {
            "month": "2018-08",
            "price": "25.73",
            "revenue": 42336
        },
        "2018-09": {
            "month": "2018-09",
            "price": "24.43",
            "revenue": 71828
        },
        "2018-10": {
            "month": "2018-10",
            "price": "23.20",
            "revenue": 88021
        },
        "2018-11": {
            "month": "2018-11",
            "price": "21.66",
            "revenue": 70890
        },
        "2018-12": {
            "month": "2018-12",
            "price": "22.83",
            "revenue": 71627
        },
        "2019-01": {
            "month": "2019-01",
            "price": "23.57",
            "revenue": 151934
        },
        "2019-02": {
            "month": "2019-02",
            "price": "24.60",
            "revenue": 78679
        },
        "2019-03": {
            "month": "2019-03",
            "price": "24.79",
            "revenue": 114851
        },
        "2019-04": {
            "month": "2019-04",
            "price": "25.02",
            "revenue": 71108
        },
        "2019-05": {
            "month": "2019-05",
            "price": "25.03",
            "revenue": 115948
        },
        "2019-06": {
            "month": "2019-06",
            "price": "26.41",
            "revenue": 130971
        },
        "2019-07": {
            "month": "2019-07",
            "price": "36.49",
            "revenue": 75309
        },
        "2019-08": {
            "month": "2019-08",
            "price": "32.35",
            "revenue": 30258
        },
        "2019-09": {
            "month": "2019-09",
            "price": "33.27",
            "revenue": 111450
        },
        "2019-10": {
            "month": "2019-10",
            "price": "33.95",
            "revenue": 82561
        },
        "2019-11": {
            "month": "2019-11",
            "price": "35.97",
            "revenue": 87831
        },
        "2019-12": {
            "month": "2019-12",
            "price": "35.33",
            "revenue": 105740
        },
        "2020-01": {
            "month": "2020-01",
            "price": "35.81",
            "revenue": 136448
        },
        "2020-02": {
            "month": "2020-02",
            "price": "38.15",
            "revenue": 57109
        },
        "2020-03": {
            "month": "2020-03",
            "price": "35.00",
            "revenue": 113883
        },
        "2020-04": {
            "month": "2020-04",
            "price": "40.63",
            "revenue": 184136
        },
        "2020-05": {
            "month": "2020-05",
            "price": "61.85",
            "revenue": 85882
        },
        "2020-06": {
            "month": "2020-06",
            "price": "58.94",
            "revenue": 121894
        },
        "2020-07": {
            "month": "2020-07",
            "price": "56.73",
            "revenue": 124018
        },
        "2020-08": {
            "month": "2020-08",
            "price": "53.48",
            "revenue": 98590
        },
        "2020-09": {
            "month": "2020-09",
            "price": "64.29",
            "revenue": 62016
        },
        "2020-10": {
            "month": "2020-10",
            "price": "64.64",
            "revenue": 240784
        },
        "2020-11": {
            "month": "2020-11",
            "price": "64.93",
            "revenue": 171870
        },
        "2020-12": {
            "month": "2020-12",
            "price": "61.90",
            "revenue": 146960
        },
        "2021-01": {
            "month": "2021-01",
            "price": "56.43",
            "revenue": 165372
        },
        "2021-02": {
            "month": "2021-02",
            "price": "56.24",
            "revenue": 119871
        },
        "2021-03": {
            "month": "2021-03",
            "price": "58.09",
            "revenue": 136367
        },
        "2021-04": {
            "month": "2021-04",
            "price": "62.05",
            "revenue": 79533
        },
        "2021-05": {
            "month": "2021-05",
            "price": "63.40",
            "revenue": 189610
        },
        "2021-06": {
            "month": "2021-06",
            "price": "65.12",
            "revenue": 230689
        },
        "2021-07": {
            "month": "2021-07",
            "price": "63.03",
            "revenue": 196314
        },
        "2021-08": {
            "month": "2021-08",
            "price": "67.10",
            "revenue": 175815
        },
        "2021-09": {
            "month": "2021-09",
            "price": "79.96",
            "revenue": 133463
        },
        "2021-10": {
            "month": "2021-10",
            "price": "69.89",
            "revenue": 136579
        },
        "2021-11": {
            "month": "2021-11",
            "price": "63.32",
            "revenue": 129732
        },
        "2021-12": {
            "month": "2021-12",
            "price": "65.65",
            "revenue": 241357
        },
        "2022-01": {
            "month": "2022-01",
            "price": "64.43",
            "revenue": 143662
        },
        "2022-02": {
            "month": "2022-02",
            "price": "60.39",
            "revenue": 117001
        },
        "2022-03": {
            "month": "2022-03",
            "price": "53.77",
            "revenue": 268869
        },
        "2022-04": {
            "month": "2022-04",
            "price": "61.49",
            "revenue": 219036
        },
        "2022-05": {
            "month": "2022-05",
            "price": "58.54",
            "revenue": 120712
        },
        "2022-06": {
            "month": "2022-06",
            "price": "56.82",
            "revenue": 239655
        },
        "2022-07": {
            "month": "2022-07",
            "price": "55.37",
            "revenue": 130715
        },
        "2022-08": {
            "month": "2022-08",
            "price": "58.67",
            "revenue": 156945
        },
        "2022-09": {
            "month": "2022-09",
            "price": "56.46",
            "revenue": 178072
        },
        "2022-10": {
            "month": "2022-10",
            "price": "53.00",
            "revenue": 219183
        },
        "2022-11": {
            "month": "2022-11",
            "price": "55.99",
            "revenue": 175154
        },
        "2022-12": {
            "month": "2022-12",
            "price": "62.65",
            "revenue": 148138
        },
        "2023-01": {
            "month": "2023-01",
            "price": "61.80",
            "revenue": 262890
        },
        "2023-02": {
            "month": "2023-02",
            "price": "65.52",
            "revenue": 285652
        },
        "2023-03": {
            "month": "2023-03",
            "price": "72.86",
            "revenue": 216908
        },
        "2023-04": {
            "month": "2023-04",
            "price": "88.58",
            "revenue": 213290
        },
        "2023-05": {
            "month": "2023-05",
            "price": "94.75",
            "revenue": 181028
        },
        "2023-06": {
            "month": "2023-06",
            "price": "88.09",
            "revenue": 132165
        },
        "2023-07": {
            "month": "2023-07",
            "price": "82.14",
            "revenue": 106273
        },
        "2023-08": {
            "month": "2023-08",
            "price": "66.29",
            "revenue": 158641
        },
        "2023-09": {
            "month": "2023-09",
            "price": "60.66",
            "revenue": 74242
        },
        "2023-10": {
            "month": "2023-10",
            "price": "55.41",
            "revenue": 183897
        },
        "2023-11": {
            "month": "2023-11",
            "price": "56.45",
            "revenue": 153828
        },
        "2023-12": {
            "month": "2023-12",
            "price": "57.41",
            "revenue": 117627
        }
    }
}
