{
    "summary": {
        "stock_name": "勝一",
        "stock_id": "1773",
        "category": "化工",
        "main_business": "醋酸丁酯、醋酸丙酯、丙二醇甲醚醋酸酯、丙二醇甲醚丙酸酯、<br>甲醛、尿素甲醛樹脂、有機化學溶劑等製造、加工、買賣及外銷等",
        "website_url": "http://www.shinychem.com.tw/",
        "ceo": "孫靜源",
        "pe_ratio": 29,
        "report_year_from": 2001,
        "report_year_to": 2023,
        "age": 23,
        "eps_negative_percentage": 0,
        "eps_growth_avg": {
            "last_all": 6.31,
            "last_2y": -0.86,
            "last_4y": 1.63,
            "last_8y": 7.55,
            "last_12y": 3.31,
            "last_16y": null,
            "last_20y": null,
            "at_2006_last_3y": null,
            "at_2007_last_3y": null,
            "at_2008_last_3y": null,
            "at_2009_last_3y": null,
            "at_2010_last_3y": null,
            "at_2011_last_3y": 8.11,
            "at_2012_last_3y": 18.3,
            "at_2013_last_3y": 6.28,
            "at_2014_last_3y": -6.23,
            "at_2015_last_3y": 3.42,
            "at_2016_last_3y": 7.58,
            "at_2017_last_3y": 10.55,
            "at_2018_last_3y": 14.94,
            "at_2019_last_3y": 10.45,
            "at_2020_last_3y": 7.15,
            "at_2021_last_3y": 10.49,
            "at_2022_last_3y": 6.74,
            "at_2023_last_3y": 3.25,
            "at_2024_last_3y": 3.25,
            "at_2006_last_all": null,
            "at_2007_last_all": null,
            "at_2008_last_all": null,
            "at_2009_last_all": 9.74,
            "at_2010_last_all": 19.32,
            "at_2011_last_all": 8.11,
            "at_2012_last_all": 8.92,
            "at_2013_last_all": 7.43,
            "at_2014_last_all": 4.72,
            "at_2015_last_all": 5.76,
            "at_2016_last_all": 8.32,
            "at_2017_last_all": 8.68,
            "at_2018_last_all": 8.43,
            "at_2019_last_all": 7.33,
            "at_2020_last_all": 7.96,
            "at_2021_last_all": 9.2,
            "at_2022_last_all": 7.98,
            "at_2023_last_all": 6.31,
            "at_2024_last_all": 6.31
        },
        "latest_eps": 6.31,
        "latest_price": 182.5,
        "latest_roe": 18.86,
        "latest_gross_margin": 33.91,
        "latest_equity": 8704606,
        "latest_revenue": 2555806,
        "latest_gross_profit": 866691,
        "latest_net_income": 412319,
        "latest_debt_ratio": 39.92,
        "latest_current_ratio": 122.04,
        "latest_account_receivable_turnover_ratio": 1.89,
        "latest_inventory_turnover_ratio": 1.05,
        "latest_reinvestment_rate": 90.9,
        "latest_research_to_sale_ratio": 3
    },
    "eps_dividends": {
        "2001": {
            "cash": 0,
            "stock": 0,
            "eps": 0
        },
        "2002": {
            "cash": 0,
            "stock": 0,
            "eps": 0
        },
        "2003": {
            "cash": 0,
            "stock": 0,
            "eps": 0
        },
        "2004": {
            "cash": 1,
            "stock": 0,
            "eps": 0
        },
        "2005": {
            "cash": 0,
            "stock": 0,
            "eps": 0
        },
        "2006": {
            "cash": 0,
            "stock": 0,
            "eps": 0
        },
        "2007": {
            "cash": 1,
            "stock": 1,
            "eps": 3.32
        },
        "2008": {
            "cash": 3,
            "stock": 0,
            "eps": 2.37
        },
        "2009": {
            "cash": 1.5,
            "stock": 0,
            "eps": 3.51
        },
        "2010": {
            "cash": 2.5,
            "stock": 0,
            "eps": 4.86
        },
        "2011": {
            "cash": 6.6,
            "stock": 0,
            "eps": 3.62
        },
        "2012": {
            "cash": 0,
            "stock": 0,
            "eps": 4.06
        },
        "2013": {
            "cash": 3,
            "stock": 0,
            "eps": 4.06
        },
        "2014": {
            "cash": 2,
            "stock": 1.24,
            "eps": 3.59
        },
        "2015": {
            "cash": 2.6,
            "stock": 0,
            "eps": 4.06
        },
        "2016": {
            "cash": 3,
            "stock": 0,
            "eps": 5.23
        },
        "2017": {
            "cash": 4,
            "stock": 0,
            "eps": 5.85
        },
        "2018": {
            "cash": 4.6,
            "stock": 0,
            "eps": 6.2
        },
        "2019": {
            "cash": 5,
            "stock": 0,
            "eps": 5.9
        },
        "2020": {
            "cash": 2.2,
            "stock": 2,
            "eps": 6.82
        },
        "2021": {
            "cash": 3.49,
            "stock": 1.11,
            "eps": 8.54
        },
        "2022": {
            "cash": 3,
            "stock": 2.5,
            "eps": 7.77
        },
        "2023": {
            "cash": 3.6,
            "stock": 0,
            "eps": 6.31
        },
        "2024": {
            "cash": 3.2,
            "stock": 0,
            "eps": 0
        }
    },
    "dividends": {
        "2004-04-08": {
            "cash": 1,
            "stock": 0
        },
        "2007-04-19": {
            "cash": 1,
            "stock": 1
        },
        "2008-04-14": {
            "cash": 3,
            "stock": 0
        },
        "2009-03-27": {
            "cash": 1.5,
            "stock": 0
        },
        "2010-03-23": {
            "cash": 2.5,
            "stock": 0
        },
        "2011-01-01": {
            "cash": 2.6,
            "stock": 0
        },
        "2011-03-29": {
            "cash": 4,
            "stock": 0
        },
        "2013-03-22": {
            "cash": 3,
            "stock": 0
        },
        "2014-08-21": {
            "cash": 2,
            "stock": 1.24
        },
        "2015-07-10": {
            "cash": 2.6,
            "stock": 0
        },
        "2016-07-06": {
            "cash": 3,
            "stock": 0
        },
        "2017-07-19": {
            "cash": 4,
            "stock": 0
        },
        "2018-07-06": {
            "cash": 4.6,
            "stock": 0
        },
        "2019-07-10": {
            "cash": 5,
            "stock": 0
        },
        "2020-08-05": {
            "cash": 2.2,
            "stock": 2
        },
        "2021-09-17": {
            "cash": 3.49,
            "stock": 1.11
        },
        "2022-07-29": {
            "cash": 3,
            "stock": 2.5
        },
        "2023-07-28": {
            "cash": 3.6,
            "stock": 0
        },
        "2024-02-21": {
            "cash": 3.2,
            "stock": 0
        }
    },
    "prices": {
        "200101": "無",
        "200102": "無",
        "200103": "無",
        "200104": "無",
        "200105": "無",
        "200106": "無",
        "200107": "無",
        "200108": "無",
        "200109": "無",
        "200110": "無",
        "200111": "無",
        "200112": "無",
        "200201": "無",
        "200202": "無",
        "200203": "無",
        "200204": "無",
        "200205": "無",
        "200206": "無",
        "200207": "無",
        "200208": "無",
        "200209": "無",
        "200210": "無",
        "200211": "無",
        "200212": "無",
        "200301": "無",
        "200302": "無",
        "200303": "無",
        "200304": "無",
        "200305": "無",
        "200306": "無",
        "200307": "無",
        "200308": "無",
        "200309": "無",
        "200310": "無",
        "200311": "無",
        "200312": "無",
        "200401": "無",
        "200402": "無",
        "200403": "無",
        "200404": "無",
        "200405": "無",
        "200406": "無",
        "200407": "無",
        "200408": "無",
        "200409": "無",
        "200410": "無",
        "200411": "無",
        "200412": "無",
        "200501": "無",
        "200502": "無",
        "200503": "無",
        "200504": "無",
        "200505": "無",
        "200506": "無",
        "200507": "無",
        "200508": "無",
        "200509": "無",
        "200510": "無",
        "200511": "無",
        "200512": "無",
        "200601": "無",
        "200602": "無",
        "200603": "無",
        "200604": "無",
        "200605": "無",
        "200606": "無",
        "200607": "無",
        "200608": "無",
        "200609": "無",
        "200610": "無",
        "200611": "無",
        "200612": "無",
        "200701": "無",
        "200702": "無",
        "200703": "無",
        "200704": "無",
        "200705": "無",
        "200706": "無",
        "200707": "無",
        "200708": "無",
        "200709": "無",
        "200710": "無",
        "200711": "無",
        "200712": "無",
        "200801": "無",
        "200802": "24.45",
        "200803": "24.20",
        "200804": "30.09",
        "200805": "33.48",
        "200806": "33.21",
        "200807": "31.17",
        "200808": "27.41",
        "200809": "26.79",
        "200810": "24.07",
        "200811": "22.07",
        "200812": "19.52",
        "200901": "19.75",
        "200902": "18.50",
        "200903": "16.46",
        "200904": "19.09",
        "200905": "19.33",
        "200906": "19.65",
        "200907": "20.34",
        "200908": "24.40",
        "200909": "31.67",
        "200910": "34.11",
        "200911": "33.11",
        "200912": "33.55",
        "201001": "35.44",
        "201002": "33.36",
        "201003": "36.51",
        "201004": "41.50",
        "201005": "40.69",
        "201006": "40.56",
        "201007": "37.80",
        "201008": "40.27",
        "201009": "40.19",
        "201010": "47.15",
        "201011": "44.34",
        "201012": "46.07",
        "201101": "47.42",
        "201102": "45.96",
        "201103": "45.75",
        "201104": "50.26",
        "201105": "49.43",
        "201106": "49.17",
        "201107": "45.73",
        "201108": "39.21",
        "201109": "38.53",
        "201110": "37.58",
        "201111": "35.35",
        "201112": "33.05",
        "201201": "33.67",
        "201202": "37.28",
        "201203": "39.29",
        "201204": "37.76",
        "201205": "39.22",
        "201206": "38.67",
        "201207": "36.91",
        "201208": "38.77",
        "201209": "39.40",
        "201210": "38.70",
        "201211": "39.19",
        "201212": "40.41",
        "201301": "42.18",
        "201302": "42.95",
        "201303": "44.06",
        "201304": "44.52",
        "201305": "44.26",
        "201306": "44.25",
        "201307": "43.53",
        "201308": "45.30",
        "201309": "46.90",
        "201310": "48.43",
        "201311": "49.08",
        "201312": "49.19",
        "201401": "50.46",
        "201402": "50.83",
        "201403": "52.20",
        "201404": "54.71",
        "201405": "53.84",
        "201406": "55.10",
        "201407": "54.18",
        "201408": "48.05",
        "201409": "47.04",
        "201410": "44.43",
        "201411": "44.08",
        "201412": "44.44",
        "201501": "44.16",
        "201502": "43.42",
        "201503": "44.35",
        "201504": "44.61",
        "201505": "45.77",
        "201506": "42.42",
        "201507": "40.18",
        "201508": "39.89",
        "201509": "39.86",
        "201510": "41.00",
        "201511": "41.70",
        "201512": "40.23",
        "201601": "39.26",
        "201602": "39.69",
        "201603": "43.48",
        "201604": "43.64",
        "201605": "44.33",
        "201606": "42.46",
        "201607": "43.36",
        "201608": "46.42",
        "201609": "47.80",
        "201610": "49.53",
        "201611": "51.34",
        "201612": "53.50",
        "201701": "54.54",
        "201702": "56.05",
        "201703": "61.59",
        "201704": "63.67",
        "201705": "64.14",
        "201706": "66.35",
        "201707": "64.09",
        "201708": "65.23",
        "201709": "66.40",
        "201710": "75.77",
        "201711": "76.85",
        "201712": "73.69",
        "201801": "84.11",
        "201802": "86.17",
        "201803": "86.33",
        "201804": "82.22",
        "201805": "84.94",
        "201806": "90.85",
        "201807": "103.06",
        "201808": "108.52",
        "201809": "98.47",
        "201810": "84.00",
        "201811": "83.39",
        "201812": "84.03",
        "201901": "83.51",
        "201902": "88.75",
        "201903": "91.80",
        "201904": "90.38",
        "201905": "85.53",
        "201906": "83.79",
        "201907": "82.30",
        "201908": "81.11",
        "201909": "83.39",
        "201910": "86.60",
        "201911": "93.59",
        "201912": "93.50",
        "202001": "94.74",
        "202002": "91.78",
        "202003": "88.29",
        "202004": "90.48",
        "202005": "96.49",
        "202006": "102.00",
        "202007": "111.13",
        "202008": "105.19",
        "202009": "102.24",
        "202010": "100.41",
        "202011": "102.09",
        "202012": "107.20",
        "202101": "104.45",
        "202102": "104.69",
        "202103": "110.05",
        "202104": "118.61",
        "202105": "112.95",
        "202106": "123.57",
        "202107": "134.11",
        "202108": "138.91",
        "202109": "139.25",
        "202110": "133.70",
        "202111": "137.02",
        "202112": "146.14",
        "202201": "161.56",
        "202202": "177.50",
        "202203": "211.78",
        "202204": "212.32",
        "202205": "199.76",
        "202206": "198.62",
        "202207": "142.36",
        "202208": "142.67",
        "202209": "125.62",
        "202210": "105.14",
        "202211": "109.30",
        "202212": "116.05",
        "202301": "118.15",
        "202302": "131.39",
        "202303": "120.04",
        "202304": "128.09",
        "202305": "126.89",
        "202306": "134.48",
        "202307": "135.14",
        "202308": "131.23",
        "202309": "132.08",
        "202310": "131.50",
        "202311": "130.45",
        "202312": "136.12"
    },
    "quarters": {
        "20011": {
            "year_quarter": 20011,
            "year": 2001,
            "quarter": 1,
            "eps": null,
            "eps_growth_year": null,
            "eps_4q": null,
            "eps_4q_growth_year": null,
            "roe": null,
            "roe_4q": 0,
            "gross_profit": null,
            "gross_margin": null,
            "gross_margin_4q_avg": 0,
            "net_income": null,
            "net_income_4q": null,
            "revenue": null,
            "revenue_4q": null,
            "common_shares": null,
            "book_valuer_per_share": null,
            "book_valuer_per_share_4q_avg": 0,
            "equity": null,
            "current_ratio": null,
            "debt_ratio": null,
            "inventory_turnover_ratio": null,
            "account_receivable_turnover_ratio": null,
            "reinvestment_rate": null,
            "research_to_sale_ratio": null,
            "price_fair": 0,
            "eps_avg_yearly": 0,
            "eps_latest_yearly": 0,
            "eps_growth_yearly": 0
        },
        "20012": {
            "year_quarter": 20012,
            "year": 2001,
            "quarter": 2,
            "eps": null,
            "eps_growth_year": null,
            "eps_4q": null,
            "eps_4q_growth_year": null,
            "roe": null,
            "roe_4q": 0,
            "gross_profit": null,
            "gross_margin": null,
            "gross_margin_4q_avg": 0,
            "net_income": null,
            "net_income_4q": null,
            "revenue": null,
            "revenue_4q": null,
            "common_shares": null,
            "book_valuer_per_share": null,
            "book_valuer_per_share_4q_avg": 0,
            "equity": null,
            "current_ratio": null,
            "debt_ratio": null,
            "inventory_turnover_ratio": null,
            "account_receivable_turnover_ratio": null,
            "reinvestment_rate": null,
            "research_to_sale_ratio": null,
            "price_fair": 0,
            "eps_avg_yearly": 0,
            "eps_latest_yearly": 0,
            "eps_growth_yearly": 0
        },
        "20013": {
            "year_quarter": 20013,
            "year": 2001,
            "quarter": 3,
            "eps": null,
            "eps_growth_year": null,
            "eps_4q": null,
            "eps_4q_growth_year": null,
            "roe": null,
            "roe_4q": 0,
            "gross_profit": null,
            "gross_margin": null,
            "gross_margin_4q_avg": 0,
            "net_income": null,
            "net_income_4q": null,
            "revenue": null,
            "revenue_4q": null,
            "common_shares": null,
            "book_valuer_per_share": null,
            "book_valuer_per_share_4q_avg": 0,
            "equity": null,
            "current_ratio": null,
            "debt_ratio": null,
            "inventory_turnover_ratio": null,
            "account_receivable_turnover_ratio": null,
            "reinvestment_rate": null,
            "research_to_sale_ratio": null,
            "price_fair": 0,
            "eps_avg_yearly": 0,
            "eps_latest_yearly": 0,
            "eps_growth_yearly": 0
        },
        "20014": {
            "year_quarter": 20014,
            "year": 2001,
            "quarter": 4,
            "eps": null,
            "eps_growth_year": null,
            "eps_4q": null,
            "eps_4q_growth_year": null,
            "roe": null,
            "roe_4q": 0,
            "gross_profit": null,
            "gross_margin": null,
            "gross_margin_4q_avg": 0,
            "net_income": null,
            "net_income_4q": null,
            "revenue": null,
            "revenue_4q": null,
            "common_shares": 800000,
            "book_valuer_per_share": 15.48,
            "book_valuer_per_share_4q_avg": 3.87,
            "equity": 1238288,
            "current_ratio": 116.88,
            "debt_ratio": 50.38,
            "inventory_turnover_ratio": null,
            "account_receivable_turnover_ratio": null,
            "reinvestment_rate": null,
            "research_to_sale_ratio": null,
            "price_fair": 0,
            "eps_avg_yearly": 0,
            "eps_latest_yearly": 0,
            "eps_growth_yearly": 0
        },
        "20021": {
            "year_quarter": 20021,
            "year": 2002,
            "quarter": 1,
            "eps": null,
            "eps_growth_year": null,
            "eps_4q": null,
            "eps_4q_growth_year": null,
            "roe": null,
            "roe_4q": 0,
            "gross_profit": null,
            "gross_margin": null,
            "gross_margin_4q_avg": 0,
            "net_income": null,
            "net_income_4q": null,
            "revenue": null,
            "revenue_4q": null,
            "common_shares": null,
            "book_valuer_per_share": null,
            "book_valuer_per_share_4q_avg": 3.87,
            "equity": null,
            "current_ratio": null,
            "debt_ratio": null,
            "inventory_turnover_ratio": null,
            "account_receivable_turnover_ratio": null,
            "reinvestment_rate": null,
            "research_to_sale_ratio": null,
            "price_fair": 0,
            "eps_avg_yearly": 0,
            "eps_latest_yearly": 0,
            "eps_growth_yearly": 0
        },
        "20022": {
            "year_quarter": 20022,
            "year": 2002,
            "quarter": 2,
            "eps": null,
            "eps_growth_year": null,
            "eps_4q": null,
            "eps_4q_growth_year": null,
            "roe": null,
            "roe_4q": 0,
            "gross_profit": null,
            "gross_margin": null,
            "gross_margin_4q_avg": 0,
            "net_income": null,
            "net_income_4q": null,
            "revenue": null,
            "revenue_4q": null,
            "common_shares": null,
            "book_valuer_per_share": null,
            "book_valuer_per_share_4q_avg": 3.87,
            "equity": null,
            "current_ratio": null,
            "debt_ratio": null,
            "inventory_turnover_ratio": null,
            "account_receivable_turnover_ratio": null,
            "reinvestment_rate": null,
            "research_to_sale_ratio": null,
            "price_fair": 0,
            "eps_avg_yearly": 0,
            "eps_latest_yearly": 0,
            "eps_growth_yearly": 0
        },
        "20023": {
            "year_quarter": 20023,
            "year": 2002,
            "quarter": 3,
            "eps": null,
            "eps_growth_year": null,
            "eps_4q": null,
            "eps_4q_growth_year": null,
            "roe": null,
            "roe_4q": 0,
            "gross_profit": null,
            "gross_margin": null,
            "gross_margin_4q_avg": 0,
            "net_income": null,
            "net_income_4q": null,
            "revenue": null,
            "revenue_4q": null,
            "common_shares": null,
            "book_valuer_per_share": null,
            "book_valuer_per_share_4q_avg": 3.87,
            "equity": null,
            "current_ratio": null,
            "debt_ratio": null,
            "inventory_turnover_ratio": null,
            "account_receivable_turnover_ratio": null,
            "reinvestment_rate": null,
            "research_to_sale_ratio": null,
            "price_fair": 0,
            "eps_avg_yearly": 0,
            "eps_latest_yearly": 0,
            "eps_growth_yearly": 0
        },
        "20024": {
            "year_quarter": 20024,
            "year": 2002,
            "quarter": 4,
            "eps": null,
            "eps_growth_year": null,
            "eps_4q": null,
            "eps_4q_growth_year": null,
            "roe": null,
            "roe_4q": 0,
            "gross_profit": null,
            "gross_margin": null,
            "gross_margin_4q_avg": 0,
            "net_income": null,
            "net_income_4q": null,
            "revenue": null,
            "revenue_4q": null,
            "common_shares": 800000,
            "book_valuer_per_share": 17.65,
            "book_valuer_per_share_4q_avg": 4.41,
            "equity": 1411825,
            "current_ratio": 123.56,
            "debt_ratio": 53.44,
            "inventory_turnover_ratio": null,
            "account_receivable_turnover_ratio": null,
            "reinvestment_rate": null,
            "research_to_sale_ratio": null,
            "price_fair": 0,
            "eps_avg_yearly": 0,
            "eps_latest_yearly": 0,
            "eps_growth_yearly": 0
        },
        "20031": {
            "year_quarter": 20031,
            "year": 2003,
            "quarter": 1,
            "eps": null,
            "eps_growth_year": null,
            "eps_4q": null,
            "eps_4q_growth_year": null,
            "roe": null,
            "roe_4q": 0,
            "gross_profit": null,
            "gross_margin": null,
            "gross_margin_4q_avg": 0,
            "net_income": null,
            "net_income_4q": null,
            "revenue": null,
            "revenue_4q": null,
            "common_shares": null,
            "book_valuer_per_share": null,
            "book_valuer_per_share_4q_avg": 4.41,
            "equity": null,
            "current_ratio": null,
            "debt_ratio": null,
            "inventory_turnover_ratio": null,
            "account_receivable_turnover_ratio": null,
            "reinvestment_rate": null,
            "research_to_sale_ratio": null,
            "price_fair": 0,
            "eps_avg_yearly": 0,
            "eps_latest_yearly": 0,
            "eps_growth_yearly": 0
        },
        "20032": {
            "year_quarter": 20032,
            "year": 2003,
            "quarter": 2,
            "eps": null,
            "eps_growth_year": null,
            "eps_4q": null,
            "eps_4q_growth_year": null,
            "roe": null,
            "roe_4q": 0,
            "gross_profit": null,
            "gross_margin": null,
            "gross_margin_4q_avg": 0,
            "net_income": null,
            "net_income_4q": null,
            "revenue": null,
            "revenue_4q": null,
            "common_shares": null,
            "book_valuer_per_share": null,
            "book_valuer_per_share_4q_avg": 4.41,
            "equity": null,
            "current_ratio": null,
            "debt_ratio": null,
            "inventory_turnover_ratio": null,
            "account_receivable_turnover_ratio": null,
            "reinvestment_rate": null,
            "research_to_sale_ratio": null,
            "price_fair": 0,
            "eps_avg_yearly": 0,
            "eps_latest_yearly": 0,
            "eps_growth_yearly": 0
        },
        "20033": {
            "year_quarter": 20033,
            "year": 2003,
            "quarter": 3,
            "eps": null,
            "eps_growth_year": null,
            "eps_4q": null,
            "eps_4q_growth_year": null,
            "roe": null,
            "roe_4q": 0,
            "gross_profit": null,
            "gross_margin": null,
            "gross_margin_4q_avg": 0,
            "net_income": null,
            "net_income_4q": null,
            "revenue": null,
            "revenue_4q": null,
            "common_shares": null,
            "book_valuer_per_share": null,
            "book_valuer_per_share_4q_avg": 4.41,
            "equity": null,
            "current_ratio": null,
            "debt_ratio": null,
            "inventory_turnover_ratio": null,
            "account_receivable_turnover_ratio": null,
            "reinvestment_rate": null,
            "research_to_sale_ratio": null,
            "price_fair": 0,
            "eps_avg_yearly": 0,
            "eps_latest_yearly": 0,
            "eps_growth_yearly": 0
        },
        "20034": {
            "year_quarter": 20034,
            "year": 2003,
            "quarter": 4,
            "eps": null,
            "eps_growth_year": null,
            "eps_4q": null,
            "eps_4q_growth_year": null,
            "roe": null,
            "roe_4q": 0,
            "gross_profit": null,
            "gross_margin": null,
            "gross_margin_4q_avg": 0,
            "net_income": null,
            "net_income_4q": null,
            "revenue": null,
            "revenue_4q": null,
            "common_shares": 800000,
            "book_valuer_per_share": 17.93,
            "book_valuer_per_share_4q_avg": 4.48,
            "equity": 1434114,
            "current_ratio": 145.79,
            "debt_ratio": 42.67,
            "inventory_turnover_ratio": null,
            "account_receivable_turnover_ratio": null,
            "reinvestment_rate": null,
            "research_to_sale_ratio": null,
            "price_fair": 0,
            "eps_avg_yearly": 0,
            "eps_latest_yearly": 0,
            "eps_growth_yearly": 0
        },
        "20041": {
            "year_quarter": 20041,
            "year": 2004,
            "quarter": 1,
            "eps": null,
            "eps_growth_year": null,
            "eps_4q": null,
            "eps_4q_growth_year": null,
            "roe": null,
            "roe_4q": 0,
            "gross_profit": null,
            "gross_margin": null,
            "gross_margin_4q_avg": 0,
            "net_income": null,
            "net_income_4q": null,
            "revenue": null,
            "revenue_4q": null,
            "common_shares": null,
            "book_valuer_per_share": null,
            "book_valuer_per_share_4q_avg": 4.48,
            "equity": null,
            "current_ratio": null,
            "debt_ratio": null,
            "inventory_turnover_ratio": null,
            "account_receivable_turnover_ratio": null,
            "reinvestment_rate": null,
            "research_to_sale_ratio": null,
            "price_fair": 0,
            "eps_avg_yearly": 0,
            "eps_latest_yearly": 0,
            "eps_growth_yearly": 0
        },
        "20042": {
            "year_quarter": 20042,
            "year": 2004,
            "quarter": 2,
            "eps": null,
            "eps_growth_year": null,
            "eps_4q": null,
            "eps_4q_growth_year": null,
            "roe": null,
            "roe_4q": 0,
            "gross_profit": null,
            "gross_margin": null,
            "gross_margin_4q_avg": 0,
            "net_income": null,
            "net_income_4q": null,
            "revenue": null,
            "revenue_4q": null,
            "common_shares": null,
            "book_valuer_per_share": null,
            "book_valuer_per_share_4q_avg": 4.48,
            "equity": null,
            "current_ratio": null,
            "debt_ratio": null,
            "inventory_turnover_ratio": null,
            "account_receivable_turnover_ratio": null,
            "reinvestment_rate": null,
            "research_to_sale_ratio": null,
            "price_fair": 0,
            "eps_avg_yearly": 0,
            "eps_latest_yearly": 0,
            "eps_growth_yearly": 0
        },
        "20043": {
            "year_quarter": 20043,
            "year": 2004,
            "quarter": 3,
            "eps": null,
            "eps_growth_year": null,
            "eps_4q": null,
            "eps_4q_growth_year": null,
            "roe": null,
            "roe_4q": 0,
            "gross_profit": null,
            "gross_margin": null,
            "gross_margin_4q_avg": 0,
            "net_income": null,
            "net_income_4q": null,
            "revenue": null,
            "revenue_4q": null,
            "common_shares": null,
            "book_valuer_per_share": null,
            "book_valuer_per_share_4q_avg": 4.48,
            "equity": null,
            "current_ratio": null,
            "debt_ratio": null,
            "inventory_turnover_ratio": null,
            "account_receivable_turnover_ratio": null,
            "reinvestment_rate": null,
            "research_to_sale_ratio": null,
            "price_fair": 0,
            "eps_avg_yearly": 0,
            "eps_latest_yearly": 0,
            "eps_growth_yearly": 0
        },
        "20044": {
            "year_quarter": 20044,
            "year": 2004,
            "quarter": 4,
            "eps": null,
            "eps_growth_year": null,
            "eps_4q": null,
            "eps_4q_growth_year": null,
            "roe": null,
            "roe_4q": 0,
            "gross_profit": null,
            "gross_margin": null,
            "gross_margin_4q_avg": 0,
            "net_income": null,
            "net_income_4q": null,
            "revenue": null,
            "revenue_4q": null,
            "common_shares": 800000,
            "book_valuer_per_share": 21.02,
            "book_valuer_per_share_4q_avg": 5.26,
            "equity": 1695804,
            "current_ratio": 127.07,
            "debt_ratio": 49.92,
            "inventory_turnover_ratio": null,
            "account_receivable_turnover_ratio": null,
            "reinvestment_rate": null,
            "research_to_sale_ratio": null,
            "price_fair": 0,
            "eps_avg_yearly": 0,
            "eps_latest_yearly": 0,
            "eps_growth_yearly": 0
        },
        "20051": {
            "year_quarter": 20051,
            "year": 2005,
            "quarter": 1,
            "eps": null,
            "eps_growth_year": null,
            "eps_4q": null,
            "eps_4q_growth_year": null,
            "roe": null,
            "roe_4q": 0,
            "gross_profit": null,
            "gross_margin": null,
            "gross_margin_4q_avg": 0,
            "net_income": null,
            "net_income_4q": null,
            "revenue": null,
            "revenue_4q": null,
            "common_shares": null,
            "book_valuer_per_share": null,
            "book_valuer_per_share_4q_avg": 5.26,
            "equity": null,
            "current_ratio": null,
            "debt_ratio": null,
            "inventory_turnover_ratio": null,
            "account_receivable_turnover_ratio": null,
            "reinvestment_rate": null,
            "research_to_sale_ratio": null,
            "price_fair": 0,
            "eps_avg_yearly": 0,
            "eps_latest_yearly": 0,
            "eps_growth_yearly": 0
        },
        "20052": {
            "year_quarter": 20052,
            "year": 2005,
            "quarter": 2,
            "eps": null,
            "eps_growth_year": null,
            "eps_4q": null,
            "eps_4q_growth_year": null,
            "roe": null,
            "roe_4q": 0,
            "gross_profit": null,
            "gross_margin": null,
            "gross_margin_4q_avg": 0,
            "net_income": null,
            "net_income_4q": null,
            "revenue": null,
            "revenue_4q": null,
            "common_shares": null,
            "book_valuer_per_share": null,
            "book_valuer_per_share_4q_avg": 5.26,
            "equity": null,
            "current_ratio": null,
            "debt_ratio": null,
            "inventory_turnover_ratio": null,
            "account_receivable_turnover_ratio": null,
            "reinvestment_rate": null,
            "research_to_sale_ratio": null,
            "price_fair": 0,
            "eps_avg_yearly": 0,
            "eps_latest_yearly": 0,
            "eps_growth_yearly": 0
        },
        "20053": {
            "year_quarter": 20053,
            "year": 2005,
            "quarter": 3,
            "eps": null,
            "eps_growth_year": null,
            "eps_4q": null,
            "eps_4q_growth_year": null,
            "roe": null,
            "roe_4q": 0,
            "gross_profit": null,
            "gross_margin": null,
            "gross_margin_4q_avg": 0,
            "net_income": null,
            "net_income_4q": null,
            "revenue": null,
            "revenue_4q": null,
            "common_shares": null,
            "book_valuer_per_share": null,
            "book_valuer_per_share_4q_avg": 5.26,
            "equity": null,
            "current_ratio": null,
            "debt_ratio": null,
            "inventory_turnover_ratio": null,
            "account_receivable_turnover_ratio": null,
            "reinvestment_rate": null,
            "research_to_sale_ratio": null,
            "price_fair": 0,
            "eps_avg_yearly": 0,
            "eps_latest_yearly": 0,
            "eps_growth_yearly": 0
        },
        "20054": {
            "year_quarter": 20054,
            "year": 2005,
            "quarter": 4,
            "eps": null,
            "eps_growth_year": null,
            "eps_4q": null,
            "eps_4q_growth_year": null,
            "roe": null,
            "roe_4q": 0,
            "gross_profit": null,
            "gross_margin": null,
            "gross_margin_4q_avg": 0,
            "net_income": null,
            "net_income_4q": null,
            "revenue": null,
            "revenue_4q": null,
            "common_shares": 1000000,
            "book_valuer_per_share": 18.41,
            "book_valuer_per_share_4q_avg": 4.6,
            "equity": 1858824,
            "current_ratio": 122.39,
            "debt_ratio": 52.37,
            "inventory_turnover_ratio": null,
            "account_receivable_turnover_ratio": null,
            "reinvestment_rate": null,
            "research_to_sale_ratio": null,
            "price_fair": 0,
            "eps_avg_yearly": 0,
            "eps_latest_yearly": 0,
            "eps_growth_yearly": 0
        },
        "20061": {
            "year_quarter": 20061,
            "year": 2006,
            "quarter": 1,
            "eps": null,
            "eps_growth_year": null,
            "eps_4q": null,
            "eps_4q_growth_year": null,
            "roe": null,
            "roe_4q": 0,
            "gross_profit": null,
            "gross_margin": null,
            "gross_margin_4q_avg": 0,
            "net_income": null,
            "net_income_4q": null,
            "revenue": null,
            "revenue_4q": null,
            "common_shares": null,
            "book_valuer_per_share": null,
            "book_valuer_per_share_4q_avg": 4.6,
            "equity": null,
            "current_ratio": null,
            "debt_ratio": null,
            "inventory_turnover_ratio": null,
            "account_receivable_turnover_ratio": null,
            "reinvestment_rate": null,
            "research_to_sale_ratio": null,
            "price_fair": 0,
            "eps_avg_yearly": 0,
            "eps_latest_yearly": 0,
            "eps_growth_yearly": 0
        },
        "20062": {
            "year_quarter": 20062,
            "year": 2006,
            "quarter": 2,
            "eps": null,
            "eps_growth_year": null,
            "eps_4q": null,
            "eps_4q_growth_year": null,
            "roe": null,
            "roe_4q": 0,
            "gross_profit": null,
            "gross_margin": null,
            "gross_margin_4q_avg": 0,
            "net_income": null,
            "net_income_4q": null,
            "revenue": null,
            "revenue_4q": null,
            "common_shares": null,
            "book_valuer_per_share": null,
            "book_valuer_per_share_4q_avg": 4.6,
            "equity": null,
            "current_ratio": null,
            "debt_ratio": null,
            "inventory_turnover_ratio": null,
            "account_receivable_turnover_ratio": null,
            "reinvestment_rate": null,
            "research_to_sale_ratio": null,
            "price_fair": 0,
            "eps_avg_yearly": 0,
            "eps_latest_yearly": 0,
            "eps_growth_yearly": 0
        },
        "20063": {
            "year_quarter": 20063,
            "year": 2006,
            "quarter": 3,
            "eps": null,
            "eps_growth_year": null,
            "eps_4q": null,
            "eps_4q_growth_year": null,
            "roe": null,
            "roe_4q": 0,
            "gross_profit": null,
            "gross_margin": null,
            "gross_margin_4q_avg": 0,
            "net_income": null,
            "net_income_4q": null,
            "revenue": null,
            "revenue_4q": null,
            "common_shares": null,
            "book_valuer_per_share": null,
            "book_valuer_per_share_4q_avg": 4.6,
            "equity": null,
            "current_ratio": null,
            "debt_ratio": null,
            "inventory_turnover_ratio": null,
            "account_receivable_turnover_ratio": null,
            "reinvestment_rate": null,
            "research_to_sale_ratio": null,
            "price_fair": 0,
            "eps_avg_yearly": 0,
            "eps_latest_yearly": 0,
            "eps_growth_yearly": 0
        },
        "20064": {
            "year_quarter": 20064,
            "year": 2006,
            "quarter": 4,
            "eps": null,
            "eps_growth_year": null,
            "eps_4q": null,
            "eps_4q_growth_year": null,
            "roe": null,
            "roe_4q": 0,
            "gross_profit": null,
            "gross_margin": null,
            "gross_margin_4q_avg": 0,
            "net_income": null,
            "net_income_4q": null,
            "revenue": null,
            "revenue_4q": null,
            "common_shares": 1050000,
            "book_valuer_per_share": 20.07,
            "book_valuer_per_share_4q_avg": 5.02,
            "equity": 2128733,
            "current_ratio": 118.18,
            "debt_ratio": 51.11,
            "inventory_turnover_ratio": null,
            "account_receivable_turnover_ratio": null,
            "reinvestment_rate": null,
            "research_to_sale_ratio": null,
            "price_fair": 0,
            "eps_avg_yearly": 0,
            "eps_latest_yearly": 0,
            "eps_growth_yearly": 0
        },
        "20071": {
            "year_quarter": 20071,
            "year": 2007,
            "quarter": 1,
            "eps": null,
            "eps_growth_year": null,
            "eps_4q": null,
            "eps_4q_growth_year": null,
            "roe": null,
            "roe_4q": 0,
            "gross_profit": null,
            "gross_margin": null,
            "gross_margin_4q_avg": 0,
            "net_income": null,
            "net_income_4q": null,
            "revenue": null,
            "revenue_4q": null,
            "common_shares": null,
            "book_valuer_per_share": null,
            "book_valuer_per_share_4q_avg": 5.02,
            "equity": null,
            "current_ratio": null,
            "debt_ratio": null,
            "inventory_turnover_ratio": null,
            "account_receivable_turnover_ratio": null,
            "reinvestment_rate": null,
            "research_to_sale_ratio": null,
            "price_fair": 0,
            "eps_avg_yearly": 0,
            "eps_latest_yearly": 0,
            "eps_growth_yearly": 0
        },
        "20072": {
            "year_quarter": 20072,
            "year": 2007,
            "quarter": 2,
            "eps": null,
            "eps_growth_year": null,
            "eps_4q": null,
            "eps_4q_growth_year": null,
            "roe": null,
            "roe_4q": 0,
            "gross_profit": null,
            "gross_margin": null,
            "gross_margin_4q_avg": 0,
            "net_income": null,
            "net_income_4q": null,
            "revenue": null,
            "revenue_4q": null,
            "common_shares": null,
            "book_valuer_per_share": null,
            "book_valuer_per_share_4q_avg": 5.02,
            "equity": null,
            "current_ratio": null,
            "debt_ratio": null,
            "inventory_turnover_ratio": null,
            "account_receivable_turnover_ratio": null,
            "reinvestment_rate": null,
            "research_to_sale_ratio": null,
            "price_fair": 0,
            "eps_avg_yearly": 0,
            "eps_latest_yearly": 0,
            "eps_growth_yearly": 0
        },
        "20073": {
            "year_quarter": 20073,
            "year": 2007,
            "quarter": 3,
            "eps": 1.23,
            "eps_growth_year": null,
            "eps_4q": null,
            "eps_4q_growth_year": null,
            "roe": 5.8,
            "roe_4q": 5.8,
            "gross_profit": 255490,
            "gross_margin": 15.33,
            "gross_margin_4q_avg": 3.83,
            "net_income": 129187,
            "net_income_4q": null,
            "revenue": 1666355,
            "revenue_4q": null,
            "common_shares": 1050000,
            "book_valuer_per_share": 21.2,
            "book_valuer_per_share_4q_avg": 10.32,
            "equity": 2226204,
            "current_ratio": 103.43,
            "debt_ratio": 47.52,
            "inventory_turnover_ratio": 2.52,
            "account_receivable_turnover_ratio": null,
            "reinvestment_rate": null,
            "research_to_sale_ratio": null,
            "price_fair": 0,
            "eps_avg_yearly": 0,
            "eps_latest_yearly": 0,
            "eps_growth_yearly": 0
        },
        "20074": {
            "year_quarter": 20074,
            "year": 2007,
            "quarter": 4,
            "eps": 2.09,
            "eps_growth_year": null,
            "eps_4q": null,
            "eps_4q_growth_year": null,
            "roe": 10.13,
            "roe_4q": 15.93,
            "gross_profit": 355390,
            "gross_margin": 20.51,
            "gross_margin_4q_avg": 8.96,
            "net_income": 242289,
            "net_income_4q": null,
            "revenue": 1732949,
            "revenue_4q": null,
            "common_shares": 1203000,
            "book_valuer_per_share": 21.28,
            "book_valuer_per_share_4q_avg": 10.62,
            "equity": 2559523,
            "current_ratio": 163.46,
            "debt_ratio": 45.04,
            "inventory_turnover_ratio": 1.89,
            "account_receivable_turnover_ratio": null,
            "reinvestment_rate": null,
            "research_to_sale_ratio": null,
            "price_fair": 292.6,
            "eps_avg_yearly": 8.36,
            "eps_latest_yearly": 8.36,
            "eps_growth_yearly": 279.67
        },
        "20081": {
            "year_quarter": 20081,
            "year": 2008,
            "quarter": 1,
            "eps": 0.87,
            "eps_growth_year": null,
            "eps_4q": null,
            "eps_4q_growth_year": null,
            "roe": 4,
            "roe_4q": 19.93,
            "gross_profit": 238842,
            "gross_margin": 15.26,
            "gross_margin_4q_avg": 12.78,
            "net_income": 104122,
            "net_income_4q": null,
            "revenue": 1564653,
            "revenue_4q": null,
            "common_shares": 1203000,
            "book_valuer_per_share": 22.03,
            "book_valuer_per_share_4q_avg": 16.13,
            "equity": 2650382,
            "current_ratio": 170.15,
            "debt_ratio": 42.39,
            "inventory_turnover_ratio": 1.6,
            "account_receivable_turnover_ratio": null,
            "reinvestment_rate": null,
            "research_to_sale_ratio": null,
            "price_fair": 195.9,
            "eps_avg_yearly": 5.92,
            "eps_latest_yearly": 3.48,
            "eps_growth_yearly": 23.09
        },
        "20082": {
            "year_quarter": 20082,
            "year": 2008,
            "quarter": 2,
            "eps": 0.95,
            "eps_growth_year": null,
            "eps_4q": 4.9,
            "eps_4q_growth_year": null,
            "roe": 4.55,
            "roe_4q": 24.48,
            "gross_profit": 235730,
            "gross_margin": 14.19,
            "gross_margin_4q_avg": 16.32,
            "net_income": 114418,
            "net_income_4q": null,
            "revenue": 1660916,
            "revenue_4q": null,
            "common_shares": 1203000,
            "book_valuer_per_share": 19.81,
            "book_valuer_per_share_4q_avg": 21.08,
            "equity": 2382644,
            "current_ratio": 145.71,
            "debt_ratio": 45.67,
            "inventory_turnover_ratio": 2.01,
            "account_receivable_turnover_ratio": null,
            "reinvestment_rate": null,
            "research_to_sale_ratio": null,
            "price_fair": 182.47,
            "eps_avg_yearly": 5.21,
            "eps_latest_yearly": 3.8,
            "eps_growth_yearly": 27.65
        },
        "20083": {
            "year_quarter": 20083,
            "year": 2008,
            "quarter": 3,
            "eps": 1.02,
            "eps_growth_year": -17.07,
            "eps_4q": 4.85,
            "eps_4q_growth_year": null,
            "roe": 5.03,
            "roe_4q": 23.71,
            "gross_profit": 263459,
            "gross_margin": 17.8,
            "gross_margin_4q_avg": 16.94,
            "net_income": 122843,
            "net_income_4q": null,
            "revenue": 1480143,
            "revenue_4q": null,
            "common_shares": 1203000,
            "book_valuer_per_share": 20.83,
            "book_valuer_per_share_4q_avg": 20.99,
            "equity": 2505798,
            "current_ratio": 172.76,
            "debt_ratio": 41.8,
            "inventory_turnover_ratio": 1.46,
            "account_receivable_turnover_ratio": null,
            "reinvestment_rate": null,
            "research_to_sale_ratio": null,
            "price_fair": 172.55,
            "eps_avg_yearly": 4.93,
            "eps_latest_yearly": 4.08,
            "eps_growth_yearly": 28.11
        },
        "20084": {
            "year_quarter": 20084,
            "year": 2008,
            "quarter": 4,
            "eps": -0.47,
            "eps_growth_year": -122.49,
            "eps_4q": 2.36,
            "eps_4q_growth_year": null,
            "roe": -2.3,
            "roe_4q": 11.280000000000001,
            "gross_profit": -29317,
            "gross_margin": -3.07,
            "gross_margin_4q_avg": 11.05,
            "net_income": -56890,
            "net_income_4q": null,
            "revenue": 953914,
            "revenue_4q": null,
            "common_shares": 1203000,
            "book_valuer_per_share": 20.27,
            "book_valuer_per_share_4q_avg": 20.74,
            "equity": 2439042,
            "current_ratio": 220.52,
            "debt_ratio": 33.32,
            "inventory_turnover_ratio": 1.28,
            "account_receivable_turnover_ratio": 3.34,
            "reinvestment_rate": null,
            "research_to_sale_ratio": null,
            "price_fair": 172.55,
            "eps_avg_yearly": 4.93,
            "eps_latest_yearly": 4.08,
            "eps_growth_yearly": 28.11
        },
        "20091": {
            "year_quarter": 20091,
            "year": 2009,
            "quarter": 1,
            "eps": 0.51,
            "eps_growth_year": -41.38,
            "eps_4q": 1.9,
            "eps_4q_growth_year": null,
            "roe": 2.57,
            "roe_4q": 9.850000000000001,
            "gross_profit": 186458,
            "gross_margin": 19.18,
            "gross_margin_4q_avg": 12.03,
            "net_income": 66330,
            "net_income_4q": null,
            "revenue": 971950,
            "revenue_4q": null,
            "common_shares": 1335000,
            "book_valuer_per_share": 20.43,
            "book_valuer_per_share_4q_avg": 20.34,
            "equity": 2727572,
            "current_ratio": 254.72,
            "debt_ratio": 25.51,
            "inventory_turnover_ratio": 1.59,
            "account_receivable_turnover_ratio": 1.64,
            "reinvestment_rate": null,
            "research_to_sale_ratio": null,
            "price_fair": 172.55,
            "eps_avg_yearly": 4.93,
            "eps_latest_yearly": 4.08,
            "eps_growth_yearly": 28.11
        },
        "20092": {
            "year_quarter": 20092,
            "year": 2009,
            "quarter": 2,
            "eps": 1.01,
            "eps_growth_year": 6.32,
            "eps_4q": 2.02,
            "eps_4q_growth_year": -58.75,
            "roe": 4.91,
            "roe_4q": 10.21,
            "gross_profit": 254048,
            "gross_margin": 21.05,
            "gross_margin_4q_avg": 13.74,
            "net_income": 132167,
            "net_income_4q": null,
            "revenue": 1206821,
            "revenue_4q": null,
            "common_shares": 1335000,
            "book_valuer_per_share": 19.89,
            "book_valuer_per_share_4q_avg": 20.36,
            "equity": 2655554,
            "current_ratio": 207.73,
            "debt_ratio": 28.83,
            "inventory_turnover_ratio": 2.13,
            "account_receivable_turnover_ratio": 1.79,
            "reinvestment_rate": null,
            "research_to_sale_ratio": null,
            "price_fair": 166.32,
            "eps_avg_yearly": 4.75,
            "eps_latest_yearly": 4.04,
            "eps_growth_yearly": 100.92
        },
        "20093": {
            "year_quarter": 20093,
            "year": 2009,
            "quarter": 3,
            "eps": 0.95,
            "eps_growth_year": -6.86,
            "eps_4q": 2.03,
            "eps_4q_growth_year": -58.21,
            "roe": 4.61,
            "roe_4q": 9.79,
            "gross_profit": 273989,
            "gross_margin": 20.8,
            "gross_margin_4q_avg": 14.49,
            "net_income": 125126,
            "net_income_4q": null,
            "revenue": 1317337,
            "revenue_4q": null,
            "common_shares": 1335000,
            "book_valuer_per_share": 20.79,
            "book_valuer_per_share_4q_avg": 20.35,
            "equity": 2775455,
            "current_ratio": 209.59,
            "debt_ratio": 29.58,
            "inventory_turnover_ratio": 2.02,
            "account_receivable_turnover_ratio": 1.6,
            "reinvestment_rate": null,
            "research_to_sale_ratio": null,
            "price_fair": 160.77,
            "eps_avg_yearly": 4.59,
            "eps_latest_yearly": 3.8,
            "eps_growth_yearly": 80.14
        },
        "20094": {
            "year_quarter": 20094,
            "year": 2009,
            "quarter": 4,
            "eps": 1.04,
            "eps_growth_year": null,
            "eps_4q": 3.45,
            "eps_4q_growth_year": 46.18,
            "roe": 4.81,
            "roe_4q": 16.9,
            "gross_profit": 274675,
            "gross_margin": 19.39,
            "gross_margin_4q_avg": 20.11,
            "net_income": 136941,
            "net_income_4q": null,
            "revenue": 1416865,
            "revenue_4q": null,
            "common_shares": 1335000,
            "book_valuer_per_share": 21.9,
            "book_valuer_per_share_4q_avg": 20.75,
            "equity": 2923767,
            "current_ratio": 228.49,
            "debt_ratio": 27.21,
            "inventory_turnover_ratio": 1.82,
            "account_receivable_turnover_ratio": 3.45,
            "reinvestment_rate": null,
            "research_to_sale_ratio": null,
            "price_fair": 158.6,
            "eps_avg_yearly": 4.53,
            "eps_latest_yearly": 4.16,
            "eps_growth_yearly": 74.1
        },
        "20101": {
            "year_quarter": 20101,
            "year": 2010,
            "quarter": 1,
            "eps": 1.1,
            "eps_growth_year": 115.69,
            "eps_4q": 4.06,
            "eps_4q_growth_year": 113.94,
            "roe": 4.92,
            "roe_4q": 19.25,
            "gross_profit": 290453,
            "gross_margin": 20.38,
            "gross_margin_4q_avg": 20.41,
            "net_income": 147515,
            "net_income_4q": null,
            "revenue": 1425274,
            "revenue_4q": null,
            "common_shares": 1335000,
            "book_valuer_per_share": 22.99,
            "book_valuer_per_share_4q_avg": 21.39,
            "equity": 3069332,
            "current_ratio": 202.35,
            "debt_ratio": 29.87,
            "inventory_turnover_ratio": 1.46,
            "account_receivable_turnover_ratio": 1.63,
            "reinvestment_rate": null,
            "research_to_sale_ratio": 0.23,
            "price_fair": 158.03,
            "eps_avg_yearly": 4.52,
            "eps_latest_yearly": 4.4,
            "eps_growth_yearly": 67.73
        },
        "20102": {
            "year_quarter": 20102,
            "year": 2010,
            "quarter": 2,
            "eps": 1.44,
            "eps_growth_year": 42.75,
            "eps_4q": 4.51,
            "eps_4q_growth_year": 123.16,
            "roe": 6.41,
            "roe_4q": 20.75,
            "gross_profit": 304781,
            "gross_margin": 17.21,
            "gross_margin_4q_avg": 19.45,
            "net_income": 192483,
            "net_income_4q": null,
            "revenue": 1771007,
            "revenue_4q": null,
            "common_shares": 1335000,
            "book_valuer_per_share": 21.99,
            "book_valuer_per_share_4q_avg": 21.92,
            "equity": 2935456,
            "current_ratio": 174.11,
            "debt_ratio": 31.78,
            "inventory_turnover_ratio": 1.81,
            "account_receivable_turnover_ratio": 1.81,
            "reinvestment_rate": null,
            "research_to_sale_ratio": 0.24,
            "price_fair": 162.87,
            "eps_avg_yearly": 4.65,
            "eps_latest_yearly": 5.76,
            "eps_growth_yearly": 73.94
        },
        "20103": {
            "year_quarter": 20103,
            "year": 2010,
            "quarter": 3,
            "eps": 0.99,
            "eps_growth_year": 4.44,
            "eps_4q": 4.56,
            "eps_4q_growth_year": 125.4,
            "roe": 4.42,
            "roe_4q": 20.56,
            "gross_profit": 278491,
            "gross_margin": 16.62,
            "gross_margin_4q_avg": 18.4,
            "net_income": 132450,
            "net_income_4q": null,
            "revenue": 1675762,
            "revenue_4q": null,
            "common_shares": 1335000,
            "book_valuer_per_share": 22.92,
            "book_valuer_per_share_4q_avg": 22.45,
            "equity": 3059281,
            "current_ratio": 205.36,
            "debt_ratio": 28.11,
            "inventory_turnover_ratio": 2.02,
            "account_receivable_turnover_ratio": 1.63,
            "reinvestment_rate": null,
            "research_to_sale_ratio": 0.3,
            "price_fair": 160.44,
            "eps_avg_yearly": 4.58,
            "eps_latest_yearly": 3.96,
            "eps_growth_yearly": 54.04
        },
        "20104": {
            "year_quarter": 20104,
            "year": 2010,
            "quarter": 4,
            "eps": 1.33,
            "eps_growth_year": 28.06,
            "eps_4q": 4.87,
            "eps_4q_growth_year": 41.18,
            "roe": 5.65,
            "roe_4q": 21.4,
            "gross_profit": 321070,
            "gross_margin": 18.05,
            "gross_margin_4q_avg": 18.07,
            "net_income": 177793,
            "net_income_4q": null,
            "revenue": 1778475,
            "revenue_4q": null,
            "common_shares": 1335000,
            "book_valuer_per_share": 24.23,
            "book_valuer_per_share_4q_avg": 23.03,
            "equity": 3234087,
            "current_ratio": 215.26,
            "debt_ratio": 26.88,
            "inventory_turnover_ratio": 1.82,
            "account_receivable_turnover_ratio": 1.71,
            "reinvestment_rate": null,
            "research_to_sale_ratio": 0.44,
            "price_fair": 162.78,
            "eps_avg_yearly": 4.65,
            "eps_latest_yearly": 5.32,
            "eps_growth_yearly": 61.62
        },
        "20111": {
            "year_quarter": 20111,
            "year": 2011,
            "quarter": 1,
            "eps": 1.04,
            "eps_growth_year": -5.45,
            "eps_4q": 4.8,
            "eps_4q_growth_year": 18.32,
            "roe": 4.18,
            "roe_4q": 20.66,
            "gross_profit": 287600,
            "gross_margin": 15.82,
            "gross_margin_4q_avg": 16.93,
            "net_income": 138265,
            "net_income_4q": null,
            "revenue": 1817682,
            "revenue_4q": null,
            "common_shares": 1335000,
            "book_valuer_per_share": 25.28,
            "book_valuer_per_share_4q_avg": 23.61,
            "equity": 3374929,
            "current_ratio": 234.99,
            "debt_ratio": 25.76,
            "inventory_turnover_ratio": 1.62,
            "account_receivable_turnover_ratio": 1.67,
            "reinvestment_rate": null,
            "research_to_sale_ratio": 0.36,
            "price_fair": 161.35,
            "eps_avg_yearly": 4.61,
            "eps_latest_yearly": 4.16,
            "eps_growth_yearly": 49.22
        },
        "20112": {
            "year_quarter": 20112,
            "year": 2011,
            "quarter": 2,
            "eps": 1.15,
            "eps_growth_year": -20.01,
            "eps_4q": 4.51,
            "eps_4q_growth_year": 0.07,
            "roe": 4.84,
            "roe_4q": 19.09,
            "gross_profit": 276230,
            "gross_margin": 16.45,
            "gross_margin_4q_avg": 16.74,
            "net_income": 153964,
            "net_income_4q": null,
            "revenue": 1678973,
            "revenue_4q": null,
            "common_shares": 1335000,
            "book_valuer_per_share": 22.38,
            "book_valuer_per_share_4q_avg": 23.7,
            "equity": 2987779,
            "current_ratio": 174.12,
            "debt_ratio": 32.25,
            "inventory_turnover_ratio": 1.52,
            "account_receivable_turnover_ratio": 1.53,
            "reinvestment_rate": 105.51,
            "research_to_sale_ratio": 0.3,
            "price_fair": 161.32,
            "eps_avg_yearly": 4.61,
            "eps_latest_yearly": 4.6,
            "eps_growth_yearly": 48.68
        },
        "20113": {
            "year_quarter": 20113,
            "year": 2011,
            "quarter": 3,
            "eps": 0.71,
            "eps_growth_year": -28.04,
            "eps_4q": 4.23,
            "eps_4q_growth_year": -7.23,
            "roe": 3.13,
            "roe_4q": 17.799999999999997,
            "gross_profit": 232956,
            "gross_margin": 13.29,
            "gross_margin_4q_avg": 15.9,
            "net_income": 95306,
            "net_income_4q": null,
            "revenue": 1753077,
            "revenue_4q": null,
            "common_shares": 1335000,
            "book_valuer_per_share": 23.23,
            "book_valuer_per_share_4q_avg": 23.78,
            "equity": 3100953,
            "current_ratio": 183.56,
            "debt_ratio": 31.37,
            "inventory_turnover_ratio": 1.61,
            "account_receivable_turnover_ratio": 1.59,
            "reinvestment_rate": 32.03,
            "research_to_sale_ratio": 0.45,
            "price_fair": 156.9,
            "eps_avg_yearly": 4.48,
            "eps_latest_yearly": 2.84,
            "eps_growth_yearly": 34.28
        },
        "20114": {
            "year_quarter": 20114,
            "year": 2011,
            "quarter": 4,
            "eps": 0.72,
            "eps_growth_year": -45.64,
            "eps_4q": 3.63,
            "eps_4q_growth_year": -25.54,
            "roe": 3.07,
            "roe_4q": 15.219999999999999,
            "gross_profit": 204406,
            "gross_margin": 12.47,
            "gross_margin_4q_avg": 14.51,
            "net_income": 96643,
            "net_income_4q": null,
            "revenue": 1638926,
            "revenue_4q": null,
            "common_shares": 1335000,
            "book_valuer_per_share": 23.97,
            "book_valuer_per_share_4q_avg": 23.72,
            "equity": 3199329,
            "current_ratio": 220.98,
            "debt_ratio": 25.63,
            "inventory_turnover_ratio": 1.65,
            "account_receivable_turnover_ratio": 1.52,
            "reinvestment_rate": 38.15,
            "research_to_sale_ratio": 0.52,
            "price_fair": 101.06,
            "eps_avg_yearly": 4.09,
            "eps_latest_yearly": 2.88,
            "eps_growth_yearly": 14.7
        },
        "20121": {
            "year_quarter": 20121,
            "year": 2012,
            "quarter": 1,
            "eps": 1.03,
            "eps_growth_year": -0.96,
            "eps_4q": 3.62,
            "eps_4q_growth_year": -24.55,
            "roe": 4.22,
            "roe_4q": 15.259999999999998,
            "gross_profit": 277869,
            "gross_margin": 16.06,
            "gross_margin_4q_avg": 14.57,
            "net_income": 137734,
            "net_income_4q": null,
            "revenue": 1729963,
            "revenue_4q": null,
            "common_shares": 1335000,
            "book_valuer_per_share": 24.93,
            "book_valuer_per_share_4q_avg": 23.63,
            "equity": 3328772,
            "current_ratio": 231.47,
            "debt_ratio": 25.22,
            "inventory_turnover_ratio": 1.96,
            "account_receivable_turnover_ratio": 1.65,
            "reinvestment_rate": 45.82,
            "research_to_sale_ratio": 0.4,
            "price_fair": 144.8,
            "eps_avg_yearly": 4.14,
            "eps_latest_yearly": 4.12,
            "eps_growth_yearly": 43.68
        },
        "20122": {
            "year_quarter": 20122,
            "year": 2012,
            "quarter": 2,
            "eps": 1.09,
            "eps_growth_year": -5.71,
            "eps_4q": 3.56,
            "eps_4q_growth_year": -21.18,
            "roe": 4.5,
            "roe_4q": 14.919999999999998,
            "gross_profit": 264874,
            "gross_margin": 15.1,
            "gross_margin_4q_avg": 14.23,
            "net_income": 145178,
            "net_income_4q": null,
            "revenue": 1754654,
            "revenue_4q": null,
            "common_shares": 1335000,
            "book_valuer_per_share": 23.44,
            "book_valuer_per_share_4q_avg": 23.89,
            "equity": 3129830,
            "current_ratio": 183.39,
            "debt_ratio": 30.38,
            "inventory_turnover_ratio": 1.93,
            "account_receivable_turnover_ratio": 1.63,
            "reinvestment_rate": 48.29,
            "research_to_sale_ratio": 0.42,
            "price_fair": 146.2,
            "eps_avg_yearly": 4.18,
            "eps_latest_yearly": 4.36,
            "eps_growth_yearly": 42.72
        },
        "20123": {
            "year_quarter": 20123,
            "year": 2012,
            "quarter": 3,
            "eps": 0.96,
            "eps_growth_year": 34.58,
            "eps_4q": 3.8,
            "eps_4q_growth_year": -10.17,
            "roe": 4.02,
            "roe_4q": 15.809999999999999,
            "gross_profit": 286574,
            "gross_margin": 16.91,
            "gross_margin_4q_avg": 15.14,
            "net_income": 128264,
            "net_income_4q": null,
            "revenue": 1694378,
            "revenue_4q": null,
            "common_shares": 1335000,
            "book_valuer_per_share": 24.36,
            "book_valuer_per_share_4q_avg": 24.18,
            "equity": 3252047,
            "current_ratio": 201.34,
            "debt_ratio": 28.57,
            "inventory_turnover_ratio": 1.65,
            "account_receivable_turnover_ratio": 1.57,
            "reinvestment_rate": 46.77,
            "research_to_sale_ratio": 0.44,
            "price_fair": 145.6,
            "eps_avg_yearly": 4.16,
            "eps_latest_yearly": 3.84,
            "eps_growth_yearly": 37.21
        },
        "20124": {
            "year_quarter": 20124,
            "year": 2012,
            "quarter": 4,
            "eps": 0.98,
            "eps_growth_year": 36,
            "eps_4q": 4.06,
            "eps_4q_growth_year": 12.07,
            "roe": 3.96,
            "roe_4q": 16.7,
            "gross_profit": 270487,
            "gross_margin": 16.49,
            "gross_margin_4q_avg": 16.14,
            "net_income": 131438,
            "net_income_4q": null,
            "revenue": 1639950,
            "revenue_4q": null,
            "common_shares": 1335000,
            "book_valuer_per_share": 25.35,
            "book_valuer_per_share_4q_avg": 24.52,
            "equity": 3383937,
            "current_ratio": 238.27,
            "debt_ratio": 24.04,
            "inventory_turnover_ratio": 1.62,
            "account_receivable_turnover_ratio": 1.56,
            "reinvestment_rate": 46.19,
            "research_to_sale_ratio": 0.57,
            "price_fair": 145.04,
            "eps_avg_yearly": 4.14,
            "eps_latest_yearly": 3.92,
            "eps_growth_yearly": 35.28
        },
        "20131": {
            "year_quarter": 20131,
            "year": 2013,
            "quarter": 1,
            "eps": 1.03,
            "eps_growth_year": 0,
            "eps_4q": 4.07,
            "eps_4q_growth_year": 12.22,
            "roe": 4.01,
            "roe_4q": 16.49,
            "gross_profit": 257972,
            "gross_margin": 16.36,
            "gross_margin_4q_avg": 16.22,
            "net_income": 137876,
            "net_income_4q": null,
            "revenue": 1577084,
            "revenue_4q": null,
            "common_shares": 1335000,
            "book_valuer_per_share": 26.21,
            "book_valuer_per_share_4q_avg": 24.84,
            "equity": 3498798,
            "current_ratio": 264.29,
            "debt_ratio": 23.11,
            "inventory_turnover_ratio": 1.63,
            "account_receivable_turnover_ratio": 1.56,
            "reinvestment_rate": 41.47,
            "research_to_sale_ratio": 0.52,
            "price_fair": 144.99,
            "eps_avg_yearly": 4.14,
            "eps_latest_yearly": 4.12,
            "eps_growth_yearly": 34.35
        },
        "20132": {
            "year_quarter": 20132,
            "year": 2013,
            "quarter": 2,
            "eps": 1,
            "eps_growth_year": -8.04,
            "eps_4q": 3.98,
            "eps_4q_growth_year": 11.88,
            "roe": 3.97,
            "roe_4q": 15.96,
            "gross_profit": 272791,
            "gross_margin": 16.64,
            "gross_margin_4q_avg": 16.6,
            "net_income": 133710,
            "net_income_4q": null,
            "revenue": 1639769,
            "revenue_4q": null,
            "common_shares": 1335000,
            "book_valuer_per_share": 24.24,
            "book_valuer_per_share_4q_avg": 25.04,
            "equity": 3236395,
            "current_ratio": 184.6,
            "debt_ratio": 30.16,
            "inventory_turnover_ratio": 1.73,
            "account_receivable_turnover_ratio": 1.58,
            "reinvestment_rate": 45.19,
            "research_to_sale_ratio": 0.5,
            "price_fair": 79.13,
            "eps_avg_yearly": 4.14,
            "eps_latest_yearly": 4,
            "eps_growth_yearly": 9.11
        },
        "20133": {
            "year_quarter": 20133,
            "year": 2013,
            "quarter": 3,
            "eps": 1.04,
            "eps_growth_year": 8.25,
            "eps_4q": 4.05,
            "eps_4q_growth_year": 6.46,
            "roe": 4.17,
            "roe_4q": 16.11,
            "gross_profit": 287844,
            "gross_margin": 16.17,
            "gross_margin_4q_avg": 16.42,
            "net_income": 137592,
            "net_income_4q": null,
            "revenue": 1780550,
            "revenue_4q": null,
            "common_shares": 1335000,
            "book_valuer_per_share": 25.24,
            "book_valuer_per_share_4q_avg": 25.26,
            "equity": 3369455,
            "current_ratio": 190.82,
            "debt_ratio": 30.04,
            "inventory_turnover_ratio": 1.9,
            "account_receivable_turnover_ratio": 1.62,
            "reinvestment_rate": 46.8,
            "research_to_sale_ratio": 0.42,
            "price_fair": 89.9,
            "eps_avg_yearly": 4.16,
            "eps_latest_yearly": 4.16,
            "eps_growth_yearly": 11.6
        },
        "20134": {
            "year_quarter": 20134,
            "year": 2013,
            "quarter": 4,
            "eps": 0.99,
            "eps_growth_year": 0.41,
            "eps_4q": 4.05,
            "eps_4q_growth_year": -0.27,
            "roe": 3.82,
            "roe_4q": 15.97,
            "gross_profit": 301096,
            "gross_margin": 17.51,
            "gross_margin_4q_avg": 16.67,
            "net_income": 131972,
            "net_income_4q": null,
            "revenue": 1719140,
            "revenue_4q": null,
            "common_shares": 1335000,
            "book_valuer_per_share": 26.45,
            "book_valuer_per_share_4q_avg": 25.54,
            "equity": 3531474,
            "current_ratio": 201.67,
            "debt_ratio": 28.9,
            "inventory_turnover_ratio": 1.56,
            "account_receivable_turnover_ratio": 1.55,
            "reinvestment_rate": 12.4,
            "research_to_sale_ratio": 0.66,
            "price_fair": 74.82,
            "eps_avg_yearly": 4.15,
            "eps_latest_yearly": 3.96,
            "eps_growth_yearly": 8.03
        },
        "20141": {
            "year_quarter": 20141,
            "year": 2014,
            "quarter": 1,
            "eps": 0.92,
            "eps_growth_year": -10.68,
            "eps_4q": 3.95,
            "eps_4q_growth_year": -2.95,
            "roe": 3.44,
            "roe_4q": 15.4,
            "gross_profit": 260280,
            "gross_margin": 14.87,
            "gross_margin_4q_avg": 16.3,
            "net_income": 123447,
            "net_income_4q": null,
            "revenue": 1749982,
            "revenue_4q": null,
            "common_shares": 1335000,
            "book_valuer_per_share": 27.35,
            "book_valuer_per_share_4q_avg": 25.82,
            "equity": 3651840,
            "current_ratio": 226.33,
            "debt_ratio": 26.05,
            "inventory_turnover_ratio": 1.56,
            "account_receivable_turnover_ratio": 1.61,
            "reinvestment_rate": 14.35,
            "research_to_sale_ratio": 0.44,
            "price_fair": 60.83,
            "eps_avg_yearly": 4.11,
            "eps_latest_yearly": 3.68,
            "eps_growth_yearly": 4.82
        },
        "20142": {
            "year_quarter": 20142,
            "year": 2014,
            "quarter": 2,
            "eps": 0.77,
            "eps_growth_year": -23,
            "eps_4q": 3.39,
            "eps_4q_growth_year": -14.87,
            "roe": 3.23,
            "roe_4q": 14.66,
            "gross_profit": 282141,
            "gross_margin": 15.79,
            "gross_margin_4q_avg": 16.09,
            "net_income": 115194,
            "net_income_4q": null,
            "revenue": 1786555,
            "revenue_4q": null,
            "common_shares": 1335000,
            "book_valuer_per_share": 26.12,
            "book_valuer_per_share_4q_avg": 26.29,
            "equity": 3487445,
            "current_ratio": 193.18,
            "debt_ratio": 29.51,
            "inventory_turnover_ratio": 1.61,
            "account_receivable_turnover_ratio": 1.65,
            "reinvestment_rate": 13.94,
            "research_to_sale_ratio": 0.5,
            "price_fair": 11.81,
            "eps_avg_yearly": 3.94,
            "eps_latest_yearly": 3.08,
            "eps_growth_yearly": -6.99
        },
        "20143": {
            "year_quarter": 20143,
            "year": 2014,
            "quarter": 3,
            "eps": 1.01,
            "eps_growth_year": -2.88,
            "eps_4q": 3.48,
            "eps_4q_growth_year": -14.03,
            "roe": 4.24,
            "roe_4q": 14.73,
            "gross_profit": 341790,
            "gross_margin": 17.57,
            "gross_margin_4q_avg": 16.44,
            "net_income": 151603,
            "net_income_4q": null,
            "revenue": 1945534,
            "revenue_4q": null,
            "common_shares": 1500000,
            "book_valuer_per_share": 24.39,
            "book_valuer_per_share_4q_avg": 26.08,
            "equity": 3659169,
            "current_ratio": 203.02,
            "debt_ratio": 28.42,
            "inventory_turnover_ratio": 1.7,
            "account_receivable_turnover_ratio": 1.74,
            "reinvestment_rate": 19.51,
            "research_to_sale_ratio": 0.5,
            "price_fair": 73.41,
            "eps_avg_yearly": 3.94,
            "eps_latest_yearly": 4.04,
            "eps_growth_yearly": 8.62
        },
        "20144": {
            "year_quarter": 20144,
            "year": 2014,
            "quarter": 4,
            "eps": 0.89,
            "eps_growth_year": -9.62,
            "eps_4q": 3.5,
            "eps_4q_growth_year": -13.78,
            "roe": 3.59,
            "roe_4q": 14.5,
            "gross_profit": 292552,
            "gross_margin": 16.24,
            "gross_margin_4q_avg": 16.12,
            "net_income": 134011,
            "net_income_4q": null,
            "revenue": 1801244,
            "revenue_4q": null,
            "common_shares": 1500000,
            "book_valuer_per_share": 25.37,
            "book_valuer_per_share_4q_avg": 25.81,
            "equity": 3805644,
            "current_ratio": 245.42,
            "debt_ratio": 23.73,
            "inventory_turnover_ratio": 1.65,
            "account_receivable_turnover_ratio": 1.66,
            "reinvestment_rate": 19.93,
            "research_to_sale_ratio": 1.14,
            "price_fair": 11.5,
            "eps_avg_yearly": 3.83,
            "eps_latest_yearly": 3.56,
            "eps_growth_yearly": -2.94
        },
        "20151": {
            "year_quarter": 20151,
            "year": 2015,
            "quarter": 1,
            "eps": 0.9,
            "eps_growth_year": -2.17,
            "eps_4q": 3.58,
            "eps_4q_growth_year": -9.36,
            "roe": 3.5,
            "roe_4q": 14.56,
            "gross_profit": 312819,
            "gross_margin": 19.24,
            "gross_margin_4q_avg": 17.21,
            "net_income": 135634,
            "net_income_4q": null,
            "revenue": 1625921,
            "revenue_4q": null,
            "common_shares": 1500000,
            "book_valuer_per_share": 26.23,
            "book_valuer_per_share_4q_avg": 25.53,
            "equity": 3934159,
            "current_ratio": 280.29,
            "debt_ratio": 21.69,
            "inventory_turnover_ratio": 1.53,
            "account_receivable_turnover_ratio": 1.66,
            "reinvestment_rate": 20.84,
            "research_to_sale_ratio": 0.92,
            "price_fair": 48.59,
            "eps_avg_yearly": 3.8,
            "eps_latest_yearly": 3.6,
            "eps_growth_yearly": 2.79
        },
        "20152": {
            "year_quarter": 20152,
            "year": 2015,
            "quarter": 2,
            "eps": 1.02,
            "eps_growth_year": 32.47,
            "eps_4q": 3.83,
            "eps_4q_growth_year": 13.04,
            "roe": 4.02,
            "roe_4q": 15.35,
            "gross_profit": 358169,
            "gross_margin": 21.31,
            "gross_margin_4q_avg": 18.59,
            "net_income": 153204,
            "net_income_4q": null,
            "revenue": 1680987,
            "revenue_4q": null,
            "common_shares": 1500000,
            "book_valuer_per_share": 24.58,
            "book_valuer_per_share_4q_avg": 25.14,
            "equity": 3686990,
            "current_ratio": 209.37,
            "debt_ratio": 27.57,
            "inventory_turnover_ratio": 1.59,
            "account_receivable_turnover_ratio": 1.81,
            "reinvestment_rate": 18.83,
            "research_to_sale_ratio": 0.8,
            "price_fair": 50.77,
            "eps_avg_yearly": 3.77,
            "eps_latest_yearly": 4.08,
            "eps_growth_yearly": 3.48
        },
        "20153": {
            "year_quarter": 20153,
            "year": 2015,
            "quarter": 3,
            "eps": 1.06,
            "eps_growth_year": 4.95,
            "eps_4q": 3.89,
            "eps_4q_growth_year": 11.67,
            "roe": 4.24,
            "roe_4q": 15.35,
            "gross_profit": 302825,
            "gross_margin": 18.54,
            "gross_margin_4q_avg": 18.83,
            "net_income": 160331,
            "net_income_4q": null,
            "revenue": 1633461,
            "revenue_4q": null,
            "common_shares": 1500000,
            "book_valuer_per_share": 25.85,
            "book_valuer_per_share_4q_avg": 25.51,
            "equity": 3877180,
            "current_ratio": 266.57,
            "debt_ratio": 22.07,
            "inventory_turnover_ratio": 1.73,
            "account_receivable_turnover_ratio": 1.72,
            "reinvestment_rate": 21.84,
            "research_to_sale_ratio": 1.07,
            "price_fair": 92.57,
            "eps_avg_yearly": 3.85,
            "eps_latest_yearly": 4.24,
            "eps_growth_yearly": 14.03
        },
        "20154": {
            "year_quarter": 20154,
            "year": 2015,
            "quarter": 4,
            "eps": 1.08,
            "eps_growth_year": 21.44,
            "eps_4q": 4.08,
            "eps_4q_growth_year": 16.72,
            "roe": 4.12,
            "roe_4q": 15.879999999999999,
            "gross_profit": 342970,
            "gross_margin": 22.02,
            "gross_margin_4q_avg": 20.28,
            "net_income": 162739,
            "net_income_4q": null,
            "revenue": 1557766,
            "revenue_4q": null,
            "common_shares": 1500000,
            "book_valuer_per_share": 26.76,
            "book_valuer_per_share_4q_avg": 25.86,
            "equity": 4014032,
            "current_ratio": 308.88,
            "debt_ratio": 20.53,
            "inventory_turnover_ratio": 1.84,
            "account_receivable_turnover_ratio": 1.7,
            "reinvestment_rate": 14.22,
            "research_to_sale_ratio": 1.12,
            "price_fair": 95.21,
            "eps_avg_yearly": 3.94,
            "eps_latest_yearly": 4.32,
            "eps_growth_yearly": 14.15
        },
        "20161": {
            "year_quarter": 20161,
            "year": 2016,
            "quarter": 1,
            "eps": 1.12,
            "eps_growth_year": 24.44,
            "eps_4q": 4.3,
            "eps_4q_growth_year": 20.18,
            "roe": 4.12,
            "roe_4q": 16.5,
            "gross_profit": 390501,
            "gross_margin": 26.54,
            "gross_margin_4q_avg": 22.1,
            "net_income": 168397,
            "net_income_4q": null,
            "revenue": 1471508,
            "revenue_4q": null,
            "common_shares": 1500000,
            "book_valuer_per_share": 27.8,
            "book_valuer_per_share_4q_avg": 26.25,
            "equity": 4170410,
            "current_ratio": 337.66,
            "debt_ratio": 16.31,
            "inventory_turnover_ratio": 1.69,
            "account_receivable_turnover_ratio": 1.7,
            "reinvestment_rate": 8.11,
            "research_to_sale_ratio": 1.32,
            "price_fair": 56.74,
            "eps_avg_yearly": 3.97,
            "eps_latest_yearly": 4.48,
            "eps_growth_yearly": 4.31
        },
        "20162": {
            "year_quarter": 20162,
            "year": 2016,
            "quarter": 2,
            "eps": 1.35,
            "eps_growth_year": 32.35,
            "eps_4q": 4.63,
            "eps_4q_growth_year": 20.82,
            "roe": 5.02,
            "roe_4q": 17.5,
            "gross_profit": 420524,
            "gross_margin": 27.82,
            "gross_margin_4q_avg": 23.73,
            "net_income": 202586,
            "net_income_4q": null,
            "revenue": 1511335,
            "revenue_4q": null,
            "common_shares": 1500000,
            "book_valuer_per_share": 26.03,
            "book_valuer_per_share_4q_avg": 26.61,
            "equity": 3905132,
            "current_ratio": 225.15,
            "debt_ratio": 24.05,
            "inventory_turnover_ratio": 1.69,
            "account_receivable_turnover_ratio": 1.71,
            "reinvestment_rate": 4.7,
            "research_to_sale_ratio": 1.15,
            "price_fair": 72.5,
            "eps_avg_yearly": 4.03,
            "eps_latest_yearly": 5.4,
            "eps_growth_yearly": 7.99
        },
        "20163": {
            "year_quarter": 20163,
            "year": 2016,
            "quarter": 3,
            "eps": 1.33,
            "eps_growth_year": 25.47,
            "eps_4q": 4.89,
            "eps_4q_growth_year": 25.69,
            "roe": 4.99,
            "roe_4q": 18.25,
            "gross_profit": 414162,
            "gross_margin": 27.06,
            "gross_margin_4q_avg": 25.86,
            "net_income": 199300,
            "net_income_4q": null,
            "revenue": 1530494,
            "revenue_4q": null,
            "common_shares": 1500000,
            "book_valuer_per_share": 27.22,
            "book_valuer_per_share_4q_avg": 26.95,
            "equity": 4082831,
            "current_ratio": 266.17,
            "debt_ratio": 20.8,
            "inventory_turnover_ratio": 1.72,
            "account_receivable_turnover_ratio": 1.68,
            "reinvestment_rate": 5.14,
            "research_to_sale_ratio": 1.3,
            "price_fair": 84.92,
            "eps_avg_yearly": 4.12,
            "eps_latest_yearly": 5.32,
            "eps_growth_yearly": 10.6
        },
        "20164": {
            "year_quarter": 20164,
            "year": 2016,
            "quarter": 4,
            "eps": 1.43,
            "eps_growth_year": 32.06,
            "eps_4q": 5.23,
            "eps_4q_growth_year": 28.32,
            "roe": 5.16,
            "roe_4q": 19.29,
            "gross_profit": 430303,
            "gross_margin": 25.87,
            "gross_margin_4q_avg": 26.82,
            "net_income": 214910,
            "net_income_4q": null,
            "revenue": 1663398,
            "revenue_4q": null,
            "common_shares": 1500000,
            "book_valuer_per_share": 28.34,
            "book_valuer_per_share_4q_avg": 27.35,
            "equity": 4251461,
            "current_ratio": 281.61,
            "debt_ratio": 20.6,
            "inventory_turnover_ratio": 1.93,
            "account_receivable_turnover_ratio": 1.73,
            "reinvestment_rate": 3.03,
            "research_to_sale_ratio": 1.75,
            "price_fair": 93,
            "eps_avg_yearly": 4.24,
            "eps_latest_yearly": 5.72,
            "eps_growth_yearly": 11.96
        },
        "20171": {
            "year_quarter": 20171,
            "year": 2017,
            "quarter": 1,
            "eps": 1.32,
            "eps_growth_year": 17.86,
            "eps_4q": 5.44,
            "eps_4q_growth_year": 26.48,
            "roe": 4.59,
            "roe_4q": 19.759999999999998,
            "gross_profit": 454102,
            "gross_margin": 26.72,
            "gross_margin_4q_avg": 26.87,
            "net_income": 198572,
            "net_income_4q": null,
            "revenue": 1699230,
            "revenue_4q": null,
            "common_shares": 1500000,
            "book_valuer_per_share": 29.35,
            "book_valuer_per_share_4q_avg": 27.74,
            "equity": 4403100,
            "current_ratio": 283.01,
            "debt_ratio": 20.35,
            "inventory_turnover_ratio": 1.75,
            "account_receivable_turnover_ratio": 1.76,
            "reinvestment_rate": 6.96,
            "research_to_sale_ratio": 1.38,
            "price_fair": 80.81,
            "eps_avg_yearly": 4.31,
            "eps_latest_yearly": 5.28,
            "eps_growth_yearly": 8.76
        },
        "20172": {
            "year_quarter": 20172,
            "year": 2017,
            "quarter": 2,
            "eps": 1.44,
            "eps_growth_year": 6.67,
            "eps_4q": 5.53,
            "eps_4q_growth_year": 19.42,
            "roe": 5.12,
            "roe_4q": 19.86,
            "gross_profit": 452423,
            "gross_margin": 27.75,
            "gross_margin_4q_avg": 26.85,
            "net_income": 216034,
            "net_income_4q": null,
            "revenue": 1630066,
            "revenue_4q": null,
            "common_shares": 1500000,
            "book_valuer_per_share": 26.88,
            "book_valuer_per_share_4q_avg": 27.95,
            "equity": 4032218,
            "current_ratio": 196.26,
            "debt_ratio": 27.88,
            "inventory_turnover_ratio": 1.55,
            "account_receivable_turnover_ratio": 1.77,
            "reinvestment_rate": 8.12,
            "research_to_sale_ratio": 1.3,
            "price_fair": 96.13,
            "eps_avg_yearly": 4.42,
            "eps_latest_yearly": 5.76,
            "eps_growth_yearly": 11.76
        },
        "20173": {
            "year_quarter": 20173,
            "year": 2017,
            "quarter": 3,
            "eps": 1.56,
            "eps_growth_year": 17.29,
            "eps_4q": 5.76,
            "eps_4q_growth_year": 17.8,
            "roe": 5.63,
            "roe_4q": 20.5,
            "gross_profit": 489001,
            "gross_margin": 27.79,
            "gross_margin_4q_avg": 27.03,
            "net_income": 234007,
            "net_income_4q": null,
            "revenue": 1759805,
            "revenue_4q": null,
            "common_shares": 1500000,
            "book_valuer_per_share": 28.49,
            "book_valuer_per_share_4q_avg": 28.27,
            "equity": 4274013,
            "current_ratio": 284.8,
            "debt_ratio": 18.53,
            "inventory_turnover_ratio": 1.91,
            "account_receivable_turnover_ratio": 1.88,
            "reinvestment_rate": 8.96,
            "research_to_sale_ratio": 1.9,
            "price_fair": 103.89,
            "eps_avg_yearly": 4.55,
            "eps_latest_yearly": 6.24,
            "eps_growth_yearly": 12.84
        },
        "20174": {
            "year_quarter": 20174,
            "year": 2017,
            "quarter": 4,
            "eps": 1.53,
            "eps_growth_year": 7,
            "eps_4q": 5.86,
            "eps_4q_growth_year": 11.89,
            "roe": 5.24,
            "roe_4q": 20.580000000000002,
            "gross_profit": 464293,
            "gross_margin": 26.52,
            "gross_margin_4q_avg": 27.2,
            "net_income": 229946,
            "net_income_4q": null,
            "revenue": 1750585,
            "revenue_4q": null,
            "common_shares": 1500000,
            "book_valuer_per_share": 30.02,
            "book_valuer_per_share_4q_avg": 28.69,
            "equity": 4502748,
            "current_ratio": 264.15,
            "debt_ratio": 21.16,
            "inventory_turnover_ratio": 2.03,
            "account_receivable_turnover_ratio": 1.82,
            "reinvestment_rate": 7.5,
            "research_to_sale_ratio": 1.82,
            "price_fair": 110.35,
            "eps_avg_yearly": 4.68,
            "eps_latest_yearly": 6.12,
            "eps_growth_yearly": 13.57
        },
        "20181": {
            "year_quarter": 20181,
            "year": 2018,
            "quarter": 1,
            "eps": 1.37,
            "eps_growth_year": 3.79,
            "eps_4q": 5.91,
            "eps_4q_growth_year": 8.64,
            "roe": 4.45,
            "roe_4q": 20.44,
            "gross_profit": 461650,
            "gross_margin": 25.76,
            "gross_margin_4q_avg": 26.96,
            "net_income": 205815,
            "net_income_4q": null,
            "revenue": 1791985,
            "revenue_4q": null,
            "common_shares": 1500000,
            "book_valuer_per_share": 31.71,
            "book_valuer_per_share_4q_avg": 29.28,
            "equity": 4756814,
            "current_ratio": 294.8,
            "debt_ratio": 18.92,
            "inventory_turnover_ratio": 1.69,
            "account_receivable_turnover_ratio": 1.84,
            "reinvestment_rate": 6.48,
            "research_to_sale_ratio": 1.86,
            "price_fair": 108.94,
            "eps_avg_yearly": 4.8,
            "eps_latest_yearly": 5.48,
            "eps_growth_yearly": 12.72
        },
        "20182": {
            "year_quarter": 20182,
            "year": 2018,
            "quarter": 2,
            "eps": 1.65,
            "eps_growth_year": 14.58,
            "eps_4q": 6.12,
            "eps_4q_growth_year": 10.68,
            "roe": 5.45,
            "roe_4q": 20.77,
            "gross_profit": 534336,
            "gross_margin": 25.41,
            "gross_margin_4q_avg": 26.37,
            "net_income": 247595,
            "net_income_4q": null,
            "revenue": 2102528,
            "revenue_4q": null,
            "common_shares": 1500000,
            "book_valuer_per_share": 28.82,
            "book_valuer_per_share_4q_avg": 29.76,
            "equity": 4322521,
            "current_ratio": 173.58,
            "debt_ratio": 30.86,
            "inventory_turnover_ratio": 1.71,
            "account_receivable_turnover_ratio": 1.93,
            "reinvestment_rate": 11.04,
            "research_to_sale_ratio": 1.88,
            "price_fair": 160,
            "eps_avg_yearly": 5.02,
            "eps_latest_yearly": 6.6,
            "eps_growth_yearly": 21.9
        },
        "20183": {
            "year_quarter": 20183,
            "year": 2018,
            "quarter": 3,
            "eps": 1.65,
            "eps_growth_year": 5.77,
            "eps_4q": 6.21,
            "eps_4q_growth_year": 7.82,
            "roe": 5.57,
            "roe_4q": 20.71,
            "gross_profit": 529137,
            "gross_margin": 25.22,
            "gross_margin_4q_avg": 25.73,
            "net_income": 247738,
            "net_income_4q": null,
            "revenue": 2098270,
            "revenue_4q": null,
            "common_shares": 1500000,
            "book_valuer_per_share": 30.46,
            "book_valuer_per_share_4q_avg": 30.25,
            "equity": 4569002,
            "current_ratio": 217.62,
            "debt_ratio": 22.42,
            "inventory_turnover_ratio": 1.66,
            "account_receivable_turnover_ratio": 1.79,
            "reinvestment_rate": 12.69,
            "research_to_sale_ratio": 1.84,
            "price_fair": 124.78,
            "eps_avg_yearly": 5.18,
            "eps_latest_yearly": 6.6,
            "eps_growth_yearly": 14.11
        },
        "20184": {
            "year_quarter": 20184,
            "year": 2018,
            "quarter": 4,
            "eps": 1.53,
            "eps_growth_year": -0.41,
            "eps_4q": 6.2,
            "eps_4q_growth_year": 5.87,
            "roe": 4.88,
            "roe_4q": 20.349999999999998,
            "gross_profit": 473062,
            "gross_margin": 23.17,
            "gross_margin_4q_avg": 24.89,
            "net_income": 229001,
            "net_income_4q": null,
            "revenue": 2041363,
            "revenue_4q": null,
            "common_shares": 1500000,
            "book_valuer_per_share": 32.06,
            "book_valuer_per_share_4q_avg": 30.76,
            "equity": 4808335,
            "current_ratio": 223.32,
            "debt_ratio": 21.05,
            "inventory_turnover_ratio": 1.66,
            "account_receivable_turnover_ratio": 1.8,
            "reinvestment_rate": 17.98,
            "research_to_sale_ratio": 1.87,
            "price_fair": 134.79,
            "eps_avg_yearly": 5.34,
            "eps_latest_yearly": 6.12,
            "eps_growth_yearly": 15.26
        },
        "20191": {
            "year_quarter": 20191,
            "year": 2019,
            "quarter": 1,
            "eps": 1.22,
            "eps_growth_year": -10.95,
            "eps_4q": 6.05,
            "eps_4q_growth_year": 2.48,
            "roe": 3.74,
            "roe_4q": 19.64,
            "gross_profit": 425121,
            "gross_margin": 25.2,
            "gross_margin_4q_avg": 24.75,
            "net_income": 183459,
            "net_income_4q": null,
            "revenue": 1686873,
            "revenue_4q": null,
            "common_shares": 1500000,
            "book_valuer_per_share": 33.43,
            "book_valuer_per_share_4q_avg": 31.19,
            "equity": 5013787,
            "current_ratio": 236.73,
            "debt_ratio": 19.6,
            "inventory_turnover_ratio": 1.21,
            "account_receivable_turnover_ratio": 1.63,
            "reinvestment_rate": 22.5,
            "research_to_sale_ratio": 2.22,
            "price_fair": 107.86,
            "eps_avg_yearly": 5.42,
            "eps_latest_yearly": 4.88,
            "eps_growth_yearly": 9.92
        },
        "20192": {
            "year_quarter": 20192,
            "year": 2019,
            "quarter": 2,
            "eps": 1.35,
            "eps_growth_year": -18.18,
            "eps_4q": 5.75,
            "eps_4q_growth_year": -5.93,
            "roe": 4.28,
            "roe_4q": 18.47,
            "gross_profit": 472159,
            "gross_margin": 26,
            "gross_margin_4q_avg": 24.9,
            "net_income": 202759,
            "net_income_4q": null,
            "revenue": 1815802,
            "revenue_4q": null,
            "common_shares": 1500000,
            "book_valuer_per_share": 29.71,
            "book_valuer_per_share_4q_avg": 31.42,
            "equity": 4456692,
            "current_ratio": 120.24,
            "debt_ratio": 33.1,
            "inventory_turnover_ratio": 1.27,
            "account_receivable_turnover_ratio": 1.82,
            "reinvestment_rate": 36.81,
            "research_to_sale_ratio": 2.1,
            "price_fair": 105.82,
            "eps_avg_yearly": 5.5,
            "eps_latest_yearly": 5.4,
            "eps_growth_yearly": 9.25
        },
        "20193": {
            "year_quarter": 20193,
            "year": 2019,
            "quarter": 3,
            "eps": 1.64,
            "eps_growth_year": -0.61,
            "eps_4q": 5.74,
            "eps_4q_growth_year": -7.56,
            "roe": 5.38,
            "roe_4q": 18.28,
            "gross_profit": 531827,
            "gross_margin": 27.05,
            "gross_margin_4q_avg": 25.36,
            "net_income": 245516,
            "net_income_4q": null,
            "revenue": 1966131,
            "revenue_4q": null,
            "common_shares": 1500000,
            "book_valuer_per_share": 31.15,
            "book_valuer_per_share_4q_avg": 31.59,
            "equity": 4673049,
            "current_ratio": 124.85,
            "debt_ratio": 31.93,
            "inventory_turnover_ratio": 1.48,
            "account_receivable_turnover_ratio": 1.64,
            "reinvestment_rate": 36.6,
            "research_to_sale_ratio": 2.24,
            "price_fair": 133.38,
            "eps_avg_yearly": 5.64,
            "eps_latest_yearly": 6.56,
            "eps_growth_yearly": 13.64
        },
        "20194": {
            "year_quarter": 20194,
            "year": 2019,
            "quarter": 4,
            "eps": 1.69,
            "eps_growth_year": 10.54,
            "eps_4q": 5.9,
            "eps_4q_growth_year": -4.87,
            "roe": 5.28,
            "roe_4q": 18.68,
            "gross_profit": 576060,
            "gross_margin": 28.25,
            "gross_margin_4q_avg": 26.63,
            "net_income": 253132,
            "net_income_4q": null,
            "revenue": 2039379,
            "revenue_4q": null,
            "common_shares": 1500000,
            "book_valuer_per_share": 32.82,
            "book_valuer_per_share_4q_avg": 31.78,
            "equity": 4922280,
            "current_ratio": 117.44,
            "debt_ratio": 29.61,
            "inventory_turnover_ratio": 1.62,
            "account_receivable_turnover_ratio": 1.62,
            "reinvestment_rate": 48.9,
            "research_to_sale_ratio": 2.29,
            "price_fair": 138.67,
            "eps_avg_yearly": 5.8,
            "eps_latest_yearly": 6.76,
            "eps_growth_yearly": 13.93
        },
        "20201": {
            "year_quarter": 20201,
            "year": 2020,
            "quarter": 1,
            "eps": 1.81,
            "eps_growth_year": 48.36,
            "eps_4q": 6.49,
            "eps_4q_growth_year": 7.17,
            "roe": 5.39,
            "roe_4q": 20.330000000000002,
            "gross_profit": 597795,
            "gross_margin": 30.22,
            "gross_margin_4q_avg": 27.88,
            "net_income": 271498,
            "net_income_4q": null,
            "revenue": 1978370,
            "revenue_4q": null,
            "common_shares": 1500000,
            "book_valuer_per_share": 34.37,
            "book_valuer_per_share_4q_avg": 32.01,
            "equity": 5156217,
            "current_ratio": 131.92,
            "debt_ratio": 27.93,
            "inventory_turnover_ratio": 1.57,
            "account_receivable_turnover_ratio": 1.73,
            "reinvestment_rate": 52.18,
            "research_to_sale_ratio": 2.23,
            "price_fair": 147.87,
            "eps_avg_yearly": 5.97,
            "eps_latest_yearly": 7.24,
            "eps_growth_yearly": 14.78
        },
        "20202": {
            "year_quarter": 20202,
            "year": 2020,
            "quarter": 2,
            "eps": 1.58,
            "eps_growth_year": 17.04,
            "eps_4q": 5.86,
            "eps_4q_growth_year": 1.88,
            "roe": 5.56,
            "roe_4q": 21.61,
            "gross_profit": 609906,
            "gross_margin": 33.16,
            "gross_margin_4q_avg": 29.67,
            "net_income": 284849,
            "net_income_4q": null,
            "revenue": 1839195,
            "revenue_4q": null,
            "common_shares": 1500000,
            "book_valuer_per_share": 33.94,
            "book_valuer_per_share_4q_avg": 33.07,
            "equity": 5091422,
            "current_ratio": 139.34,
            "debt_ratio": 29.62,
            "inventory_turnover_ratio": 1.34,
            "account_receivable_turnover_ratio": 1.74,
            "reinvestment_rate": 53.63,
            "research_to_sale_ratio": 2.77,
            "price_fair": 99.22,
            "eps_avg_yearly": 6.03,
            "eps_latest_yearly": 6.32,
            "eps_growth_yearly": 6.47
        },
        "20203": {
            "year_quarter": 20203,
            "year": 2020,
            "quarter": 3,
            "eps": 1.62,
            "eps_growth_year": -1.22,
            "eps_4q": 6.12,
            "eps_4q_growth_year": 6.58,
            "roe": 5.55,
            "roe_4q": 21.78,
            "gross_profit": 622535,
            "gross_margin": 33.49,
            "gross_margin_4q_avg": 31.28,
            "net_income": 291393,
            "net_income_4q": null,
            "revenue": 1858647,
            "revenue_4q": null,
            "common_shares": 1800000,
            "book_valuer_per_share": 30.02,
            "book_valuer_per_share_4q_avg": 32.79,
            "equity": 5404343,
            "current_ratio": 136.25,
            "debt_ratio": 28.94,
            "inventory_turnover_ratio": 1.36,
            "account_receivable_turnover_ratio": 1.78,
            "reinvestment_rate": 59.24,
            "research_to_sale_ratio": 2.8,
            "price_fair": 106.53,
            "eps_avg_yearly": 6.1,
            "eps_latest_yearly": 6.48,
            "eps_growth_yearly": 7.47
        },
        "20204": {
            "year_quarter": 20204,
            "year": 2020,
            "quarter": 4,
            "eps": 1.81,
            "eps_growth_year": 7.41,
            "eps_4q": 6.52,
            "eps_4q_growth_year": 10.56,
            "roe": 5.84,
            "roe_4q": 22.34,
            "gross_profit": 491366,
            "gross_margin": 23.38,
            "gross_margin_4q_avg": 30.06,
            "net_income": 326267,
            "net_income_4q": null,
            "revenue": 2102063,
            "revenue_4q": null,
            "common_shares": 1800000,
            "book_valuer_per_share": 32.03,
            "book_valuer_per_share_4q_avg": 32.59,
            "equity": 5764974,
            "current_ratio": 164.75,
            "debt_ratio": 30.01,
            "inventory_turnover_ratio": 1.69,
            "account_receivable_turnover_ratio": 1.79,
            "reinvestment_rate": 59.9,
            "research_to_sale_ratio": 2.61,
            "price_fair": 114.71,
            "eps_avg_yearly": 6.19,
            "eps_latest_yearly": 7.24,
            "eps_growth_yearly": 8.52
        },
        "20211": {
            "year_quarter": 20211,
            "year": 2021,
            "quarter": 1,
            "eps": 2.1,
            "eps_growth_year": 16.02,
            "eps_4q": 7.11,
            "eps_4q_growth_year": 9.68,
            "roe": 6.35,
            "roe_4q": 23.299999999999997,
            "gross_profit": 754821,
            "gross_margin": 32.91,
            "gross_margin_4q_avg": 30.74,
            "net_income": 377995,
            "net_income_4q": null,
            "revenue": 2293802,
            "revenue_4q": null,
            "common_shares": 1800000,
            "book_valuer_per_share": 34.07,
            "book_valuer_per_share_4q_avg": 32.52,
            "equity": 6133259,
            "current_ratio": 167.92,
            "debt_ratio": 30.07,
            "inventory_turnover_ratio": 1.43,
            "account_receivable_turnover_ratio": 1.78,
            "reinvestment_rate": 63.65,
            "research_to_sale_ratio": 2.37,
            "price_fair": 156.19,
            "eps_avg_yearly": 6.39,
            "eps_latest_yearly": 8.4,
            "eps_growth_yearly": 14.45
        },
        "20212": {
            "year_quarter": 20212,
            "year": 2021,
            "quarter": 2,
            "eps": 2.41,
            "eps_growth_year": 52.53,
            "eps_4q": 7.15,
            "eps_4q_growth_year": 21.91,
            "roe": 7.17,
            "roe_4q": 24.91,
            "gross_profit": 794999,
            "gross_margin": 29.21,
            "gross_margin_4q_avg": 29.75,
            "net_income": 433433,
            "net_income_4q": null,
            "revenue": 2721351,
            "revenue_4q": null,
            "common_shares": 1800000,
            "book_valuer_per_share": 33.07,
            "book_valuer_per_share_4q_avg": 32.3,
            "equity": 5953220,
            "current_ratio": 143.49,
            "debt_ratio": 38.02,
            "inventory_turnover_ratio": 1.56,
            "account_receivable_turnover_ratio": 1.9,
            "reinvestment_rate": 68.29,
            "research_to_sale_ratio": 2.14,
            "price_fair": 171.52,
            "eps_avg_yearly": 6.63,
            "eps_latest_yearly": 9.64,
            "eps_growth_yearly": 15.87
        },
        "20213": {
            "year_quarter": 20213,
            "year": 2021,
            "quarter": 3,
            "eps": 1.96,
            "eps_growth_year": 20.99,
            "eps_4q": 7.65,
            "eps_4q_growth_year": 25,
            "roe": 6.36,
            "roe_4q": 25.720000000000002,
            "gross_profit": 777564,
            "gross_margin": 26.03,
            "gross_margin_4q_avg": 27.88,
            "net_income": 391350,
            "net_income_4q": null,
            "revenue": 2986877,
            "revenue_4q": null,
            "common_shares": 2000000,
            "book_valuer_per_share": 31.8,
            "book_valuer_per_share_4q_avg": 32.74,
            "equity": 6360867,
            "current_ratio": 140.54,
            "debt_ratio": 36.69,
            "inventory_turnover_ratio": 1.66,
            "account_receivable_turnover_ratio": 1.88,
            "reinvestment_rate": 73.98,
            "research_to_sale_ratio": 2.28,
            "price_fair": 128.67,
            "eps_avg_yearly": 6.73,
            "eps_latest_yearly": 7.84,
            "eps_growth_yearly": 9.12
        },
        "20214": {
            "year_quarter": 20214,
            "year": 2021,
            "quarter": 4,
            "eps": 2.07,
            "eps_growth_year": 14.21,
            "eps_4q": 8.08,
            "eps_4q_growth_year": 23.95,
            "roe": 6.3,
            "roe_4q": 26.18,
            "gross_profit": 805196,
            "gross_margin": 25.63,
            "gross_margin_4q_avg": 28.45,
            "net_income": 414030,
            "net_income_4q": null,
            "revenue": 3141573,
            "revenue_4q": null,
            "common_shares": 2000000,
            "book_valuer_per_share": 33.92,
            "book_valuer_per_share_4q_avg": 33.22,
            "equity": 6783461,
            "current_ratio": 133.15,
            "debt_ratio": 37.99,
            "inventory_turnover_ratio": 1.67,
            "account_receivable_turnover_ratio": 1.91,
            "reinvestment_rate": 84.26,
            "research_to_sale_ratio": 1.99,
            "price_fair": 144.18,
            "eps_avg_yearly": 6.87,
            "eps_latest_yearly": 8.28,
            "eps_growth_yearly": 11
        },
        "20221": {
            "year_quarter": 20221,
            "year": 2022,
            "quarter": 1,
            "eps": 2.4,
            "eps_growth_year": 14.29,
            "eps_4q": 8.6,
            "eps_4q_growth_year": 20.86,
            "roe": 6.82,
            "roe_4q": 26.65,
            "gross_profit": 907673,
            "gross_margin": 29.79,
            "gross_margin_4q_avg": 27.67,
            "net_income": 480711,
            "net_income_4q": null,
            "revenue": 3046421,
            "revenue_4q": null,
            "common_shares": 2000000,
            "book_valuer_per_share": 36.53,
            "book_valuer_per_share_4q_avg": 33.83,
            "equity": 7306658,
            "current_ratio": 126.16,
            "debt_ratio": 37.37,
            "inventory_turnover_ratio": 1.35,
            "account_receivable_turnover_ratio": 1.87,
            "reinvestment_rate": 92.08,
            "research_to_sale_ratio": 2.01,
            "price_fair": 196.6,
            "eps_avg_yearly": 7.12,
            "eps_latest_yearly": 9.6,
            "eps_growth_yearly": 17.6
        },
        "20222": {
            "year_quarter": 20222,
            "year": 2022,
            "quarter": 2,
            "eps": 1.94,
            "eps_growth_year": -19.5,
            "eps_4q": 7.09,
            "eps_4q_growth_year": -0.79,
            "roe": 6.7,
            "roe_4q": 26.18,
            "gross_profit": 889082,
            "gross_margin": 29.62,
            "gross_margin_4q_avg": 27.77,
            "net_income": 486081,
            "net_income_4q": null,
            "revenue": 3001136,
            "revenue_4q": null,
            "common_shares": 2000000,
            "book_valuer_per_share": 36.02,
            "book_valuer_per_share_4q_avg": 34.57,
            "equity": 7203822,
            "current_ratio": 98.64,
            "debt_ratio": 42.2,
            "inventory_turnover_ratio": 1.18,
            "account_receivable_turnover_ratio": 1.86,
            "reinvestment_rate": 95.79,
            "research_to_sale_ratio": 2.12,
            "price_fair": 127.36,
            "eps_avg_yearly": 7.2,
            "eps_latest_yearly": 7.76,
            "eps_growth_yearly": 7.7
        },
        "20223": {
            "year_quarter": 20223,
            "year": 2022,
            "quarter": 3,
            "eps": 1.9,
            "eps_growth_year": -3.06,
            "eps_4q": 7.42,
            "eps_4q_growth_year": -2.91,
            "roe": 6.38,
            "roe_4q": 26.2,
            "gross_profit": 831583,
            "gross_margin": 30.15,
            "gross_margin_4q_avg": 28.8,
            "net_income": 474821,
            "net_income_4q": null,
            "revenue": 2758168,
            "revenue_4q": null,
            "common_shares": 2500000,
            "book_valuer_per_share": 30.69,
            "book_valuer_per_share_4q_avg": 34.29,
            "equity": 7672495,
            "current_ratio": 153.13,
            "debt_ratio": 39.83,
            "inventory_turnover_ratio": 1.11,
            "account_receivable_turnover_ratio": 1.76,
            "reinvestment_rate": 98.91,
            "research_to_sale_ratio": 2.5,
            "price_fair": 124.73,
            "eps_avg_yearly": 7.26,
            "eps_latest_yearly": 7.6,
            "eps_growth_yearly": 7.19
        },
        "20224": {
            "year_quarter": 20224,
            "year": 2022,
            "quarter": 4,
            "eps": 1.53,
            "eps_growth_year": -25.86,
            "eps_4q": 7.3,
            "eps_4q_growth_year": -9.68,
            "roe": 4.88,
            "roe_4q": 24.78,
            "gross_profit": 752276,
            "gross_margin": 29.62,
            "gross_margin_4q_avg": 29.8,
            "net_income": 383704,
            "net_income_4q": null,
            "revenue": 2539358,
            "revenue_4q": null,
            "common_shares": 2500000,
            "book_valuer_per_share": 32.15,
            "book_valuer_per_share_4q_avg": 33.85,
            "equity": 8037902,
            "current_ratio": 142.72,
            "debt_ratio": 40.57,
            "inventory_turnover_ratio": 1.02,
            "account_receivable_turnover_ratio": 1.77,
            "reinvestment_rate": 103.56,
            "research_to_sale_ratio": 2.64,
            "price_fair": 102.59,
            "eps_avg_yearly": 7.26,
            "eps_latest_yearly": 6.12,
            "eps_growth_yearly": 4.14
        },
        "20231": {
            "year_quarter": 20231,
            "year": 2023,
            "quarter": 1,
            "eps": 1.47,
            "eps_growth_year": -38.75,
            "eps_4q": 6.85,
            "eps_4q_growth_year": -20.34,
            "roe": 4.48,
            "roe_4q": 22.439999999999998,
            "gross_profit": 767958,
            "gross_margin": 31.43,
            "gross_margin_4q_avg": 30.21,
            "net_income": 367608,
            "net_income_4q": null,
            "revenue": 2443052,
            "revenue_4q": null,
            "common_shares": 2500000,
            "book_valuer_per_share": 33.55,
            "book_valuer_per_share_4q_avg": 33.1,
            "equity": 8388237,
            "current_ratio": 139.15,
            "debt_ratio": 38.63,
            "inventory_turnover_ratio": 0.93,
            "account_receivable_turnover_ratio": 1.82,
            "reinvestment_rate": 105.32,
            "research_to_sale_ratio": 2.48,
            "price_fair": 133.37,
            "eps_avg_yearly": 7.32,
            "eps_latest_yearly": 5.88,
            "eps_growth_yearly": 8.22
        },
        "20232": {
            "year_quarter": 20232,
            "year": 2023,
            "quarter": 2,
            "eps": 1.64,
            "eps_growth_year": -15.46,
            "eps_4q": 6.55,
            "eps_4q_growth_year": -7.62,
            "roe": 5.05,
            "roe_4q": 20.79,
            "gross_profit": 760631,
            "gross_margin": 32.62,
            "gross_margin_4q_avg": 30.96,
            "net_income": 410993,
            "net_income_4q": null,
            "revenue": 2331774,
            "revenue_4q": null,
            "common_shares": 2500000,
            "book_valuer_per_share": 31.56,
            "book_valuer_per_share_4q_avg": 31.99,
            "equity": 7889305,
            "current_ratio": 115.63,
            "debt_ratio": 43.36,
            "inventory_turnover_ratio": 0.91,
            "account_receivable_turnover_ratio": 1.83,
            "reinvestment_rate": 100.27,
            "research_to_sale_ratio": 2.61,
            "price_fair": 136.37,
            "eps_avg_yearly": 7.39,
            "eps_latest_yearly": 6.56,
            "eps_growth_yearly": 8.45
        },
        "20233": {
            "year_quarter": 20233,
            "year": 2023,
            "quarter": 3,
            "eps": 1.55,
            "eps_growth_year": -18.42,
            "eps_4q": 6.2,
            "eps_4q_growth_year": -16.48,
            "roe": 4.78,
            "roe_4q": 19.19,
            "gross_profit": 760340,
            "gross_margin": 30.14,
            "gross_margin_4q_avg": 30.95,
            "net_income": 387542,
            "net_income_4q": null,
            "revenue": 2522278,
            "revenue_4q": null,
            "common_shares": 2500000,
            "book_valuer_per_share": 33.24,
            "book_valuer_per_share_4q_avg": 32.63,
            "equity": 8310421,
            "current_ratio": 120.43,
            "debt_ratio": 42.82,
            "inventory_turnover_ratio": 1.04,
            "account_receivable_turnover_ratio": 1.94,
            "reinvestment_rate": 99.92,
            "research_to_sale_ratio": 2.81,
            "price_fair": 86.27,
            "eps_avg_yearly": 7.37,
            "eps_latest_yearly": 6.2,
            "eps_growth_yearly": 1.71
        },
        "20234": {
            "year_quarter": 20234,
            "year": 2023,
            "quarter": 4,
            "eps": 1.65,
            "eps_growth_year": 7.46,
            "eps_4q": 6.31,
            "eps_4q_growth_year": -13.52,
            "roe": 4.85,
            "roe_4q": 19.16,
            "gross_profit": 866691,
            "gross_margin": 33.91,
            "gross_margin_4q_avg": 32.03,
            "net_income": 412319,
            "net_income_4q": null,
            "revenue": 2555806,
            "revenue_4q": null,
            "common_shares": 2500000,
            "book_valuer_per_share": 34.82,
            "book_valuer_per_share_4q_avg": 33.29,
            "equity": 8704606,
            "current_ratio": 122.04,
            "debt_ratio": 39.92,
            "inventory_turnover_ratio": 1.05,
            "account_receivable_turnover_ratio": 1.89,
            "reinvestment_rate": 90.9,
            "research_to_sale_ratio": 3,
            "price_fair": 92.41,
            "eps_avg_yearly": 7.36,
            "eps_latest_yearly": 6.6,
            "eps_growth_yearly": 2.56
        }
    },
    "months": {
        "2008-02": {
            "month": "2008-02",
            "price": "24.45",
            "revenue": 449216
        },
        "2008-03": {
            "month": "2008-03",
            "price": "24.20",
            "revenue": 622216
        },
        "2008-04": {
            "month": "2008-04",
            "price": "30.09",
            "revenue": 458604
        },
        "2008-05": {
            "month": "2008-05",
            "price": "33.48",
            "revenue": 613453
        },
        "2008-06": {
            "month": "2008-06",
            "price": "33.21",
            "revenue": 591018
        },
        "2008-07": {
            "month": "2008-07",
            "price": "31.17",
            "revenue": 587526
        },
        "2008-08": {
            "month": "2008-08",
            "price": "27.41",
            "revenue": 400885
        },
        "2008-09": {
            "month": "2008-09",
            "price": "26.79",
            "revenue": 392515
        },
        "2008-10": {
            "month": "2008-10",
            "price": "24.07",
            "revenue": 358110
        },
        "2008-11": {
            "month": "2008-11",
            "price": "22.07",
            "revenue": 262328
        },
        "2008-12": {
            "month": "2008-12",
            "price": "19.52",
            "revenue": 280981
        },
        "2009-01": {
            "month": "2009-01",
            "price": "19.75",
            "revenue": 204684
        },
        "2009-02": {
            "month": "2009-02",
            "price": "18.50",
            "revenue": 324801
        },
        "2009-03": {
            "month": "2009-03",
            "price": "16.46",
            "revenue": 405689
        },
        "2009-04": {
            "month": "2009-04",
            "price": "19.09",
            "revenue": 385096
        },
        "2009-05": {
            "month": "2009-05",
            "price": "19.33",
            "revenue": 349911
        },
        "2009-06": {
            "month": "2009-06",
            "price": "19.65",
            "revenue": 405003
        },
        "2009-07": {
            "month": "2009-07",
            "price": "20.34",
            "revenue": 371008
        },
        "2009-08": {
            "month": "2009-08",
            "price": "24.40",
            "revenue": 434392
        },
        "2009-09": {
            "month": "2009-09",
            "price": "31.67",
            "revenue": 451531
        },
        "2009-10": {
            "month": "2009-10",
            "price": "34.11",
            "revenue": 451351
        },
        "2009-11": {
            "month": "2009-11",
            "price": "33.11",
            "revenue": 442249
        },
        "2009-12": {
            "month": "2009-12",
            "price": "33.55",
            "revenue": 461034
        },
        "2010-01": {
            "month": "2010-01",
            "price": "35.44",
            "revenue": 456494
        },
        "2010-02": {
            "month": "2010-02",
            "price": "33.36",
            "revenue": 389989
        },
        "2010-03": {
            "month": "2010-03",
            "price": "36.51",
            "revenue": 517492
        },
        "2010-04": {
            "month": "2010-04",
            "price": "41.50",
            "revenue": 607664
        },
        "2010-05": {
            "month": "2010-05",
            "price": "40.69",
            "revenue": 588320
        },
        "2010-06": {
            "month": "2010-06",
            "price": "40.56",
            "revenue": 518026
        },
        "2010-07": {
            "month": "2010-07",
            "price": "37.80",
            "revenue": 525877
        },
        "2010-08": {
            "month": "2010-08",
            "price": "40.27",
            "revenue": 545030
        },
        "2010-09": {
            "month": "2010-09",
            "price": "40.19",
            "revenue": 532200
        },
        "2010-10": {
            "month": "2010-10",
            "price": "47.15",
            "revenue": 573165
        },
        "2010-11": {
            "month": "2010-11",
            "price": "44.34",
            "revenue": 564414
        },
        "2010-12": {
            "month": "2010-12",
            "price": "46.07",
            "revenue": 571717
        },
        "2011-01": {
            "month": "2011-01",
            "price": "47.42",
            "revenue": 579743
        },
        "2011-02": {
            "month": "2011-02",
            "price": "45.96",
            "revenue": 496752
        },
        "2011-03": {
            "month": "2011-03",
            "price": "45.75",
            "revenue": 672541
        },
        "2011-04": {
            "month": "2011-04",
            "price": "50.26",
            "revenue": 593446
        },
        "2011-05": {
            "month": "2011-05",
            "price": "49.43",
            "revenue": 505099
        },
        "2011-06": {
            "month": "2011-06",
            "price": "49.17",
            "revenue": 512190
        },
        "2011-07": {
            "month": "2011-07",
            "price": "45.73",
            "revenue": 516647
        },
        "2011-08": {
            "month": "2011-08",
            "price": "39.21",
            "revenue": 576965
        },
        "2011-09": {
            "month": "2011-09",
            "price": "38.53",
            "revenue": 568480
        },
        "2011-10": {
            "month": "2011-10",
            "price": "37.58",
            "revenue": 527153
        },
        "2011-11": {
            "month": "2011-11",
            "price": "35.35",
            "revenue": 518694
        },
        "2011-12": {
            "month": "2011-12",
            "price": "33.05",
            "revenue": 527162
        },
        "2012-01": {
            "month": "2012-01",
            "price": "33.67",
            "revenue": 484081
        },
        "2012-02": {
            "month": "2012-02",
            "price": "37.28",
            "revenue": 611804
        },
        "2012-03": {
            "month": "2012-03",
            "price": "39.29",
            "revenue": 571885
        },
        "2012-04": {
            "month": "2012-04",
            "price": "37.76",
            "revenue": 584581
        },
        "2012-05": {
            "month": "2012-05",
            "price": "39.22",
            "revenue": 553505
        },
        "2012-06": {
            "month": "2012-06",
            "price": "38.67",
            "revenue": 540358
        },
        "2012-07": {
            "month": "2012-07",
            "price": "36.91",
            "revenue": 553144
        },
        "2012-08": {
            "month": "2012-08",
            "price": "38.77",
            "revenue": 546153
        },
        "2012-09": {
            "month": "2012-09",
            "price": "39.40",
            "revenue": 518501
        },
        "2012-10": {
            "month": "2012-10",
            "price": "38.70",
            "revenue": 547569
        },
        "2012-11": {
            "month": "2012-11",
            "price": "39.19",
            "revenue": 522533
        },
        "2012-12": {
            "month": "2012-12",
            "price": "40.41",
            "revenue": 490731
        },
        "2013-01": {
            "month": "2013-01",
            "price": "42.18",
            "revenue": 565277
        },
        "2013-02": {
            "month": "2013-02",
            "price": "42.95",
            "revenue": 436651
        },
        "2013-03": {
            "month": "2013-03",
            "price": "44.06",
            "revenue": 574963
        },
        "2013-04": {
            "month": "2013-04",
            "price": "44.52",
            "revenue": 519063
        },
        "2013-05": {
            "month": "2013-05",
            "price": "44.26",
            "revenue": 558431
        },
        "2013-06": {
            "month": "2013-06",
            "price": "44.25",
            "revenue": 562819
        },
        "2013-07": {
            "month": "2013-07",
            "price": "43.53",
            "revenue": 596099
        },
        "2013-08": {
            "month": "2013-08",
            "price": "45.30",
            "revenue": 591601
        },
        "2013-09": {
            "month": "2013-09",
            "price": "46.90",
            "revenue": 592580
        },
        "2013-10": {
            "month": "2013-10",
            "price": "48.43",
            "revenue": 550668
        },
        "2013-11": {
            "month": "2013-11",
            "price": "49.08",
            "revenue": 539570
        },
        "2013-12": {
            "month": "2013-12",
            "price": "49.19",
            "revenue": 629238
        },
        "2014-01": {
            "month": "2014-01",
            "price": "50.46",
            "revenue": 593444
        },
        "2014-02": {
            "month": "2014-02",
            "price": "50.83",
            "revenue": 565262
        },
        "2014-03": {
            "month": "2014-03",
            "price": "52.20",
            "revenue": 590912
        },
        "2014-04": {
            "month": "2014-04",
            "price": "54.71",
            "revenue": 596746
        },
        "2014-05": {
            "month": "2014-05",
            "price": "53.84",
            "revenue": 585464
        },
        "2014-06": {
            "month": "2014-06",
            "price": "55.10",
            "revenue": 604900
        },
        "2014-07": {
            "month": "2014-07",
            "price": "54.18",
            "revenue": 609034
        },
        "2014-08": {
            "month": "2014-08",
            "price": "48.05",
            "revenue": 712020
        },
        "2014-09": {
            "month": "2014-09",
            "price": "47.04",
            "revenue": 624577
        },
        "2014-10": {
            "month": "2014-10",
            "price": "44.43",
            "revenue": 603940
        },
        "2014-11": {
            "month": "2014-11",
            "price": "44.08",
            "revenue": 611053
        },
        "2014-12": {
            "month": "2014-12",
            "price": "44.44",
            "revenue": 586349
        },
        "2015-01": {
            "month": "2015-01",
            "price": "44.16",
            "revenue": 586035
        },
        "2015-02": {
            "month": "2015-02",
            "price": "43.42",
            "revenue": 416772
        },
        "2015-03": {
            "month": "2015-03",
            "price": "44.35",
            "revenue": 623115
        },
        "2015-04": {
            "month": "2015-04",
            "price": "44.61",
            "revenue": 600467
        },
        "2015-05": {
            "month": "2015-05",
            "price": "45.77",
            "revenue": 524598
        },
        "2015-06": {
            "month": "2015-06",
            "price": "42.42",
            "revenue": 555922
        },
        "2015-07": {
            "month": "2015-07",
            "price": "40.18",
            "revenue": 550286
        },
        "2015-08": {
            "month": "2015-08",
            "price": "39.89",
            "revenue": 528223
        },
        "2015-09": {
            "month": "2015-09",
            "price": "39.86",
            "revenue": 554952
        },
        "2015-10": {
            "month": "2015-10",
            "price": "41.00",
            "revenue": 524141
        },
        "2015-11": {
            "month": "2015-11",
            "price": "41.70",
            "revenue": 528531
        },
        "2015-12": {
            "month": "2015-12",
            "price": "40.23",
            "revenue": 505094
        },
        "2016-01": {
            "month": "2016-01",
            "price": "39.26",
            "revenue": 504964
        },
        "2016-02": {
            "month": "2016-02",
            "price": "39.69",
            "revenue": 410029
        },
        "2016-03": {
            "month": "2016-03",
            "price": "43.48",
            "revenue": 556516
        },
        "2016-04": {
            "month": "2016-04",
            "price": "43.64",
            "revenue": 497682
        },
        "2016-05": {
            "month": "2016-05",
            "price": "44.33",
            "revenue": 517307
        },
        "2016-06": {
            "month": "2016-06",
            "price": "42.46",
            "revenue": 496345
        },
        "2016-07": {
            "month": "2016-07",
            "price": "43.36",
            "revenue": 495929
        },
        "2016-08": {
            "month": "2016-08",
            "price": "46.42",
            "revenue": 521248
        },
        "2016-09": {
            "month": "2016-09",
            "price": "47.80",
            "revenue": 513317
        },
        "2016-10": {
            "month": "2016-10",
            "price": "49.53",
            "revenue": 552408
        },
        "2016-11": {
            "month": "2016-11",
            "price": "51.34",
            "revenue": 552932
        },
        "2016-12": {
            "month": "2016-12",
            "price": "53.50",
            "revenue": 553629
        },
        "2017-01": {
            "month": "2017-01",
            "price": "54.54",
            "revenue": 560783
        },
        "2017-02": {
            "month": "2017-02",
            "price": "56.05",
            "revenue": 532694
        },
        "2017-03": {
            "month": "2017-03",
            "price": "61.59",
            "revenue": 605752
        },
        "2017-04": {
            "month": "2017-04",
            "price": "63.67",
            "revenue": 541991
        },
        "2017-05": {
            "month": "2017-05",
            "price": "64.14",
            "revenue": 562630
        },
        "2017-06": {
            "month": "2017-06",
            "price": "66.35",
            "revenue": 525446
        },
        "2017-07": {
            "month": "2017-07",
            "price": "64.09",
            "revenue": 533705
        },
        "2017-08": {
            "month": "2017-08",
            "price": "65.23",
            "revenue": 605394
        },
        "2017-09": {
            "month": "2017-09",
            "price": "66.40",
            "revenue": 620706
        },
        "2017-10": {
            "month": "2017-10",
            "price": "75.77",
            "revenue": 578307
        },
        "2017-11": {
            "month": "2017-11",
            "price": "76.85",
            "revenue": 575185
        },
        "2017-12": {
            "month": "2017-12",
            "price": "73.69",
            "revenue": 597094
        },
        "2018-01": {
            "month": "2018-01",
            "price": "84.11",
            "revenue": 648577
        },
        "2018-02": {
            "month": "2018-02",
            "price": "86.17",
            "revenue": 490041
        },
        "2018-03": {
            "month": "2018-03",
            "price": "86.33",
            "revenue": 653367
        },
        "2018-04": {
            "month": "2018-04",
            "price": "82.22",
            "revenue": 654416
        },
        "2018-05": {
            "month": "2018-05",
            "price": "84.94",
            "revenue": 739249
        },
        "2018-06": {
            "month": "2018-06",
            "price": "90.85",
            "revenue": 708863
        },
        "2018-07": {
            "month": "2018-07",
            "price": "103.06",
            "revenue": 697050
        },
        "2018-08": {
            "month": "2018-08",
            "price": "108.52",
            "revenue": 711790
        },
        "2018-09": {
            "month": "2018-09",
            "price": "98.47",
            "revenue": 689430
        },
        "2018-10": {
            "month": "2018-10",
            "price": "84.00",
            "revenue": 735669
        },
        "2018-11": {
            "month": "2018-11",
            "price": "83.39",
            "revenue": 683343
        },
        "2018-12": {
            "month": "2018-12",
            "price": "84.03",
            "revenue": 622351
        },
        "2019-01": {
            "month": "2019-01",
            "price": "83.51",
            "revenue": 599553
        },
        "2019-02": {
            "month": "2019-02",
            "price": "88.75",
            "revenue": 512585
        },
        "2019-03": {
            "month": "2019-03",
            "price": "91.80",
            "revenue": 574735
        },
        "2019-04": {
            "month": "2019-04",
            "price": "90.38",
            "revenue": 598721
        },
        "2019-05": {
            "month": "2019-05",
            "price": "85.53",
            "revenue": 591199
        },
        "2019-06": {
            "month": "2019-06",
            "price": "83.79",
            "revenue": 626357
        },
        "2019-07": {
            "month": "2019-07",
            "price": "82.30",
            "revenue": 620801
        },
        "2019-08": {
            "month": "2019-08",
            "price": "81.11",
            "revenue": 681081
        },
        "2019-09": {
            "month": "2019-09",
            "price": "83.39",
            "revenue": 666741
        },
        "2019-10": {
            "month": "2019-10",
            "price": "86.60",
            "revenue": 677153
        },
        "2019-11": {
            "month": "2019-11",
            "price": "93.59",
            "revenue": 670109
        },
        "2019-12": {
            "month": "2019-12",
            "price": "93.50",
            "revenue": 689150
        },
        "2020-01": {
            "month": "2020-01",
            "price": "94.74",
            "revenue": 597684
        },
        "2020-02": {
            "month": "2020-02",
            "price": "91.78",
            "revenue": 686613
        },
        "2020-03": {
            "month": "2020-03",
            "price": "88.29",
            "revenue": 694073
        },
        "2020-04": {
            "month": "2020-04",
            "price": "90.48",
            "revenue": 660281
        },
        "2020-05": {
            "month": "2020-05",
            "price": "96.49",
            "revenue": 580843
        },
        "2020-06": {
            "month": "2020-06",
            "price": "102.00",
            "revenue": 598071
        },
        "2020-07": {
            "month": "2020-07",
            "price": "111.13",
            "revenue": 597201
        },
        "2020-08": {
            "month": "2020-08",
            "price": "105.19",
            "revenue": 611046
        },
        "2020-09": {
            "month": "2020-09",
            "price": "102.24",
            "revenue": 650400
        },
        "2020-10": {
            "month": "2020-10",
            "price": "100.41",
            "revenue": 675711
        },
        "2020-11": {
            "month": "2020-11",
            "price": "102.09",
            "revenue": 698477
        },
        "2020-12": {
            "month": "2020-12",
            "price": "107.20",
            "revenue": 727875
        },
        "2021-01": {
            "month": "2021-01",
            "price": "104.45",
            "revenue": 760089
        },
        "2021-02": {
            "month": "2021-02",
            "price": "104.69",
            "revenue": 682494
        },
        "2021-03": {
            "month": "2021-03",
            "price": "110.05",
            "revenue": 851219
        },
        "2021-04": {
            "month": "2021-04",
            "price": "118.61",
            "revenue": 855267
        },
        "2021-05": {
            "month": "2021-05",
            "price": "112.95",
            "revenue": 945261
        },
        "2021-06": {
            "month": "2021-06",
            "price": "123.57",
            "revenue": 920823
        },
        "2021-07": {
            "month": "2021-07",
            "price": "134.11",
            "revenue": 982433
        },
        "2021-08": {
            "month": "2021-08",
            "price": "138.91",
            "revenue": 1008976
        },
        "2021-09": {
            "month": "2021-09",
            "price": "139.25",
            "revenue": 995468
        },
        "2021-10": {
            "month": "2021-10",
            "price": "133.70",
            "revenue": 1032653
        },
        "2021-11": {
            "month": "2021-11",
            "price": "137.02",
            "revenue": 1069700
        },
        "2021-12": {
            "month": "2021-12",
            "price": "146.14",
            "revenue": 1033729
        },
        "2022-01": {
            "month": "2022-01",
            "price": "161.56",
            "revenue": 1060458
        },
        "2022-02": {
            "month": "2022-02",
            "price": "177.50",
            "revenue": 890516
        },
        "2022-03": {
            "month": "2022-03",
            "price": "211.78",
            "revenue": 1095480
        },
        "2022-04": {
            "month": "2022-04",
            "price": "212.32",
            "revenue": 989747
        },
        "2022-05": {
            "month": "2022-05",
            "price": "199.76",
            "revenue": 997238
        },
        "2022-06": {
            "month": "2022-06",
            "price": "198.62",
            "revenue": 1014151
        },
        "2022-07": {
            "month": "2022-07",
            "price": "142.36",
            "revenue": 900338
        },
        "2022-08": {
            "month": "2022-08",
            "price": "142.67",
            "revenue": 973028
        },
        "2022-09": {
            "month": "2022-09",
            "price": "125.62",
            "revenue": 884802
        },
        "2022-10": {
            "month": "2022-10",
            "price": "105.14",
            "revenue": 866154
        },
        "2022-11": {
            "month": "2022-11",
            "price": "109.30",
            "revenue": 859338
        },
        "2022-12": {
            "month": "2022-12",
            "price": "116.05",
            "revenue": 813866
        },
        "2023-01": {
            "month": "2023-01",
            "price": "118.15",
            "revenue": 738653
        },
        "2023-02": {
            "month": "2023-02",
            "price": "131.39",
            "revenue": 851277
        },
        "2023-03": {
            "month": "2023-03",
            "price": "120.04",
            "revenue": 853122
        },
        "2023-04": {
            "month": "2023-04",
            "price": "128.09",
            "revenue": 759082
        },
        "2023-05": {
            "month": "2023-05",
            "price": "126.89",
            "revenue": 790846
        },
        "2023-06": {
            "month": "2023-06",
            "price": "134.48",
            "revenue": 771881
        },
        "2023-07": {
            "month": "2023-07",
            "price": "135.14",
            "revenue": 772362
        },
        "2023-08": {
            "month": "2023-08",
            "price": "131.23",
            "revenue": 874848
        },
        "2023-09": {
            "month": "2023-09",
            "price": "132.08",
            "revenue": 875068
        },
        "2023-10": {
            "month": "2023-10",
            "price": "131.50",
            "revenue": 835735
        },
        "2023-11": {
            "month": "2023-11",
            "price": "130.45",
            "revenue": 840848
        },
        "2023-12": {
            "month": "2023-12",
            "price": "136.12",
            "revenue": 879223
        }
    }
}
