{
    "summary": {
        "stock_name": "展宇",
        "stock_id": "1776",
        "category": "化工",
        "main_business": "溶劑型PU樹脂,水性PU樹脂,無溶劑PU樹脂,聚異氰酸酯。<br>熱可塑性聚氨酯(TPU塑粒)。",
        "website_url": "http://www.headway.com.tw",
        "ceo": "趙偉君",
        "pe_ratio": 100,
        "report_year_from": 2002,
        "report_year_to": 2023,
        "age": 21,
        "eps_negative_percentage": 11,
        "eps_growth_avg": {
            "last_all": -4.53,
            "last_2y": -3.47,
            "last_4y": -27.61,
            "last_8y": null,
            "last_12y": null,
            "last_16y": null,
            "last_20y": null,
            "at_2006_last_3y": null,
            "at_2007_last_3y": null,
            "at_2008_last_3y": null,
            "at_2009_last_3y": null,
            "at_2010_last_3y": null,
            "at_2011_last_3y": null,
            "at_2012_last_3y": null,
            "at_2013_last_3y": null,
            "at_2014_last_3y": null,
            "at_2015_last_3y": null,
            "at_2016_last_3y": null,
            "at_2017_last_3y": null,
            "at_2018_last_3y": null,
            "at_2019_last_3y": -5.59,
            "at_2020_last_3y": -46.77,
            "at_2021_last_3y": -7.84,
            "at_2022_last_3y": -3.47,
            "at_2023_last_3y": -3.47,
            "at_2006_last_all": null,
            "at_2007_last_all": null,
            "at_2008_last_all": null,
            "at_2009_last_all": null,
            "at_2010_last_all": null,
            "at_2011_last_all": null,
            "at_2012_last_all": null,
            "at_2013_last_all": null,
            "at_2014_last_all": null,
            "at_2015_last_all": null,
            "at_2016_last_all": null,
            "at_2017_last_all": 41.61,
            "at_2018_last_all": -5.59,
            "at_2019_last_all": -5.59,
            "at_2020_last_all": -10.07,
            "at_2021_last_all": 11.94,
            "at_2022_last_all": -4.53,
            "at_2023_last_all": -4.53
        },
        "latest_eps": 0.09,
        "latest_price": 18,
        "latest_roe": 0.84,
        "latest_gross_margin": 13.08,
        "latest_equity": 1123345,
        "latest_revenue": 319186,
        "latest_gross_profit": 41735,
        "latest_net_income": 6745,
        "latest_debt_ratio": 37.2,
        "latest_current_ratio": 321.31,
        "latest_account_receivable_turnover_ratio": 1.06,
        "latest_inventory_turnover_ratio": 0.86,
        "latest_reinvestment_rate": -16.17,
        "latest_research_to_sale_ratio": 1.81
    },
    "eps_dividends": {
        "2001": {
            "cash": 0,
            "stock": 0,
            "eps": 0
        },
        "2002": {
            "cash": 0,
            "stock": 0,
            "eps": 0
        },
        "2003": {
            "cash": 4,
            "stock": 2,
            "eps": 0
        },
        "2004": {
            "cash": 1.5,
            "stock": 1.5,
            "eps": 0
        },
        "2005": {
            "cash": 1,
            "stock": 1,
            "eps": 0
        },
        "2006": {
            "cash": 1.2,
            "stock": 0,
            "eps": 0
        },
        "2007": {
            "cash": 1.5,
            "stock": 0,
            "eps": 0
        },
        "2008": {
            "cash": 2,
            "stock": 0.5,
            "eps": 0
        },
        "2009": {
            "cash": 1.5,
            "stock": 0,
            "eps": 0
        },
        "2010": {
            "cash": 2,
            "stock": 1,
            "eps": 0
        },
        "2011": {
            "cash": 1.5,
            "stock": 1.1,
            "eps": 0
        },
        "2012": {
            "cash": 0,
            "stock": 0,
            "eps": 0
        },
        "2013": {
            "cash": 0.9,
            "stock": 0.6,
            "eps": 0
        },
        "2014": {
            "cash": 0.9,
            "stock": 0.8,
            "eps": 0
        },
        "2015": {
            "cash": 1.2,
            "stock": 0,
            "eps": 0.56
        },
        "2016": {
            "cash": 1.8,
            "stock": 0,
            "eps": 1.61
        },
        "2017": {
            "cash": 1.6,
            "stock": 0,
            "eps": 1.34
        },
        "2018": {
            "cash": 1.5,
            "stock": 0,
            "eps": -0.49
        },
        "2019": {
            "cash": 0.8,
            "stock": 0,
            "eps": 0.85
        },
        "2020": {
            "cash": 0.85,
            "stock": 0,
            "eps": 0.65
        },
        "2021": {
            "cash": 1,
            "stock": 0,
            "eps": 2.06
        },
        "2022": {
            "cash": 1.5,
            "stock": 0,
            "eps": 0.27
        },
        "2023": {
            "cash": 0.6,
            "stock": 0,
            "eps": 0.08
        }
    },
    "dividends": {
        "2003-05-26": {
            "cash": 4,
            "stock": 2
        },
        "2004-03-26": {
            "cash": 1.5,
            "stock": 1.5
        },
        "2005-04-12": {
            "cash": 1,
            "stock": 1
        },
        "2006-06-30": {
            "cash": 1.2,
            "stock": 0
        },
        "2007-01-26": {
            "cash": 1.5,
            "stock": 0
        },
        "2008-04-18": {
            "cash": 2,
            "stock": 0.5
        },
        "2009-04-22": {
            "cash": 1.5,
            "stock": 0
        },
        "2010-04-15": {
            "cash": 2,
            "stock": 1
        },
        "2011-01-01": {
            "cash": 0.6,
            "stock": 0.5
        },
        "2011-04-21": {
            "cash": 0.9,
            "stock": 0.6
        },
        "2013-04-19": {
            "cash": 0.9,
            "stock": 0.6
        },
        "2014-09-26": {
            "cash": 0.9,
            "stock": 0.8
        },
        "2015-10-16": {
            "cash": 1.2,
            "stock": 0
        },
        "2016-07-07": {
            "cash": 1.8,
            "stock": 0
        },
        "2017-08-02": {
            "cash": 1.6,
            "stock": 0
        },
        "2018-10-16": {
            "cash": 1.5,
            "stock": 0
        },
        "2019-09-20": {
            "cash": 0.8,
            "stock": 0
        },
        "2020-09-29": {
            "cash": 0.85,
            "stock": 0
        },
        "2021-09-17": {
            "cash": 1,
            "stock": 0
        },
        "2022-09-16": {
            "cash": 1.5,
            "stock": 0
        },
        "2023-07-12": {
            "cash": 0.6,
            "stock": 0
        }
    },
    "prices": {
        "200101": "無",
        "200102": "無",
        "200103": "無",
        "200104": "無",
        "200105": "無",
        "200106": "無",
        "200107": "無",
        "200108": "無",
        "200109": "無",
        "200110": "無",
        "200111": "無",
        "200112": "無",
        "200201": "無",
        "200202": "無",
        "200203": "無",
        "200204": "無",
        "200205": "無",
        "200206": "無",
        "200207": "無",
        "200208": "無",
        "200209": "無",
        "200210": "無",
        "200211": "無",
        "200212": "無",
        "200301": "無",
        "200302": "無",
        "200303": "無",
        "200304": "無",
        "200305": "無",
        "200306": "無",
        "200307": "無",
        "200308": "無",
        "200309": "無",
        "200310": "無",
        "200311": "無",
        "200312": "無",
        "200401": "無",
        "200402": "無",
        "200403": "無",
        "200404": "24.70",
        "200405": "25.95",
        "200406": "26.60",
        "200407": "27.65",
        "200408": "25.26",
        "200409": "22.07",
        "200410": "18.41",
        "200411": "18.32",
        "200412": "17.73",
        "200501": "16.79",
        "200502": "16.50",
        "200503": "16.60",
        "200504": "16.55",
        "200505": "14.83",
        "200506": "14.70",
        "200507": "14.07",
        "200508": "11.86",
        "200509": "10.15",
        "200510": "11.08",
        "200511": "11.75",
        "200512": "11.52",
        "200601": "無",
        "200602": "10.95",
        "200603": "11.03",
        "200604": "11.04",
        "200605": "11.91",
        "200606": "11.73",
        "200607": "12.60",
        "200608": "11.70",
        "200609": "11.08",
        "200610": "10.85",
        "200611": "無",
        "200612": "11.31",
        "200701": "12.12",
        "200702": "12.85",
        "200703": "12.43",
        "200704": "13.86",
        "200705": "14.90",
        "200706": "17.35",
        "200707": "17.59",
        "200708": "17.18",
        "200709": "17.35",
        "200710": "17.05",
        "200711": "17.53",
        "200712": "17.84",
        "200801": "16.49",
        "200802": "17.33",
        "200803": "18.02",
        "200804": "18.87",
        "200805": "18.76",
        "200806": "19.52",
        "200807": "18.83",
        "200808": "16.60",
        "200809": "16.66",
        "200810": "14.05",
        "200811": "12.89",
        "200812": "13.41",
        "200901": "無",
        "200902": "12.36",
        "200903": "13.06",
        "200904": "14.16",
        "200905": "16.01",
        "200906": "15.92",
        "200907": "16.56",
        "200908": "16.11",
        "200909": "18.85",
        "200910": "20.03",
        "200911": "20.79",
        "200912": "22.00",
        "201001": "22.50",
        "201002": "21.70",
        "201003": "23.52",
        "201004": "29.22",
        "201005": "31.06",
        "201006": "30.70",
        "201007": "28.34",
        "201008": "26.44",
        "201009": "21.91",
        "201010": "21.62",
        "201011": "22.39",
        "201012": "21.94",
        "201101": "22.47",
        "201102": "22.55",
        "201103": "22.25",
        "201104": "23.10",
        "201105": "22.51",
        "201106": "21.95",
        "201107": "21.60",
        "201108": "21.00",
        "201109": "19.44",
        "201110": "17.51",
        "201111": "16.94",
        "201112": "16.83",
        "201201": "17.35",
        "201202": "18.68",
        "201203": "17.36",
        "201204": "17.56",
        "201205": "17.47",
        "201206": "17.63",
        "201207": "17.93",
        "201208": "18.57",
        "201209": "19.61",
        "201210": "18.02",
        "201211": "17.43",
        "201212": "17.72",
        "201301": "17.72",
        "201302": "18.11",
        "201303": "19.09",
        "201304": "20.37",
        "201305": "20.39",
        "201306": "20.59",
        "201307": "20.64",
        "201308": "20.88",
        "201309": "20.11",
        "201310": "19.78",
        "201311": "19.41",
        "201312": "19.09",
        "201401": "19.96",
        "201402": "20.52",
        "201403": "20.60",
        "201404": "22.27",
        "201405": "23.41",
        "201406": "23.53",
        "201407": "23.86",
        "201408": "23.87",
        "201409": "24.38",
        "201410": "25.05",
        "201411": "24.85",
        "201412": "24.91",
        "201501": "25.47",
        "201502": "25.29",
        "201503": "25.54",
        "201504": "25.07",
        "201505": "24.74",
        "201506": "24.32",
        "201507": "24.05",
        "201508": "24.30",
        "201509": "23.38",
        "201510": "24.23",
        "201511": "29.38",
        "201512": "35.65",
        "201601": "34.70",
        "201602": "33.56",
        "201603": "34.06",
        "201604": "32.31",
        "201605": "24.89",
        "201606": "24.71",
        "201607": "23.15",
        "201608": "23.43",
        "201609": "23.26",
        "201610": "22.14",
        "201611": "20.94",
        "201612": "21.46",
        "201701": "21.44",
        "201702": "21.73",
        "201703": "22.28",
        "201704": "22.63",
        "201705": "22.58",
        "201706": "22.63",
        "201707": "21.26",
        "201708": "20.78",
        "201709": "20.98",
        "201710": "21.13",
        "201711": "21.15",
        "201712": "20.91",
        "201801": "21.15",
        "201802": "20.92",
        "201803": "20.96",
        "201804": "21.32",
        "201805": "21.05",
        "201806": "21.11",
        "201807": "21.22",
        "201808": "20.66",
        "201809": "20.32",
        "201810": "17.20",
        "201811": "15.93",
        "201812": "15.51",
        "201901": "15.39",
        "201902": "16.20",
        "201903": "16.40",
        "201904": "16.69",
        "201905": "16.77",
        "201906": "15.97",
        "201907": "15.97",
        "201908": "15.68",
        "201909": "15.07",
        "201910": "14.64",
        "201911": "14.64",
        "201912": "15.33",
        "202001": "16.07",
        "202002": "17.36",
        "202003": "17.35",
        "202004": "17.46",
        "202005": "17.02",
        "202006": "17.26",
        "202007": "17.12",
        "202008": "16.84",
        "202009": "15.70",
        "202010": "15.63",
        "202011": "15.80",
        "202012": "16.19",
        "202101": "16.58",
        "202102": "16.25",
        "202103": "16.49",
        "202104": "18.39",
        "202105": "17.63",
        "202106": "17.92",
        "202107": "18.23",
        "202108": "19.18",
        "202109": "24.84",
        "202110": "22.98",
        "202111": "22.86",
        "202112": "21.50",
        "202201": "20.88",
        "202202": "20.72",
        "202203": "21.28",
        "202204": "21.49",
        "202205": "19.94",
        "202206": "19.90",
        "202207": "18.92",
        "202208": "19.32",
        "202209": "17.91",
        "202210": "17.03",
        "202211": "16.47",
        "202212": "16.68",
        "202301": "16.59",
        "202302": "16.86",
        "202303": "16.87",
        "202304": "17.36",
        "202305": "19.77",
        "202306": "18.45"
    },
    "quarters": {
        "20011": {
            "year_quarter": 20011,
            "year": 2001,
            "quarter": 1,
            "eps": null,
            "eps_growth_year": null,
            "eps_4q": null,
            "eps_4q_growth_year": null,
            "roe": null,
            "roe_4q": 0,
            "gross_profit": null,
            "gross_margin": null,
            "gross_margin_4q_avg": 0,
            "net_income": null,
            "revenue": null,
            "common_shares": null,
            "book_valuer_per_share": null,
            "book_valuer_per_share_4q_avg": 0,
            "equity": null,
            "current_ratio": null,
            "debt_ratio": null,
            "inventory_turnover_ratio": null,
            "account_receivable_turnover_ratio": null,
            "reinvestment_rate": null,
            "research_to_sale_ratio": null,
            "price_fair": 0,
            "eps_avg_yearly": 0,
            "eps_latest_yearly": 0,
            "eps_growth_yearly": 0
        },
        "20012": {
            "year_quarter": 20012,
            "year": 2001,
            "quarter": 2,
            "eps": null,
            "eps_growth_year": null,
            "eps_4q": null,
            "eps_4q_growth_year": null,
            "roe": null,
            "roe_4q": 0,
            "gross_profit": null,
            "gross_margin": null,
            "gross_margin_4q_avg": 0,
            "net_income": null,
            "revenue": null,
            "common_shares": null,
            "book_valuer_per_share": null,
            "book_valuer_per_share_4q_avg": 0,
            "equity": null,
            "current_ratio": null,
            "debt_ratio": null,
            "inventory_turnover_ratio": null,
            "account_receivable_turnover_ratio": null,
            "reinvestment_rate": null,
            "research_to_sale_ratio": null,
            "price_fair": 0,
            "eps_avg_yearly": 0,
            "eps_latest_yearly": 0,
            "eps_growth_yearly": 0
        },
        "20013": {
            "year_quarter": 20013,
            "year": 2001,
            "quarter": 3,
            "eps": null,
            "eps_growth_year": null,
            "eps_4q": null,
            "eps_4q_growth_year": null,
            "roe": null,
            "roe_4q": 0,
            "gross_profit": null,
            "gross_margin": null,
            "gross_margin_4q_avg": 0,
            "net_income": null,
            "revenue": null,
            "common_shares": null,
            "book_valuer_per_share": null,
            "book_valuer_per_share_4q_avg": 0,
            "equity": null,
            "current_ratio": null,
            "debt_ratio": null,
            "inventory_turnover_ratio": null,
            "account_receivable_turnover_ratio": null,
            "reinvestment_rate": null,
            "research_to_sale_ratio": null,
            "price_fair": 0,
            "eps_avg_yearly": 0,
            "eps_latest_yearly": 0,
            "eps_growth_yearly": 0
        },
        "20014": {
            "year_quarter": 20014,
            "year": 2001,
            "quarter": 4,
            "eps": null,
            "eps_growth_year": null,
            "eps_4q": null,
            "eps_4q_growth_year": null,
            "roe": null,
            "roe_4q": 0,
            "gross_profit": null,
            "gross_margin": null,
            "gross_margin_4q_avg": 0,
            "net_income": null,
            "revenue": null,
            "common_shares": 223000,
            "book_valuer_per_share": 18.55,
            "book_valuer_per_share_4q_avg": 4.64,
            "equity": 463004,
            "current_ratio": 111.5,
            "debt_ratio": 57.59,
            "inventory_turnover_ratio": null,
            "account_receivable_turnover_ratio": null,
            "reinvestment_rate": null,
            "research_to_sale_ratio": null,
            "price_fair": 0,
            "eps_avg_yearly": 0,
            "eps_latest_yearly": 0,
            "eps_growth_yearly": 0
        },
        "20021": {
            "year_quarter": 20021,
            "year": 2002,
            "quarter": 1,
            "eps": null,
            "eps_growth_year": null,
            "eps_4q": null,
            "eps_4q_growth_year": null,
            "roe": null,
            "roe_4q": 0,
            "gross_profit": null,
            "gross_margin": null,
            "gross_margin_4q_avg": 0,
            "net_income": null,
            "revenue": null,
            "common_shares": null,
            "book_valuer_per_share": null,
            "book_valuer_per_share_4q_avg": 4.64,
            "equity": null,
            "current_ratio": null,
            "debt_ratio": null,
            "inventory_turnover_ratio": null,
            "account_receivable_turnover_ratio": null,
            "reinvestment_rate": null,
            "research_to_sale_ratio": null,
            "price_fair": 0,
            "eps_avg_yearly": 0,
            "eps_latest_yearly": 0,
            "eps_growth_yearly": 0
        },
        "20022": {
            "year_quarter": 20022,
            "year": 2002,
            "quarter": 2,
            "eps": null,
            "eps_growth_year": null,
            "eps_4q": null,
            "eps_4q_growth_year": null,
            "roe": null,
            "roe_4q": 0,
            "gross_profit": null,
            "gross_margin": null,
            "gross_margin_4q_avg": 0,
            "net_income": null,
            "revenue": null,
            "common_shares": null,
            "book_valuer_per_share": null,
            "book_valuer_per_share_4q_avg": 4.64,
            "equity": null,
            "current_ratio": null,
            "debt_ratio": null,
            "inventory_turnover_ratio": null,
            "account_receivable_turnover_ratio": null,
            "reinvestment_rate": null,
            "research_to_sale_ratio": null,
            "price_fair": 0,
            "eps_avg_yearly": 0,
            "eps_latest_yearly": 0,
            "eps_growth_yearly": 0
        },
        "20023": {
            "year_quarter": 20023,
            "year": 2002,
            "quarter": 3,
            "eps": null,
            "eps_growth_year": null,
            "eps_4q": null,
            "eps_4q_growth_year": null,
            "roe": null,
            "roe_4q": 0,
            "gross_profit": null,
            "gross_margin": null,
            "gross_margin_4q_avg": 0,
            "net_income": null,
            "revenue": null,
            "common_shares": null,
            "book_valuer_per_share": null,
            "book_valuer_per_share_4q_avg": 4.64,
            "equity": null,
            "current_ratio": null,
            "debt_ratio": null,
            "inventory_turnover_ratio": null,
            "account_receivable_turnover_ratio": null,
            "reinvestment_rate": null,
            "research_to_sale_ratio": null,
            "price_fair": 0,
            "eps_avg_yearly": 0,
            "eps_latest_yearly": 0,
            "eps_growth_yearly": 0
        },
        "20024": {
            "year_quarter": 20024,
            "year": 2002,
            "quarter": 4,
            "eps": null,
            "eps_growth_year": null,
            "eps_4q": null,
            "eps_4q_growth_year": null,
            "roe": null,
            "roe_4q": 0,
            "gross_profit": null,
            "gross_margin": null,
            "gross_margin_4q_avg": 0,
            "net_income": null,
            "revenue": null,
            "common_shares": 259500,
            "book_valuer_per_share": 28.52,
            "book_valuer_per_share_4q_avg": 7.13,
            "equity": 821274,
            "current_ratio": 146.63,
            "debt_ratio": 52.46,
            "inventory_turnover_ratio": null,
            "account_receivable_turnover_ratio": null,
            "reinvestment_rate": null,
            "research_to_sale_ratio": null,
            "price_fair": 0,
            "eps_avg_yearly": 0,
            "eps_latest_yearly": 0,
            "eps_growth_yearly": 0
        },
        "20031": {
            "year_quarter": 20031,
            "year": 2003,
            "quarter": 1,
            "eps": null,
            "eps_growth_year": null,
            "eps_4q": null,
            "eps_4q_growth_year": null,
            "roe": null,
            "roe_4q": 0,
            "gross_profit": null,
            "gross_margin": null,
            "gross_margin_4q_avg": 0,
            "net_income": null,
            "revenue": null,
            "common_shares": null,
            "book_valuer_per_share": null,
            "book_valuer_per_share_4q_avg": 7.13,
            "equity": null,
            "current_ratio": null,
            "debt_ratio": null,
            "inventory_turnover_ratio": null,
            "account_receivable_turnover_ratio": null,
            "reinvestment_rate": null,
            "research_to_sale_ratio": null,
            "price_fair": 0,
            "eps_avg_yearly": 0,
            "eps_latest_yearly": 0,
            "eps_growth_yearly": 0
        },
        "20032": {
            "year_quarter": 20032,
            "year": 2003,
            "quarter": 2,
            "eps": null,
            "eps_growth_year": null,
            "eps_4q": null,
            "eps_4q_growth_year": null,
            "roe": null,
            "roe_4q": 0,
            "gross_profit": null,
            "gross_margin": null,
            "gross_margin_4q_avg": 0,
            "net_income": null,
            "revenue": null,
            "common_shares": null,
            "book_valuer_per_share": null,
            "book_valuer_per_share_4q_avg": 7.13,
            "equity": null,
            "current_ratio": null,
            "debt_ratio": null,
            "inventory_turnover_ratio": null,
            "account_receivable_turnover_ratio": null,
            "reinvestment_rate": null,
            "research_to_sale_ratio": null,
            "price_fair": 0,
            "eps_avg_yearly": 0,
            "eps_latest_yearly": 0,
            "eps_growth_yearly": 0
        },
        "20033": {
            "year_quarter": 20033,
            "year": 2003,
            "quarter": 3,
            "eps": null,
            "eps_growth_year": null,
            "eps_4q": null,
            "eps_4q_growth_year": null,
            "roe": null,
            "roe_4q": 0,
            "gross_profit": null,
            "gross_margin": null,
            "gross_margin_4q_avg": 0,
            "net_income": null,
            "revenue": null,
            "common_shares": null,
            "book_valuer_per_share": null,
            "book_valuer_per_share_4q_avg": 7.13,
            "equity": null,
            "current_ratio": null,
            "debt_ratio": null,
            "inventory_turnover_ratio": null,
            "account_receivable_turnover_ratio": null,
            "reinvestment_rate": null,
            "research_to_sale_ratio": null,
            "price_fair": 0,
            "eps_avg_yearly": 0,
            "eps_latest_yearly": 0,
            "eps_growth_yearly": 0
        },
        "20034": {
            "year_quarter": 20034,
            "year": 2003,
            "quarter": 4,
            "eps": null,
            "eps_growth_year": null,
            "eps_4q": null,
            "eps_4q_growth_year": null,
            "roe": null,
            "roe_4q": 0,
            "gross_profit": null,
            "gross_margin": null,
            "gross_margin_4q_avg": 0,
            "net_income": null,
            "revenue": null,
            "common_shares": 317450,
            "book_valuer_per_share": 21.22,
            "book_valuer_per_share_4q_avg": 5.31,
            "equity": 731410,
            "current_ratio": 156.71,
            "debt_ratio": 49.71,
            "inventory_turnover_ratio": null,
            "account_receivable_turnover_ratio": null,
            "reinvestment_rate": null,
            "research_to_sale_ratio": null,
            "price_fair": 0,
            "eps_avg_yearly": 0,
            "eps_latest_yearly": 0,
            "eps_growth_yearly": 0
        },
        "20041": {
            "year_quarter": 20041,
            "year": 2004,
            "quarter": 1,
            "eps": null,
            "eps_growth_year": null,
            "eps_4q": null,
            "eps_4q_growth_year": null,
            "roe": null,
            "roe_4q": 0,
            "gross_profit": null,
            "gross_margin": null,
            "gross_margin_4q_avg": 0,
            "net_income": null,
            "revenue": null,
            "common_shares": null,
            "book_valuer_per_share": null,
            "book_valuer_per_share_4q_avg": 5.31,
            "equity": null,
            "current_ratio": null,
            "debt_ratio": null,
            "inventory_turnover_ratio": null,
            "account_receivable_turnover_ratio": null,
            "reinvestment_rate": null,
            "research_to_sale_ratio": null,
            "price_fair": 0,
            "eps_avg_yearly": 0,
            "eps_latest_yearly": 0,
            "eps_growth_yearly": 0
        },
        "20042": {
            "year_quarter": 20042,
            "year": 2004,
            "quarter": 2,
            "eps": null,
            "eps_growth_year": null,
            "eps_4q": null,
            "eps_4q_growth_year": null,
            "roe": null,
            "roe_4q": 0,
            "gross_profit": null,
            "gross_margin": null,
            "gross_margin_4q_avg": 0,
            "net_income": null,
            "revenue": null,
            "common_shares": null,
            "book_valuer_per_share": null,
            "book_valuer_per_share_4q_avg": 5.31,
            "equity": null,
            "current_ratio": null,
            "debt_ratio": null,
            "inventory_turnover_ratio": null,
            "account_receivable_turnover_ratio": null,
            "reinvestment_rate": null,
            "research_to_sale_ratio": null,
            "price_fair": 0,
            "eps_avg_yearly": 0,
            "eps_latest_yearly": 0,
            "eps_growth_yearly": 0
        },
        "20043": {
            "year_quarter": 20043,
            "year": 2004,
            "quarter": 3,
            "eps": null,
            "eps_growth_year": null,
            "eps_4q": null,
            "eps_4q_growth_year": null,
            "roe": null,
            "roe_4q": 0,
            "gross_profit": null,
            "gross_margin": null,
            "gross_margin_4q_avg": 0,
            "net_income": null,
            "revenue": null,
            "common_shares": null,
            "book_valuer_per_share": null,
            "book_valuer_per_share_4q_avg": 5.31,
            "equity": null,
            "current_ratio": null,
            "debt_ratio": null,
            "inventory_turnover_ratio": null,
            "account_receivable_turnover_ratio": null,
            "reinvestment_rate": null,
            "research_to_sale_ratio": null,
            "price_fair": 0,
            "eps_avg_yearly": 0,
            "eps_latest_yearly": 0,
            "eps_growth_yearly": 0
        },
        "20044": {
            "year_quarter": 20044,
            "year": 2004,
            "quarter": 4,
            "eps": null,
            "eps_growth_year": null,
            "eps_4q": null,
            "eps_4q_growth_year": null,
            "roe": null,
            "roe_4q": 0,
            "gross_profit": null,
            "gross_margin": null,
            "gross_margin_4q_avg": 0,
            "net_income": null,
            "revenue": null,
            "common_shares": 372000,
            "book_valuer_per_share": 17.77,
            "book_valuer_per_share_4q_avg": 4.44,
            "equity": 723723,
            "current_ratio": 143.73,
            "debt_ratio": 55.67,
            "inventory_turnover_ratio": null,
            "account_receivable_turnover_ratio": null,
            "reinvestment_rate": null,
            "research_to_sale_ratio": null,
            "price_fair": 0,
            "eps_avg_yearly": 0,
            "eps_latest_yearly": 0,
            "eps_growth_yearly": 0
        },
        "20051": {
            "year_quarter": 20051,
            "year": 2005,
            "quarter": 1,
            "eps": null,
            "eps_growth_year": null,
            "eps_4q": null,
            "eps_4q_growth_year": null,
            "roe": null,
            "roe_4q": 0,
            "gross_profit": null,
            "gross_margin": null,
            "gross_margin_4q_avg": 0,
            "net_income": null,
            "revenue": null,
            "common_shares": null,
            "book_valuer_per_share": null,
            "book_valuer_per_share_4q_avg": 4.44,
            "equity": null,
            "current_ratio": null,
            "debt_ratio": null,
            "inventory_turnover_ratio": null,
            "account_receivable_turnover_ratio": null,
            "reinvestment_rate": null,
            "research_to_sale_ratio": null,
            "price_fair": 0,
            "eps_avg_yearly": 0,
            "eps_latest_yearly": 0,
            "eps_growth_yearly": 0
        },
        "20052": {
            "year_quarter": 20052,
            "year": 2005,
            "quarter": 2,
            "eps": null,
            "eps_growth_year": null,
            "eps_4q": null,
            "eps_4q_growth_year": null,
            "roe": null,
            "roe_4q": 0,
            "gross_profit": null,
            "gross_margin": null,
            "gross_margin_4q_avg": 0,
            "net_income": null,
            "revenue": null,
            "common_shares": null,
            "book_valuer_per_share": null,
            "book_valuer_per_share_4q_avg": 4.44,
            "equity": null,
            "current_ratio": null,
            "debt_ratio": null,
            "inventory_turnover_ratio": null,
            "account_receivable_turnover_ratio": null,
            "reinvestment_rate": null,
            "research_to_sale_ratio": null,
            "price_fair": 0,
            "eps_avg_yearly": 0,
            "eps_latest_yearly": 0,
            "eps_growth_yearly": 0
        },
        "20053": {
            "year_quarter": 20053,
            "year": 2005,
            "quarter": 3,
            "eps": null,
            "eps_growth_year": null,
            "eps_4q": null,
            "eps_4q_growth_year": null,
            "roe": null,
            "roe_4q": 0,
            "gross_profit": null,
            "gross_margin": null,
            "gross_margin_4q_avg": 0,
            "net_income": null,
            "revenue": null,
            "common_shares": null,
            "book_valuer_per_share": null,
            "book_valuer_per_share_4q_avg": 4.44,
            "equity": null,
            "current_ratio": null,
            "debt_ratio": null,
            "inventory_turnover_ratio": null,
            "account_receivable_turnover_ratio": null,
            "reinvestment_rate": null,
            "research_to_sale_ratio": null,
            "price_fair": 0,
            "eps_avg_yearly": 0,
            "eps_latest_yearly": 0,
            "eps_growth_yearly": 0
        },
        "20054": {
            "year_quarter": 20054,
            "year": 2005,
            "quarter": 4,
            "eps": null,
            "eps_growth_year": null,
            "eps_4q": null,
            "eps_4q_growth_year": null,
            "roe": null,
            "roe_4q": 0,
            "gross_profit": null,
            "gross_margin": null,
            "gross_margin_4q_avg": 0,
            "net_income": null,
            "revenue": null,
            "common_shares": 409200,
            "book_valuer_per_share": 16.73,
            "book_valuer_per_share_4q_avg": 4.18,
            "equity": 747501,
            "current_ratio": 132.25,
            "debt_ratio": 54.8,
            "inventory_turnover_ratio": null,
            "account_receivable_turnover_ratio": null,
            "reinvestment_rate": null,
            "research_to_sale_ratio": null,
            "price_fair": 0,
            "eps_avg_yearly": 0,
            "eps_latest_yearly": 0,
            "eps_growth_yearly": 0
        },
        "20061": {
            "year_quarter": 20061,
            "year": 2006,
            "quarter": 1,
            "eps": null,
            "eps_growth_year": null,
            "eps_4q": null,
            "eps_4q_growth_year": null,
            "roe": null,
            "roe_4q": 0,
            "gross_profit": null,
            "gross_margin": null,
            "gross_margin_4q_avg": 0,
            "net_income": null,
            "revenue": null,
            "common_shares": null,
            "book_valuer_per_share": null,
            "book_valuer_per_share_4q_avg": 4.18,
            "equity": null,
            "current_ratio": null,
            "debt_ratio": null,
            "inventory_turnover_ratio": null,
            "account_receivable_turnover_ratio": null,
            "reinvestment_rate": null,
            "research_to_sale_ratio": null,
            "price_fair": 0,
            "eps_avg_yearly": 0,
            "eps_latest_yearly": 0,
            "eps_growth_yearly": 0
        },
        "20062": {
            "year_quarter": 20062,
            "year": 2006,
            "quarter": 2,
            "eps": null,
            "eps_growth_year": null,
            "eps_4q": null,
            "eps_4q_growth_year": null,
            "roe": null,
            "roe_4q": 0,
            "gross_profit": null,
            "gross_margin": null,
            "gross_margin_4q_avg": 0,
            "net_income": null,
            "revenue": null,
            "common_shares": null,
            "book_valuer_per_share": null,
            "book_valuer_per_share_4q_avg": 4.18,
            "equity": null,
            "current_ratio": null,
            "debt_ratio": null,
            "inventory_turnover_ratio": null,
            "account_receivable_turnover_ratio": null,
            "reinvestment_rate": null,
            "research_to_sale_ratio": null,
            "price_fair": 0,
            "eps_avg_yearly": 0,
            "eps_latest_yearly": 0,
            "eps_growth_yearly": 0
        },
        "20063": {
            "year_quarter": 20063,
            "year": 2006,
            "quarter": 3,
            "eps": null,
            "eps_growth_year": null,
            "eps_4q": null,
            "eps_4q_growth_year": null,
            "roe": null,
            "roe_4q": 0,
            "gross_profit": null,
            "gross_margin": null,
            "gross_margin_4q_avg": 0,
            "net_income": null,
            "revenue": null,
            "common_shares": null,
            "book_valuer_per_share": null,
            "book_valuer_per_share_4q_avg": 4.18,
            "equity": null,
            "current_ratio": null,
            "debt_ratio": null,
            "inventory_turnover_ratio": null,
            "account_receivable_turnover_ratio": null,
            "reinvestment_rate": null,
            "research_to_sale_ratio": null,
            "price_fair": 0,
            "eps_avg_yearly": 0,
            "eps_latest_yearly": 0,
            "eps_growth_yearly": 0
        },
        "20064": {
            "year_quarter": 20064,
            "year": 2006,
            "quarter": 4,
            "eps": null,
            "eps_growth_year": null,
            "eps_4q": null,
            "eps_4q_growth_year": null,
            "roe": null,
            "roe_4q": 0,
            "gross_profit": null,
            "gross_margin": null,
            "gross_margin_4q_avg": 0,
            "net_income": null,
            "revenue": null,
            "common_shares": 409200,
            "book_valuer_per_share": 16.83,
            "book_valuer_per_share_4q_avg": 4.21,
            "equity": 769557,
            "current_ratio": 169.67,
            "debt_ratio": 52.76,
            "inventory_turnover_ratio": null,
            "account_receivable_turnover_ratio": null,
            "reinvestment_rate": null,
            "research_to_sale_ratio": null,
            "price_fair": 0,
            "eps_avg_yearly": 0,
            "eps_latest_yearly": 0,
            "eps_growth_yearly": 0
        },
        "20071": {
            "year_quarter": 20071,
            "year": 2007,
            "quarter": 1,
            "eps": null,
            "eps_growth_year": null,
            "eps_4q": null,
            "eps_4q_growth_year": null,
            "roe": null,
            "roe_4q": 0,
            "gross_profit": null,
            "gross_margin": null,
            "gross_margin_4q_avg": 0,
            "net_income": null,
            "revenue": null,
            "common_shares": null,
            "book_valuer_per_share": null,
            "book_valuer_per_share_4q_avg": 4.21,
            "equity": null,
            "current_ratio": null,
            "debt_ratio": null,
            "inventory_turnover_ratio": null,
            "account_receivable_turnover_ratio": null,
            "reinvestment_rate": null,
            "research_to_sale_ratio": null,
            "price_fair": 0,
            "eps_avg_yearly": 0,
            "eps_latest_yearly": 0,
            "eps_growth_yearly": 0
        },
        "20072": {
            "year_quarter": 20072,
            "year": 2007,
            "quarter": 2,
            "eps": null,
            "eps_growth_year": null,
            "eps_4q": null,
            "eps_4q_growth_year": null,
            "roe": null,
            "roe_4q": 0,
            "gross_profit": null,
            "gross_margin": null,
            "gross_margin_4q_avg": 0,
            "net_income": null,
            "revenue": null,
            "common_shares": null,
            "book_valuer_per_share": null,
            "book_valuer_per_share_4q_avg": 4.21,
            "equity": null,
            "current_ratio": null,
            "debt_ratio": null,
            "inventory_turnover_ratio": null,
            "account_receivable_turnover_ratio": null,
            "reinvestment_rate": null,
            "research_to_sale_ratio": null,
            "price_fair": 0,
            "eps_avg_yearly": 0,
            "eps_latest_yearly": 0,
            "eps_growth_yearly": 0
        },
        "20073": {
            "year_quarter": 20073,
            "year": 2007,
            "quarter": 3,
            "eps": null,
            "eps_growth_year": null,
            "eps_4q": null,
            "eps_4q_growth_year": null,
            "roe": null,
            "roe_4q": 0,
            "gross_profit": null,
            "gross_margin": null,
            "gross_margin_4q_avg": 0,
            "net_income": null,
            "revenue": null,
            "common_shares": null,
            "book_valuer_per_share": null,
            "book_valuer_per_share_4q_avg": 4.21,
            "equity": null,
            "current_ratio": null,
            "debt_ratio": null,
            "inventory_turnover_ratio": null,
            "account_receivable_turnover_ratio": null,
            "reinvestment_rate": null,
            "research_to_sale_ratio": null,
            "price_fair": 0,
            "eps_avg_yearly": 0,
            "eps_latest_yearly": 0,
            "eps_growth_yearly": 0
        },
        "20074": {
            "year_quarter": 20074,
            "year": 2007,
            "quarter": 4,
            "eps": null,
            "eps_growth_year": null,
            "eps_4q": null,
            "eps_4q_growth_year": null,
            "roe": null,
            "roe_4q": 0,
            "gross_profit": null,
            "gross_margin": null,
            "gross_margin_4q_avg": 0,
            "net_income": null,
            "revenue": null,
            "common_shares": 409200,
            "book_valuer_per_share": 18.02,
            "book_valuer_per_share_4q_avg": 4.51,
            "equity": 833032,
            "current_ratio": 170.25,
            "debt_ratio": 50.4,
            "inventory_turnover_ratio": null,
            "account_receivable_turnover_ratio": null,
            "reinvestment_rate": null,
            "research_to_sale_ratio": null,
            "price_fair": 0,
            "eps_avg_yearly": 0,
            "eps_latest_yearly": 0,
            "eps_growth_yearly": 0
        },
        "20081": {
            "year_quarter": 20081,
            "year": 2008,
            "quarter": 1,
            "eps": null,
            "eps_growth_year": null,
            "eps_4q": null,
            "eps_4q_growth_year": null,
            "roe": null,
            "roe_4q": 0,
            "gross_profit": null,
            "gross_margin": null,
            "gross_margin_4q_avg": 0,
            "net_income": null,
            "revenue": null,
            "common_shares": null,
            "book_valuer_per_share": null,
            "book_valuer_per_share_4q_avg": 4.51,
            "equity": null,
            "current_ratio": null,
            "debt_ratio": null,
            "inventory_turnover_ratio": null,
            "account_receivable_turnover_ratio": null,
            "reinvestment_rate": null,
            "research_to_sale_ratio": null,
            "price_fair": 0,
            "eps_avg_yearly": 0,
            "eps_latest_yearly": 0,
            "eps_growth_yearly": 0
        },
        "20082": {
            "year_quarter": 20082,
            "year": 2008,
            "quarter": 2,
            "eps": null,
            "eps_growth_year": null,
            "eps_4q": null,
            "eps_4q_growth_year": null,
            "roe": null,
            "roe_4q": 0,
            "gross_profit": null,
            "gross_margin": null,
            "gross_margin_4q_avg": 0,
            "net_income": null,
            "revenue": null,
            "common_shares": null,
            "book_valuer_per_share": null,
            "book_valuer_per_share_4q_avg": 4.51,
            "equity": null,
            "current_ratio": null,
            "debt_ratio": null,
            "inventory_turnover_ratio": null,
            "account_receivable_turnover_ratio": null,
            "reinvestment_rate": null,
            "research_to_sale_ratio": null,
            "price_fair": 0,
            "eps_avg_yearly": 0,
            "eps_latest_yearly": 0,
            "eps_growth_yearly": 0
        },
        "20083": {
            "year_quarter": 20083,
            "year": 2008,
            "quarter": 3,
            "eps": null,
            "eps_growth_year": null,
            "eps_4q": null,
            "eps_4q_growth_year": null,
            "roe": null,
            "roe_4q": 0,
            "gross_profit": null,
            "gross_margin": null,
            "gross_margin_4q_avg": 0,
            "net_income": null,
            "revenue": null,
            "common_shares": null,
            "book_valuer_per_share": null,
            "book_valuer_per_share_4q_avg": 4.51,
            "equity": null,
            "current_ratio": null,
            "debt_ratio": null,
            "inventory_turnover_ratio": null,
            "account_receivable_turnover_ratio": null,
            "reinvestment_rate": null,
            "research_to_sale_ratio": null,
            "price_fair": 0,
            "eps_avg_yearly": 0,
            "eps_latest_yearly": 0,
            "eps_growth_yearly": 0
        },
        "20084": {
            "year_quarter": 20084,
            "year": 2008,
            "quarter": 4,
            "eps": null,
            "eps_growth_year": null,
            "eps_4q": null,
            "eps_4q_growth_year": null,
            "roe": null,
            "roe_4q": 0,
            "gross_profit": null,
            "gross_margin": null,
            "gross_margin_4q_avg": 0,
            "net_income": null,
            "revenue": null,
            "common_shares": 431250,
            "book_valuer_per_share": 17.05,
            "book_valuer_per_share_4q_avg": 4.26,
            "equity": 841727,
            "current_ratio": 186.56,
            "debt_ratio": 43.52,
            "inventory_turnover_ratio": null,
            "account_receivable_turnover_ratio": null,
            "reinvestment_rate": null,
            "research_to_sale_ratio": null,
            "price_fair": 0,
            "eps_avg_yearly": 0,
            "eps_latest_yearly": 0,
            "eps_growth_yearly": 0
        },
        "20091": {
            "year_quarter": 20091,
            "year": 2009,
            "quarter": 1,
            "eps": null,
            "eps_growth_year": null,
            "eps_4q": null,
            "eps_4q_growth_year": null,
            "roe": null,
            "roe_4q": 0,
            "gross_profit": null,
            "gross_margin": null,
            "gross_margin_4q_avg": 0,
            "net_income": null,
            "revenue": null,
            "common_shares": null,
            "book_valuer_per_share": null,
            "book_valuer_per_share_4q_avg": 4.26,
            "equity": null,
            "current_ratio": null,
            "debt_ratio": null,
            "inventory_turnover_ratio": null,
            "account_receivable_turnover_ratio": null,
            "reinvestment_rate": null,
            "research_to_sale_ratio": null,
            "price_fair": 0,
            "eps_avg_yearly": 0,
            "eps_latest_yearly": 0,
            "eps_growth_yearly": 0
        },
        "20092": {
            "year_quarter": 20092,
            "year": 2009,
            "quarter": 2,
            "eps": null,
            "eps_growth_year": null,
            "eps_4q": null,
            "eps_4q_growth_year": null,
            "roe": null,
            "roe_4q": 0,
            "gross_profit": null,
            "gross_margin": null,
            "gross_margin_4q_avg": 0,
            "net_income": null,
            "revenue": null,
            "common_shares": 431250,
            "book_valuer_per_share": null,
            "book_valuer_per_share_4q_avg": 4.26,
            "equity": 837696,
            "current_ratio": null,
            "debt_ratio": null,
            "inventory_turnover_ratio": null,
            "account_receivable_turnover_ratio": null,
            "reinvestment_rate": null,
            "research_to_sale_ratio": null,
            "price_fair": 0,
            "eps_avg_yearly": 0,
            "eps_latest_yearly": 0,
            "eps_growth_yearly": 0
        },
        "20093": {
            "year_quarter": 20093,
            "year": 2009,
            "quarter": 3,
            "eps": null,
            "eps_growth_year": null,
            "eps_4q": null,
            "eps_4q_growth_year": null,
            "roe": null,
            "roe_4q": 0,
            "gross_profit": null,
            "gross_margin": null,
            "gross_margin_4q_avg": 0,
            "net_income": null,
            "revenue": null,
            "common_shares": null,
            "book_valuer_per_share": null,
            "book_valuer_per_share_4q_avg": 4.26,
            "equity": null,
            "current_ratio": null,
            "debt_ratio": null,
            "inventory_turnover_ratio": null,
            "account_receivable_turnover_ratio": null,
            "reinvestment_rate": null,
            "research_to_sale_ratio": null,
            "price_fair": 0,
            "eps_avg_yearly": 0,
            "eps_latest_yearly": 0,
            "eps_growth_yearly": 0
        },
        "20094": {
            "year_quarter": 20094,
            "year": 2009,
            "quarter": 4,
            "eps": null,
            "eps_growth_year": null,
            "eps_4q": null,
            "eps_4q_growth_year": null,
            "roe": null,
            "roe_4q": 0,
            "gross_profit": null,
            "gross_margin": null,
            "gross_margin_4q_avg": 0,
            "net_income": null,
            "revenue": null,
            "common_shares": 431250,
            "book_valuer_per_share": 18.57,
            "book_valuer_per_share_4q_avg": 4.64,
            "equity": 917799,
            "current_ratio": 181.74,
            "debt_ratio": 44.82,
            "inventory_turnover_ratio": null,
            "account_receivable_turnover_ratio": null,
            "reinvestment_rate": null,
            "research_to_sale_ratio": null,
            "price_fair": 0,
            "eps_avg_yearly": 0,
            "eps_latest_yearly": 0,
            "eps_growth_yearly": 0
        },
        "20101": {
            "year_quarter": 20101,
            "year": 2010,
            "quarter": 1,
            "eps": null,
            "eps_growth_year": null,
            "eps_4q": null,
            "eps_4q_growth_year": null,
            "roe": null,
            "roe_4q": 0,
            "gross_profit": null,
            "gross_margin": null,
            "gross_margin_4q_avg": 0,
            "net_income": null,
            "revenue": null,
            "common_shares": null,
            "book_valuer_per_share": null,
            "book_valuer_per_share_4q_avg": 4.64,
            "equity": null,
            "current_ratio": null,
            "debt_ratio": null,
            "inventory_turnover_ratio": null,
            "account_receivable_turnover_ratio": null,
            "reinvestment_rate": null,
            "research_to_sale_ratio": null,
            "price_fair": 0,
            "eps_avg_yearly": 0,
            "eps_latest_yearly": 0,
            "eps_growth_yearly": 0
        },
        "20102": {
            "year_quarter": 20102,
            "year": 2010,
            "quarter": 2,
            "eps": null,
            "eps_growth_year": null,
            "eps_4q": null,
            "eps_4q_growth_year": null,
            "roe": null,
            "roe_4q": 0,
            "gross_profit": null,
            "gross_margin": null,
            "gross_margin_4q_avg": 0,
            "net_income": null,
            "revenue": null,
            "common_shares": 431250,
            "book_valuer_per_share": 18.08,
            "book_valuer_per_share_4q_avg": 9.16,
            "equity": 893456,
            "current_ratio": 160.2,
            "debt_ratio": 50.32,
            "inventory_turnover_ratio": null,
            "account_receivable_turnover_ratio": null,
            "reinvestment_rate": null,
            "research_to_sale_ratio": null,
            "price_fair": 0,
            "eps_avg_yearly": 0,
            "eps_latest_yearly": 0,
            "eps_growth_yearly": 0
        },
        "20103": {
            "year_quarter": 20103,
            "year": 2010,
            "quarter": 3,
            "eps": null,
            "eps_growth_year": null,
            "eps_4q": null,
            "eps_4q_growth_year": null,
            "roe": null,
            "roe_4q": 0,
            "gross_profit": null,
            "gross_margin": null,
            "gross_margin_4q_avg": 0,
            "net_income": null,
            "revenue": null,
            "common_shares": null,
            "book_valuer_per_share": null,
            "book_valuer_per_share_4q_avg": 9.16,
            "equity": null,
            "current_ratio": null,
            "debt_ratio": null,
            "inventory_turnover_ratio": null,
            "account_receivable_turnover_ratio": null,
            "reinvestment_rate": null,
            "research_to_sale_ratio": null,
            "price_fair": 0,
            "eps_avg_yearly": 0,
            "eps_latest_yearly": 0,
            "eps_growth_yearly": 0
        },
        "20104": {
            "year_quarter": 20104,
            "year": 2010,
            "quarter": 4,
            "eps": null,
            "eps_growth_year": null,
            "eps_4q": null,
            "eps_4q_growth_year": null,
            "roe": null,
            "roe_4q": 0,
            "gross_profit": null,
            "gross_margin": null,
            "gross_margin_4q_avg": 0,
            "net_income": null,
            "revenue": null,
            "common_shares": 476375,
            "book_valuer_per_share": 16.31,
            "book_valuer_per_share_4q_avg": 8.6,
            "equity": 911246,
            "current_ratio": 160.67,
            "debt_ratio": 50.52,
            "inventory_turnover_ratio": null,
            "account_receivable_turnover_ratio": null,
            "reinvestment_rate": null,
            "research_to_sale_ratio": null,
            "price_fair": 0,
            "eps_avg_yearly": 0,
            "eps_latest_yearly": 0,
            "eps_growth_yearly": 0
        },
        "20111": {
            "year_quarter": 20111,
            "year": 2011,
            "quarter": 1,
            "eps": null,
            "eps_growth_year": null,
            "eps_4q": null,
            "eps_4q_growth_year": null,
            "roe": null,
            "roe_4q": 0,
            "gross_profit": null,
            "gross_margin": null,
            "gross_margin_4q_avg": 0,
            "net_income": null,
            "revenue": null,
            "common_shares": null,
            "book_valuer_per_share": null,
            "book_valuer_per_share_4q_avg": 8.6,
            "equity": null,
            "current_ratio": null,
            "debt_ratio": null,
            "inventory_turnover_ratio": null,
            "account_receivable_turnover_ratio": null,
            "reinvestment_rate": null,
            "research_to_sale_ratio": null,
            "price_fair": 0,
            "eps_avg_yearly": 0,
            "eps_latest_yearly": 0,
            "eps_growth_yearly": 0
        },
        "20112": {
            "year_quarter": 20112,
            "year": 2011,
            "quarter": 2,
            "eps": null,
            "eps_growth_year": null,
            "eps_4q": null,
            "eps_4q_growth_year": null,
            "roe": null,
            "roe_4q": 0,
            "gross_profit": null,
            "gross_margin": null,
            "gross_margin_4q_avg": 0,
            "net_income": null,
            "revenue": null,
            "common_shares": 476375,
            "book_valuer_per_share": 15.79,
            "book_valuer_per_share_4q_avg": 8.03,
            "equity": 871394,
            "current_ratio": 157.4,
            "debt_ratio": 50.2,
            "inventory_turnover_ratio": null,
            "account_receivable_turnover_ratio": null,
            "reinvestment_rate": null,
            "research_to_sale_ratio": null,
            "price_fair": 0,
            "eps_avg_yearly": 0,
            "eps_latest_yearly": 0,
            "eps_growth_yearly": 0
        },
        "20113": {
            "year_quarter": 20113,
            "year": 2011,
            "quarter": 3,
            "eps": null,
            "eps_growth_year": null,
            "eps_4q": null,
            "eps_4q_growth_year": null,
            "roe": null,
            "roe_4q": 0,
            "gross_profit": null,
            "gross_margin": null,
            "gross_margin_4q_avg": 0,
            "net_income": null,
            "revenue": null,
            "common_shares": null,
            "book_valuer_per_share": null,
            "book_valuer_per_share_4q_avg": 8.03,
            "equity": null,
            "current_ratio": null,
            "debt_ratio": null,
            "inventory_turnover_ratio": null,
            "account_receivable_turnover_ratio": null,
            "reinvestment_rate": null,
            "research_to_sale_ratio": null,
            "price_fair": 0,
            "eps_avg_yearly": 0,
            "eps_latest_yearly": 0,
            "eps_growth_yearly": 0
        },
        "20114": {
            "year_quarter": 20114,
            "year": 2011,
            "quarter": 4,
            "eps": null,
            "eps_growth_year": null,
            "eps_4q": null,
            "eps_4q_growth_year": null,
            "roe": null,
            "roe_4q": 0,
            "gross_profit": null,
            "gross_margin": null,
            "gross_margin_4q_avg": 0,
            "net_income": null,
            "revenue": null,
            "common_shares": 504958,
            "book_valuer_per_share": 16.75,
            "book_valuer_per_share_4q_avg": 8.14,
            "equity": 985972,
            "current_ratio": 203.49,
            "debt_ratio": 47.61,
            "inventory_turnover_ratio": null,
            "account_receivable_turnover_ratio": null,
            "reinvestment_rate": null,
            "research_to_sale_ratio": null,
            "price_fair": 0,
            "eps_avg_yearly": 0,
            "eps_latest_yearly": 0,
            "eps_growth_yearly": 0
        },
        "20121": {
            "year_quarter": 20121,
            "year": 2012,
            "quarter": 1,
            "eps": null,
            "eps_growth_year": null,
            "eps_4q": null,
            "eps_4q_growth_year": null,
            "roe": null,
            "roe_4q": 0,
            "gross_profit": null,
            "gross_margin": null,
            "gross_margin_4q_avg": 0,
            "net_income": null,
            "revenue": null,
            "common_shares": null,
            "book_valuer_per_share": null,
            "book_valuer_per_share_4q_avg": 8.14,
            "equity": null,
            "current_ratio": null,
            "debt_ratio": null,
            "inventory_turnover_ratio": null,
            "account_receivable_turnover_ratio": null,
            "reinvestment_rate": null,
            "research_to_sale_ratio": null,
            "price_fair": 0,
            "eps_avg_yearly": 0,
            "eps_latest_yearly": 0,
            "eps_growth_yearly": 0
        },
        "20122": {
            "year_quarter": 20122,
            "year": 2012,
            "quarter": 2,
            "eps": null,
            "eps_growth_year": null,
            "eps_4q": null,
            "eps_4q_growth_year": null,
            "roe": null,
            "roe_4q": 0,
            "gross_profit": null,
            "gross_margin": null,
            "gross_margin_4q_avg": 0,
            "net_income": null,
            "revenue": null,
            "common_shares": 504958,
            "book_valuer_per_share": 16.65,
            "book_valuer_per_share_4q_avg": 8.35,
            "equity": 970378,
            "current_ratio": 204.24,
            "debt_ratio": 48.59,
            "inventory_turnover_ratio": null,
            "account_receivable_turnover_ratio": null,
            "reinvestment_rate": null,
            "research_to_sale_ratio": null,
            "price_fair": 0,
            "eps_avg_yearly": 0,
            "eps_latest_yearly": 0,
            "eps_growth_yearly": 0
        },
        "20123": {
            "year_quarter": 20123,
            "year": 2012,
            "quarter": 3,
            "eps": null,
            "eps_growth_year": null,
            "eps_4q": null,
            "eps_4q_growth_year": null,
            "roe": null,
            "roe_4q": 0,
            "gross_profit": null,
            "gross_margin": null,
            "gross_margin_4q_avg": 0,
            "net_income": null,
            "revenue": null,
            "common_shares": null,
            "book_valuer_per_share": null,
            "book_valuer_per_share_4q_avg": 8.35,
            "equity": null,
            "current_ratio": null,
            "debt_ratio": null,
            "inventory_turnover_ratio": null,
            "account_receivable_turnover_ratio": null,
            "reinvestment_rate": null,
            "research_to_sale_ratio": null,
            "price_fair": 0,
            "eps_avg_yearly": 0,
            "eps_latest_yearly": 0,
            "eps_growth_yearly": 0
        },
        "20124": {
            "year_quarter": 20124,
            "year": 2012,
            "quarter": 4,
            "eps": null,
            "eps_growth_year": null,
            "eps_4q": null,
            "eps_4q_growth_year": null,
            "roe": null,
            "roe_4q": 0,
            "gross_profit": null,
            "gross_margin": null,
            "gross_margin_4q_avg": 0,
            "net_income": null,
            "revenue": null,
            "common_shares": 532207,
            "book_valuer_per_share": 17.08,
            "book_valuer_per_share_4q_avg": 8.43,
            "equity": 1051621,
            "current_ratio": 236.27,
            "debt_ratio": 48.72,
            "inventory_turnover_ratio": null,
            "account_receivable_turnover_ratio": null,
            "reinvestment_rate": null,
            "research_to_sale_ratio": null,
            "price_fair": 0,
            "eps_avg_yearly": 0,
            "eps_latest_yearly": 0,
            "eps_growth_yearly": 0
        },
        "20131": {
            "year_quarter": 20131,
            "year": 2013,
            "quarter": 1,
            "eps": null,
            "eps_growth_year": null,
            "eps_4q": null,
            "eps_4q_growth_year": null,
            "roe": null,
            "roe_4q": 0,
            "gross_profit": null,
            "gross_margin": null,
            "gross_margin_4q_avg": 0,
            "net_income": null,
            "revenue": null,
            "common_shares": null,
            "book_valuer_per_share": null,
            "book_valuer_per_share_4q_avg": 8.43,
            "equity": null,
            "current_ratio": null,
            "debt_ratio": null,
            "inventory_turnover_ratio": null,
            "account_receivable_turnover_ratio": null,
            "reinvestment_rate": null,
            "research_to_sale_ratio": null,
            "price_fair": 0,
            "eps_avg_yearly": 0,
            "eps_latest_yearly": 0,
            "eps_growth_yearly": 0
        },
        "20132": {
            "year_quarter": 20132,
            "year": 2013,
            "quarter": 2,
            "eps": null,
            "eps_growth_year": null,
            "eps_4q": null,
            "eps_4q_growth_year": null,
            "roe": null,
            "roe_4q": 0,
            "gross_profit": null,
            "gross_margin": null,
            "gross_margin_4q_avg": 0,
            "net_income": null,
            "revenue": null,
            "common_shares": 532207,
            "book_valuer_per_share": 17.1,
            "book_valuer_per_share_4q_avg": 8.55,
            "equity": 1033507,
            "current_ratio": 213.54,
            "debt_ratio": 49.87,
            "inventory_turnover_ratio": null,
            "account_receivable_turnover_ratio": null,
            "reinvestment_rate": null,
            "research_to_sale_ratio": null,
            "price_fair": 0,
            "eps_avg_yearly": 0,
            "eps_latest_yearly": 0,
            "eps_growth_yearly": 0
        },
        "20133": {
            "year_quarter": 20133,
            "year": 2013,
            "quarter": 3,
            "eps": null,
            "eps_growth_year": null,
            "eps_4q": null,
            "eps_4q_growth_year": null,
            "roe": null,
            "roe_4q": 0,
            "gross_profit": null,
            "gross_margin": null,
            "gross_margin_4q_avg": 0,
            "net_income": null,
            "revenue": null,
            "common_shares": null,
            "book_valuer_per_share": null,
            "book_valuer_per_share_4q_avg": 8.55,
            "equity": null,
            "current_ratio": null,
            "debt_ratio": null,
            "inventory_turnover_ratio": null,
            "account_receivable_turnover_ratio": null,
            "reinvestment_rate": null,
            "research_to_sale_ratio": null,
            "price_fair": 0,
            "eps_avg_yearly": 0,
            "eps_latest_yearly": 0,
            "eps_growth_yearly": 0
        },
        "20134": {
            "year_quarter": 20134,
            "year": 2013,
            "quarter": 4,
            "eps": null,
            "eps_growth_year": null,
            "eps_4q": null,
            "eps_4q_growth_year": null,
            "roe": null,
            "roe_4q": 0,
            "gross_profit": null,
            "gross_margin": null,
            "gross_margin_4q_avg": 0,
            "net_income": null,
            "revenue": null,
            "common_shares": 566076,
            "book_valuer_per_share": 17.32,
            "book_valuer_per_share_4q_avg": 8.61,
            "equity": 1119601,
            "current_ratio": 239.14,
            "debt_ratio": 45.54,
            "inventory_turnover_ratio": null,
            "account_receivable_turnover_ratio": null,
            "reinvestment_rate": null,
            "research_to_sale_ratio": null,
            "price_fair": 0,
            "eps_avg_yearly": 0,
            "eps_latest_yearly": 0,
            "eps_growth_yearly": 0
        },
        "20141": {
            "year_quarter": 20141,
            "year": 2014,
            "quarter": 1,
            "eps": null,
            "eps_growth_year": null,
            "eps_4q": null,
            "eps_4q_growth_year": null,
            "roe": null,
            "roe_4q": 0,
            "gross_profit": null,
            "gross_margin": null,
            "gross_margin_4q_avg": 0,
            "net_income": null,
            "revenue": null,
            "common_shares": null,
            "book_valuer_per_share": null,
            "book_valuer_per_share_4q_avg": 8.61,
            "equity": null,
            "current_ratio": null,
            "debt_ratio": null,
            "inventory_turnover_ratio": null,
            "account_receivable_turnover_ratio": null,
            "reinvestment_rate": null,
            "research_to_sale_ratio": null,
            "price_fair": 0,
            "eps_avg_yearly": 0,
            "eps_latest_yearly": 0,
            "eps_growth_yearly": 0
        },
        "20142": {
            "year_quarter": 20142,
            "year": 2014,
            "quarter": 2,
            "eps": null,
            "eps_growth_year": null,
            "eps_4q": null,
            "eps_4q_growth_year": null,
            "roe": null,
            "roe_4q": 0,
            "gross_profit": null,
            "gross_margin": null,
            "gross_margin_4q_avg": 0,
            "net_income": null,
            "revenue": null,
            "common_shares": 566076,
            "book_valuer_per_share": 16.8,
            "book_valuer_per_share_4q_avg": 8.53,
            "equity": 1082461,
            "current_ratio": 224.6,
            "debt_ratio": 45.96,
            "inventory_turnover_ratio": null,
            "account_receivable_turnover_ratio": null,
            "reinvestment_rate": null,
            "research_to_sale_ratio": null,
            "price_fair": 0,
            "eps_avg_yearly": 0,
            "eps_latest_yearly": 0,
            "eps_growth_yearly": 0
        },
        "20143": {
            "year_quarter": 20143,
            "year": 2014,
            "quarter": 3,
            "eps": null,
            "eps_growth_year": null,
            "eps_4q": null,
            "eps_4q_growth_year": null,
            "roe": null,
            "roe_4q": 0,
            "gross_profit": 119887,
            "gross_margin": null,
            "gross_margin_4q_avg": 0,
            "net_income": 44021,
            "revenue": 675223,
            "common_shares": 613762,
            "book_valuer_per_share": 16.55,
            "book_valuer_per_share_4q_avg": 12.67,
            "equity": 1159254,
            "current_ratio": 218.8,
            "debt_ratio": 44.59,
            "inventory_turnover_ratio": null,
            "account_receivable_turnover_ratio": null,
            "reinvestment_rate": null,
            "research_to_sale_ratio": null,
            "price_fair": 0,
            "eps_avg_yearly": 0,
            "eps_latest_yearly": 0,
            "eps_growth_yearly": 0
        },
        "20144": {
            "year_quarter": 20144,
            "year": 2014,
            "quarter": 4,
            "eps": null,
            "eps_growth_year": null,
            "eps_4q": null,
            "eps_4q_growth_year": null,
            "roe": null,
            "roe_4q": 0,
            "gross_profit": 120604,
            "gross_margin": null,
            "gross_margin_4q_avg": 0,
            "net_income": 24138,
            "revenue": 693956,
            "common_shares": 613762,
            "book_valuer_per_share": 17.02,
            "book_valuer_per_share_4q_avg": 12.59,
            "equity": 1194022,
            "current_ratio": 211.17,
            "debt_ratio": 45.58,
            "inventory_turnover_ratio": null,
            "account_receivable_turnover_ratio": null,
            "reinvestment_rate": null,
            "research_to_sale_ratio": null,
            "price_fair": 0,
            "eps_avg_yearly": 0,
            "eps_latest_yearly": 0,
            "eps_growth_yearly": 0
        },
        "20151": {
            "year_quarter": 20151,
            "year": 2015,
            "quarter": 1,
            "eps": null,
            "eps_growth_year": null,
            "eps_4q": null,
            "eps_4q_growth_year": null,
            "roe": null,
            "roe_4q": 0,
            "gross_profit": 101469,
            "gross_margin": null,
            "gross_margin_4q_avg": 0,
            "net_income": 20978,
            "revenue": 506808,
            "common_shares": 613762,
            "book_valuer_per_share": 17,
            "book_valuer_per_share_4q_avg": 16.84,
            "equity": 1195955,
            "current_ratio": 230.52,
            "debt_ratio": 43.12,
            "inventory_turnover_ratio": null,
            "account_receivable_turnover_ratio": null,
            "reinvestment_rate": null,
            "research_to_sale_ratio": null,
            "price_fair": 0,
            "eps_avg_yearly": 0,
            "eps_latest_yearly": 0,
            "eps_growth_yearly": 0
        },
        "20152": {
            "year_quarter": 20152,
            "year": 2015,
            "quarter": 2,
            "eps": 0.56,
            "eps_growth_year": null,
            "eps_4q": 0.56,
            "eps_4q_growth_year": null,
            "roe": 3.64,
            "roe_4q": 3.64,
            "gross_profit": 139657,
            "gross_margin": 23.71,
            "gross_margin_4q_avg": 5.93,
            "net_income": 42167,
            "revenue": 589015,
            "common_shares": 613762,
            "book_valuer_per_share": 16.23,
            "book_valuer_per_share_4q_avg": 16.7,
            "equity": 1119349,
            "current_ratio": 203.89,
            "debt_ratio": 46.05,
            "inventory_turnover_ratio": 1.29,
            "account_receivable_turnover_ratio": 2.21,
            "reinvestment_rate": null,
            "research_to_sale_ratio": null,
            "price_fair": 0,
            "eps_avg_yearly": 0,
            "eps_latest_yearly": 0,
            "eps_growth_yearly": 0
        },
        "20153": {
            "year_quarter": 20153,
            "year": 2015,
            "quarter": 3,
            "eps": null,
            "eps_growth_year": null,
            "eps_4q": null,
            "eps_4q_growth_year": null,
            "roe": null,
            "roe_4q": 3.64,
            "gross_profit": 133917,
            "gross_margin": null,
            "gross_margin_4q_avg": 5.93,
            "net_income": 49144,
            "revenue": 591583,
            "common_shares": 613762,
            "book_valuer_per_share": 17.38,
            "book_valuer_per_share_4q_avg": 16.91,
            "equity": 1198539,
            "current_ratio": 192.23,
            "debt_ratio": 45.24,
            "inventory_turnover_ratio": null,
            "account_receivable_turnover_ratio": null,
            "reinvestment_rate": null,
            "research_to_sale_ratio": null,
            "price_fair": 0,
            "eps_avg_yearly": 0,
            "eps_latest_yearly": 0,
            "eps_growth_yearly": 0
        },
        "20154": {
            "year_quarter": 20154,
            "year": 2015,
            "quarter": 4,
            "eps": null,
            "eps_growth_year": null,
            "eps_4q": null,
            "eps_4q_growth_year": null,
            "roe": null,
            "roe_4q": 3.64,
            "gross_profit": 149256,
            "gross_margin": null,
            "gross_margin_4q_avg": 5.93,
            "net_income": 47417,
            "revenue": 602436,
            "common_shares": 613762,
            "book_valuer_per_share": 17.54,
            "book_valuer_per_share_4q_avg": 17.04,
            "equity": 1219087,
            "current_ratio": 220.14,
            "debt_ratio": 42.59,
            "inventory_turnover_ratio": null,
            "account_receivable_turnover_ratio": null,
            "reinvestment_rate": null,
            "research_to_sale_ratio": null,
            "price_fair": 0,
            "eps_avg_yearly": 0,
            "eps_latest_yearly": 0,
            "eps_growth_yearly": 0
        },
        "20161": {
            "year_quarter": 20161,
            "year": 2016,
            "quarter": 1,
            "eps": 0.34,
            "eps_growth_year": null,
            "eps_4q": 0.91,
            "eps_4q_growth_year": null,
            "roe": 2.16,
            "roe_4q": 5.800000000000001,
            "gross_profit": 118287,
            "gross_margin": 26.58,
            "gross_margin_4q_avg": 12.57,
            "net_income": 26502,
            "revenue": 444968,
            "common_shares": 613762,
            "book_valuer_per_share": 17.69,
            "book_valuer_per_share_4q_avg": 17.21,
            "equity": 1233967,
            "current_ratio": 251.42,
            "debt_ratio": 40.36,
            "inventory_turnover_ratio": 1.13,
            "account_receivable_turnover_ratio": 0.87,
            "reinvestment_rate": null,
            "research_to_sale_ratio": 2.47,
            "price_fair": 0,
            "eps_avg_yearly": 0,
            "eps_latest_yearly": 0,
            "eps_growth_yearly": 0
        },
        "20162": {
            "year_quarter": 20162,
            "year": 2016,
            "quarter": 2,
            "eps": 0.48,
            "eps_growth_year": -14.38,
            "eps_4q": 0.76,
            "eps_4q_growth_year": 35.27,
            "roe": 2.87,
            "roe_4q": 5.03,
            "gross_profit": 103432,
            "gross_margin": 21.95,
            "gross_margin_4q_avg": 12.13,
            "net_income": 36427,
            "revenue": 471299,
            "common_shares": 695602,
            "book_valuer_per_share": 16.94,
            "book_valuer_per_share_4q_avg": 17.39,
            "equity": 1304064,
            "current_ratio": 234.94,
            "debt_ratio": 40.71,
            "inventory_turnover_ratio": 1.23,
            "account_receivable_turnover_ratio": 1.05,
            "reinvestment_rate": null,
            "research_to_sale_ratio": 2.01,
            "price_fair": 67.2,
            "eps_avg_yearly": 1.92,
            "eps_latest_yearly": 1.92,
            "eps_growth_yearly": 164.71
        },
        "20163": {
            "year_quarter": 20163,
            "year": 2016,
            "quarter": 3,
            "eps": 0.16,
            "eps_growth_year": null,
            "eps_4q": 0.92,
            "eps_4q_growth_year": null,
            "roe": 1.28,
            "roe_4q": 6.3100000000000005,
            "gross_profit": 107644,
            "gross_margin": 23.2,
            "gross_margin_4q_avg": 17.93,
            "net_income": 16525,
            "revenue": 463940,
            "common_shares": 695602,
            "book_valuer_per_share": 16.74,
            "book_valuer_per_share_4q_avg": 17.23,
            "equity": 1287620,
            "current_ratio": 248.19,
            "debt_ratio": 35.43,
            "inventory_turnover_ratio": 1.15,
            "account_receivable_turnover_ratio": 1.05,
            "reinvestment_rate": null,
            "research_to_sale_ratio": 2.25,
            "price_fair": 3.84,
            "eps_avg_yearly": 1.28,
            "eps_latest_yearly": 0.64,
            "eps_growth_yearly": -50.98
        },
        "20164": {
            "year_quarter": 20164,
            "year": 2016,
            "quarter": 4,
            "eps": 0.63,
            "eps_growth_year": null,
            "eps_4q": 1.55,
            "eps_4q_growth_year": null,
            "roe": 3.88,
            "roe_4q": 10.190000000000001,
            "gross_profit": 120278,
            "gross_margin": 22.68,
            "gross_margin_4q_avg": 23.6,
            "net_income": 50627,
            "revenue": 530389,
            "common_shares": 695602,
            "book_valuer_per_share": 17.15,
            "book_valuer_per_share_4q_avg": 17.13,
            "equity": 1322300,
            "current_ratio": 234.59,
            "debt_ratio": 37.2,
            "inventory_turnover_ratio": 1.32,
            "account_receivable_turnover_ratio": 1.15,
            "reinvestment_rate": null,
            "research_to_sale_ratio": 2.02,
            "price_fair": 59.27,
            "eps_avg_yearly": 1.69,
            "eps_latest_yearly": 2.52,
            "eps_growth_yearly": 357.68
        },
        "20171": {
            "year_quarter": 20171,
            "year": 2017,
            "quarter": 1,
            "eps": 0.02,
            "eps_growth_year": -94.12,
            "eps_4q": 1.26,
            "eps_4q_growth_year": 39.68,
            "roe": 0.52,
            "roe_4q": 8.55,
            "gross_profit": 85073,
            "gross_margin": 17.46,
            "gross_margin_4q_avg": 21.32,
            "net_income": 6877,
            "revenue": 487201,
            "common_shares": 695602,
            "book_valuer_per_share": 16.83,
            "book_valuer_per_share_4q_avg": 16.92,
            "equity": 1305313,
            "current_ratio": 239.57,
            "debt_ratio": 36.95,
            "inventory_turnover_ratio": 1.18,
            "account_receivable_turnover_ratio": 1.04,
            "reinvestment_rate": null,
            "research_to_sale_ratio": 2.12,
            "price_fair": 45.15,
            "eps_avg_yearly": 1.29,
            "eps_latest_yearly": 0.08,
            "eps_growth_yearly": 171.43
        },
        "20172": {
            "year_quarter": 20172,
            "year": 2017,
            "quarter": 2,
            "eps": 0.59,
            "eps_growth_year": 22.92,
            "eps_4q": 1.4,
            "eps_4q_growth_year": 84.9,
            "roe": 3.48,
            "roe_4q": 9.16,
            "gross_profit": 64333,
            "gross_margin": 13.39,
            "gross_margin_4q_avg": 19.18,
            "net_income": 44001,
            "revenue": 480491,
            "common_shares": 695602,
            "book_valuer_per_share": 15.98,
            "book_valuer_per_share_4q_avg": 16.68,
            "equity": 1223165,
            "current_ratio": 195.18,
            "debt_ratio": 41.44,
            "inventory_turnover_ratio": 1.17,
            "account_receivable_turnover_ratio": 1.07,
            "reinvestment_rate": null,
            "research_to_sale_ratio": 1.93,
            "price_fair": 52.64,
            "eps_avg_yearly": 1.5,
            "eps_latest_yearly": 2.36,
            "eps_growth_yearly": 2417.15
        },
        "20173": {
            "year_quarter": 20173,
            "year": 2017,
            "quarter": 3,
            "eps": 0.16,
            "eps_growth_year": 0,
            "eps_4q": 1.4,
            "eps_4q_growth_year": 52.48,
            "roe": 1.24,
            "roe_4q": 9.120000000000001,
            "gross_profit": 82416,
            "gross_margin": 14.94,
            "gross_margin_4q_avg": 17.12,
            "net_income": 15330,
            "revenue": 551658,
            "common_shares": 695602,
            "book_valuer_per_share": 16.25,
            "book_valuer_per_share_4q_avg": 16.55,
            "equity": 1246256,
            "current_ratio": 235.58,
            "debt_ratio": 39.13,
            "inventory_turnover_ratio": 1.38,
            "account_receivable_turnover_ratio": 1.15,
            "reinvestment_rate": null,
            "research_to_sale_ratio": 1.64,
            "price_fair": 47.6,
            "eps_avg_yearly": 1.36,
            "eps_latest_yearly": 0.64,
            "eps_growth_yearly": 1965.7
        },
        "20174": {
            "year_quarter": 20174,
            "year": 2017,
            "quarter": 4,
            "eps": 0.57,
            "eps_growth_year": -9.18,
            "eps_4q": 1.35,
            "eps_4q_growth_year": -12.96,
            "roe": 3.41,
            "roe_4q": 8.65,
            "gross_profit": 87710,
            "gross_margin": 14.61,
            "gross_margin_4q_avg": 15.1,
            "net_income": 43191,
            "revenue": 600504,
            "common_shares": 695602,
            "book_valuer_per_share": 16.76,
            "book_valuer_per_share_4q_avg": 16.46,
            "equity": 1284719,
            "current_ratio": 209.56,
            "debt_ratio": 40.48,
            "inventory_turnover_ratio": 1.44,
            "account_receivable_turnover_ratio": 1.17,
            "reinvestment_rate": null,
            "research_to_sale_ratio": 1.75,
            "price_fair": 52.2,
            "eps_avg_yearly": 1.49,
            "eps_latest_yearly": 2.28,
            "eps_growth_yearly": 1831.32
        },
        "20181": {
            "year_quarter": 20181,
            "year": 2018,
            "quarter": 1,
            "eps": -0.12,
            "eps_growth_year": -700,
            "eps_4q": 1.21,
            "eps_4q_growth_year": -4.67,
            "roe": -0.57,
            "roe_4q": 7.5600000000000005,
            "gross_profit": 58144,
            "gross_margin": 12.57,
            "gross_margin_4q_avg": 13.88,
            "net_income": -7275,
            "revenue": 462566,
            "common_shares": 695602,
            "book_valuer_per_share": 16.73,
            "book_valuer_per_share_4q_avg": 16.43,
            "equity": 1284544,
            "current_ratio": 182.2,
            "debt_ratio": 39.01,
            "inventory_turnover_ratio": 1.03,
            "account_receivable_turnover_ratio": 0.97,
            "reinvestment_rate": null,
            "research_to_sale_ratio": 2.1,
            "price_fair": 52.2,
            "eps_avg_yearly": 1.49,
            "eps_latest_yearly": 2.28,
            "eps_growth_yearly": 1831.32
        },
        "20182": {
            "year_quarter": 20182,
            "year": 2018,
            "quarter": 2,
            "eps": -0.11,
            "eps_growth_year": -118.64,
            "eps_4q": 0.5,
            "eps_4q_growth_year": -64.49,
            "roe": -0.51,
            "roe_4q": 3.5700000000000003,
            "gross_profit": 44565,
            "gross_margin": 8.85,
            "gross_margin_4q_avg": 12.74,
            "net_income": -6190,
            "revenue": 503770,
            "common_shares": 695602,
            "book_valuer_per_share": 15.13,
            "book_valuer_per_share_4q_avg": 16.22,
            "equity": 1156218,
            "current_ratio": 170.46,
            "debt_ratio": 44.87,
            "inventory_turnover_ratio": 1.17,
            "account_receivable_turnover_ratio": 1.1,
            "reinvestment_rate": 64.43,
            "research_to_sale_ratio": 2.45,
            "price_fair": 52.2,
            "eps_avg_yearly": 1.49,
            "eps_latest_yearly": 2.28,
            "eps_growth_yearly": 1831.32
        },
        "20183": {
            "year_quarter": 20183,
            "year": 2018,
            "quarter": 3,
            "eps": -0.09,
            "eps_growth_year": -156.25,
            "eps_4q": 0.25,
            "eps_4q_growth_year": -82.54,
            "roe": -0.21,
            "roe_4q": 2.12,
            "gross_profit": 52769,
            "gross_margin": 10.9,
            "gross_margin_4q_avg": 11.73,
            "net_income": -2413,
            "revenue": 484162,
            "common_shares": 695602,
            "book_valuer_per_share": 14.72,
            "book_valuer_per_share_4q_avg": 15.84,
            "equity": 1131113,
            "current_ratio": 174.54,
            "debt_ratio": 45.4,
            "inventory_turnover_ratio": 1.16,
            "account_receivable_turnover_ratio": 1.01,
            "reinvestment_rate": 83.93,
            "research_to_sale_ratio": 1.8,
            "price_fair": 52.2,
            "eps_avg_yearly": 1.49,
            "eps_latest_yearly": 2.28,
            "eps_growth_yearly": 1831.32
        },
        "20184": {
            "year_quarter": 20184,
            "year": 2018,
            "quarter": 4,
            "eps": -0.17,
            "eps_growth_year": -129.96,
            "eps_4q": -0.49,
            "eps_4q_growth_year": -136.68,
            "roe": -0.77,
            "roe_4q": -2.06,
            "gross_profit": 60894,
            "gross_margin": 13.01,
            "gross_margin_4q_avg": 11.33,
            "net_income": -8659,
            "revenue": 468190,
            "common_shares": 695602,
            "book_valuer_per_share": 14.62,
            "book_valuer_per_share_4q_avg": 15.3,
            "equity": 1126095,
            "current_ratio": 190.85,
            "debt_ratio": 42.81,
            "inventory_turnover_ratio": 1.15,
            "account_receivable_turnover_ratio": 1.02,
            "reinvestment_rate": 85.2,
            "research_to_sale_ratio": 1.68,
            "price_fair": 52.2,
            "eps_avg_yearly": 1.49,
            "eps_latest_yearly": 2.28,
            "eps_growth_yearly": 1831.32
        },
        "20191": {
            "year_quarter": 20191,
            "year": 2019,
            "quarter": 1,
            "eps": 0.09,
            "eps_growth_year": null,
            "eps_4q": -0.28,
            "eps_4q_growth_year": -123.28,
            "roe": 0.72,
            "roe_4q": -0.77,
            "gross_profit": 67995,
            "gross_margin": 16.79,
            "gross_margin_4q_avg": 12.39,
            "net_income": 8213,
            "revenue": 404973,
            "common_shares": 695602,
            "book_valuer_per_share": 14.89,
            "book_valuer_per_share_4q_avg": 14.84,
            "equity": 1147052,
            "current_ratio": 284.96,
            "debt_ratio": 38.71,
            "inventory_turnover_ratio": 1.04,
            "account_receivable_turnover_ratio": 0.97,
            "reinvestment_rate": 9.01,
            "research_to_sale_ratio": 2.06,
            "price_fair": 52.2,
            "eps_avg_yearly": 1.49,
            "eps_latest_yearly": 2.28,
            "eps_growth_yearly": 1831.32
        },
        "20192": {
            "year_quarter": 20192,
            "year": 2019,
            "quarter": 2,
            "eps": 0.36,
            "eps_growth_year": null,
            "eps_4q": 0.2,
            "eps_4q_growth_year": -60.01,
            "roe": 2.54,
            "roe_4q": 2.28,
            "gross_profit": 81360,
            "gross_margin": 19.35,
            "gross_margin_4q_avg": 15.01,
            "net_income": 28617,
            "revenue": 420461,
            "common_shares": 695602,
            "book_valuer_per_share": 14.37,
            "book_valuer_per_share_4q_avg": 14.65,
            "equity": 1105267,
            "current_ratio": 197.67,
            "debt_ratio": 42.46,
            "inventory_turnover_ratio": 1.03,
            "account_receivable_turnover_ratio": 1.03,
            "reinvestment_rate": -5.65,
            "research_to_sale_ratio": 1.86,
            "price_fair": 51.98,
            "eps_avg_yearly": 1.49,
            "eps_latest_yearly": 1.44,
            "eps_growth_yearly": 1752.4
        },
        "20193": {
            "year_quarter": 20193,
            "year": 2019,
            "quarter": 3,
            "eps": 0.19,
            "eps_growth_year": null,
            "eps_4q": 0.47,
            "eps_4q_growth_year": 93.18,
            "roe": 1.58,
            "roe_4q": 4.07,
            "gross_profit": 68912,
            "gross_margin": 18.23,
            "gross_margin_4q_avg": 16.85,
            "net_income": 17474,
            "revenue": 378009,
            "common_shares": 699861,
            "book_valuer_per_share": 14.23,
            "book_valuer_per_share_4q_avg": 14.53,
            "equity": 1105526,
            "current_ratio": 213.03,
            "debt_ratio": 39.03,
            "inventory_turnover_ratio": 0.97,
            "account_receivable_turnover_ratio": 0.94,
            "reinvestment_rate": -39.96,
            "research_to_sale_ratio": 2.16,
            "price_fair": 49.16,
            "eps_avg_yearly": 1.4,
            "eps_latest_yearly": 0.76,
            "eps_growth_yearly": 1536.7
        },
        "20194": {
            "year_quarter": 20194,
            "year": 2019,
            "quarter": 4,
            "eps": 0.21,
            "eps_growth_year": null,
            "eps_4q": 0.85,
            "eps_4q_growth_year": null,
            "roe": 1.81,
            "roe_4q": 6.6499999999999995,
            "gross_profit": 81073,
            "gross_margin": 19.73,
            "gross_margin_4q_avg": 18.53,
            "net_income": 20044,
            "revenue": 410932,
            "common_shares": 699861,
            "book_valuer_per_share": 14.27,
            "book_valuer_per_share_4q_avg": 14.44,
            "equity": 1113022,
            "current_ratio": 230.74,
            "debt_ratio": 40.81,
            "inventory_turnover_ratio": 1.15,
            "account_receivable_turnover_ratio": 1.04,
            "reinvestment_rate": -161.02,
            "research_to_sale_ratio": 1.97,
            "price_fair": 47.18,
            "eps_avg_yearly": 1.35,
            "eps_latest_yearly": 0.84,
            "eps_growth_yearly": 1387.24
        },
        "20201": {
            "year_quarter": 20201,
            "year": 2020,
            "quarter": 1,
            "eps": 0.14,
            "eps_growth_year": 55.56,
            "eps_4q": 0.9,
            "eps_4q_growth_year": null,
            "roe": 1.26,
            "roe_4q": 7.19,
            "gross_profit": 77411,
            "gross_margin": 20.5,
            "gross_margin_4q_avg": 19.45,
            "net_income": 14031,
            "revenue": 377685,
            "common_shares": 699861,
            "book_valuer_per_share": 14.31,
            "book_valuer_per_share_4q_avg": 14.3,
            "equity": 1120243,
            "current_ratio": 244.49,
            "debt_ratio": 38.94,
            "inventory_turnover_ratio": 1.08,
            "account_receivable_turnover_ratio": 0.93,
            "reinvestment_rate": -163.63,
            "research_to_sale_ratio": 1.88,
            "price_fair": 44.67,
            "eps_avg_yearly": 1.28,
            "eps_latest_yearly": 0.56,
            "eps_growth_yearly": 1249.01
        },
        "20202": {
            "year_quarter": 20202,
            "year": 2020,
            "quarter": 2,
            "eps": -0.03,
            "eps_growth_year": -108.33,
            "eps_4q": 0.5,
            "eps_4q_growth_year": 150.24,
            "roe": -0.29,
            "roe_4q": 4.36,
            "gross_profit": 44628,
            "gross_margin": 16.76,
            "gross_margin_4q_avg": 18.81,
            "net_income": -3096,
            "revenue": 266318,
            "common_shares": 703601,
            "book_valuer_per_share": 13.29,
            "book_valuer_per_share_4q_avg": 14.03,
            "equity": 1041318,
            "current_ratio": 236.51,
            "debt_ratio": 40.65,
            "inventory_turnover_ratio": 0.83,
            "account_receivable_turnover_ratio": 0.75,
            "reinvestment_rate": -174.25,
            "research_to_sale_ratio": 2.95,
            "price_fair": 42.42,
            "eps_avg_yearly": 1.21,
            "eps_latest_yearly": 0.56,
            "eps_growth_yearly": 1357.44
        },
        "20203": {
            "year_quarter": 20203,
            "year": 2020,
            "quarter": 3,
            "eps": 0.24,
            "eps_growth_year": 26.32,
            "eps_4q": 0.55,
            "eps_4q_growth_year": 15.32,
            "roe": 2.08,
            "roe_4q": 4.859999999999999,
            "gross_profit": 72190,
            "gross_margin": 21.67,
            "gross_margin_4q_avg": 19.67,
            "net_income": 21953,
            "revenue": 333206,
            "common_shares": 703470,
            "book_valuer_per_share": 13.59,
            "book_valuer_per_share_4q_avg": 13.87,
            "equity": 1068349,
            "current_ratio": 264.2,
            "debt_ratio": 41.89,
            "inventory_turnover_ratio": 1.01,
            "account_receivable_turnover_ratio": 1.06,
            "reinvestment_rate": -156.84,
            "research_to_sale_ratio": 2.18,
            "price_fair": 44.64,
            "eps_avg_yearly": 1.28,
            "eps_latest_yearly": 0.56,
            "eps_growth_yearly": 1537.9
        },
        "20204": {
            "year_quarter": 20204,
            "year": 2020,
            "quarter": 4,
            "eps": 0.3,
            "eps_growth_year": 46.06,
            "eps_4q": 0.64,
            "eps_4q_growth_year": -24.4,
            "roe": 2.13,
            "roe_4q": 5.18,
            "gross_profit": 101072,
            "gross_margin": 25.03,
            "gross_margin_4q_avg": 20.99,
            "net_income": 23131,
            "revenue": 403763,
            "common_shares": 703470,
            "book_valuer_per_share": 13.99,
            "book_valuer_per_share_4q_avg": 13.8,
            "equity": 1098867,
            "current_ratio": 262.08,
            "debt_ratio": 41.95,
            "inventory_turnover_ratio": 1.23,
            "account_receivable_turnover_ratio": 1.1,
            "reinvestment_rate": -169.18,
            "research_to_sale_ratio": 2.24,
            "price_fair": 39.51,
            "eps_avg_yearly": 1.13,
            "eps_latest_yearly": 1.2,
            "eps_growth_yearly": 1418.45
        },
        "20211": {
            "year_quarter": 20211,
            "year": 2021,
            "quarter": 1,
            "eps": 0.3,
            "eps_growth_year": 114.29,
            "eps_4q": 0.8,
            "eps_4q_growth_year": -10.39,
            "roe": 2.26,
            "roe_4q": 6.18,
            "gross_profit": 79992,
            "gross_margin": 21.39,
            "gross_margin_4q_avg": 21.21,
            "net_income": 25089,
            "revenue": 373913,
            "common_shares": 703470,
            "book_valuer_per_share": 14.28,
            "book_valuer_per_share_4q_avg": 13.79,
            "equity": 1122778,
            "current_ratio": 266.49,
            "debt_ratio": 41.44,
            "inventory_turnover_ratio": 1.16,
            "account_receivable_turnover_ratio": 0.97,
            "reinvestment_rate": -138.8,
            "research_to_sale_ratio": 1.87,
            "price_fair": 43.87,
            "eps_avg_yearly": 1.25,
            "eps_latest_yearly": 1.2,
            "eps_growth_yearly": 1461.48
        },
        "20212": {
            "year_quarter": 20212,
            "year": 2021,
            "quarter": 2,
            "eps": 1.78,
            "eps_growth_year": null,
            "eps_4q": 2.59,
            "eps_4q_growth_year": 420.43,
            "roe": 10.96,
            "roe_4q": 17.43,
            "gross_profit": 78569,
            "gross_margin": 20.86,
            "gross_margin_4q_avg": 22.24,
            "net_income": 128953,
            "revenue": 376681,
            "common_shares": 703353,
            "book_valuer_per_share": 15.88,
            "book_valuer_per_share_4q_avg": 14.44,
            "equity": 1229366,
            "current_ratio": 289.99,
            "debt_ratio": 37.93,
            "inventory_turnover_ratio": 1.09,
            "account_receivable_turnover_ratio": 1.01,
            "reinvestment_rate": -99.2,
            "research_to_sale_ratio": 1.83,
            "price_fair": 62.38,
            "eps_avg_yearly": 1.78,
            "eps_latest_yearly": 7.12,
            "eps_growth_yearly": 414.08
        },
        "20213": {
            "year_quarter": 20213,
            "year": 2021,
            "quarter": 3,
            "eps": 0.12,
            "eps_growth_year": -50,
            "eps_4q": 2.47,
            "eps_4q_growth_year": 352.79,
            "roe": 1.1,
            "roe_4q": 16.45,
            "gross_profit": 69640,
            "gross_margin": 19.4,
            "gross_margin_4q_avg": 21.67,
            "net_income": 13209,
            "revenue": 359038,
            "common_shares": 703353,
            "book_valuer_per_share": 15.03,
            "book_valuer_per_share_4q_avg": 14.8,
            "equity": 1175232,
            "current_ratio": 280.17,
            "debt_ratio": 38.66,
            "inventory_turnover_ratio": 0.97,
            "account_receivable_turnover_ratio": 0.98,
            "reinvestment_rate": -107.83,
            "research_to_sale_ratio": 1.99,
            "price_fair": 61.76,
            "eps_avg_yearly": 1.76,
            "eps_latest_yearly": 0.48,
            "eps_growth_yearly": 405.02
        },
        "20214": {
            "year_quarter": 20214,
            "year": 2021,
            "quarter": 4,
            "eps": -0.14,
            "eps_growth_year": -147.3,
            "eps_4q": 2.03,
            "eps_4q_growth_year": 215.46,
            "roe": -0.8,
            "roe_4q": 13.520000000000001,
            "gross_profit": 55885,
            "gross_margin": 15.25,
            "gross_margin_4q_avg": 19.23,
            "net_income": -9419,
            "revenue": 366434,
            "common_shares": 703353,
            "book_valuer_per_share": 14.93,
            "book_valuer_per_share_4q_avg": 15.03,
            "equity": 1168834,
            "current_ratio": 308.18,
            "debt_ratio": 36.22,
            "inventory_turnover_ratio": 0.98,
            "account_receivable_turnover_ratio": 1.04,
            "reinvestment_rate": -131.8,
            "research_to_sale_ratio": 1.68,
            "price_fair": 59.5,
            "eps_avg_yearly": 1.7,
            "eps_latest_yearly": 0.48,
            "eps_growth_yearly": 327.52
        },
        "20221": {
            "year_quarter": 20221,
            "year": 2022,
            "quarter": 1,
            "eps": 0.26,
            "eps_growth_year": -13.33,
            "eps_4q": 1.99,
            "eps_4q_growth_year": 147.48,
            "roe": 1.51,
            "roe_4q": 12.770000000000001,
            "gross_profit": 64868,
            "gross_margin": 15.54,
            "gross_margin_4q_avg": 17.76,
            "net_income": 17955,
            "revenue": 417335,
            "common_shares": 703353,
            "book_valuer_per_share": 15.49,
            "book_valuer_per_share_4q_avg": 15.33,
            "equity": 1208356,
            "current_ratio": 286.02,
            "debt_ratio": 37.81,
            "inventory_turnover_ratio": 1.05,
            "account_receivable_turnover_ratio": 1.06,
            "reinvestment_rate": -113.38,
            "research_to_sale_ratio": 1.8,
            "price_fair": 59.5,
            "eps_avg_yearly": 1.7,
            "eps_latest_yearly": 0.48,
            "eps_growth_yearly": 327.52
        },
        "20222": {
            "year_quarter": 20222,
            "year": 2022,
            "quarter": 2,
            "eps": -0.01,
            "eps_growth_year": -100.56,
            "eps_4q": 0.22,
            "eps_4q_growth_year": -91.43,
            "roe": -0.05,
            "roe_4q": 1.76,
            "gross_profit": 51283,
            "gross_margin": 13.75,
            "gross_margin_4q_avg": 15.99,
            "net_income": -627,
            "revenue": 372998,
            "common_shares": 703353,
            "book_valuer_per_share": 14.12,
            "book_valuer_per_share_4q_avg": 14.89,
            "equity": 1097077,
            "current_ratio": 250.51,
            "debt_ratio": 41.27,
            "inventory_turnover_ratio": 0.87,
            "account_receivable_turnover_ratio": 0.92,
            "reinvestment_rate": -121.94,
            "research_to_sale_ratio": 1.83,
            "price_fair": 59.5,
            "eps_avg_yearly": 1.7,
            "eps_latest_yearly": 0.48,
            "eps_growth_yearly": 327.52
        },
        "20223": {
            "year_quarter": 20223,
            "year": 2022,
            "quarter": 3,
            "eps": 0,
            "eps_growth_year": -100,
            "eps_4q": 0.1,
            "eps_4q_growth_year": -95.76,
            "roe": 0.02,
            "roe_4q": 0.6799999999999999,
            "gross_profit": 38813,
            "gross_margin": 11.68,
            "gross_margin_4q_avg": 14.06,
            "net_income": 209,
            "revenue": 332318,
            "common_shares": 703353,
            "book_valuer_per_share": 14.47,
            "book_valuer_per_share_4q_avg": 14.75,
            "equity": 1121908,
            "current_ratio": 292.77,
            "debt_ratio": 37.09,
            "inventory_turnover_ratio": 0.77,
            "account_receivable_turnover_ratio": 0.92,
            "reinvestment_rate": -121.46,
            "research_to_sale_ratio": 1.87,
            "price_fair": 59.5,
            "eps_avg_yearly": 1.7,
            "eps_latest_yearly": 0.48,
            "eps_growth_yearly": 327.52
        },
        "20224": {
            "year_quarter": 20224,
            "year": 2022,
            "quarter": 4,
            "eps": 0.02,
            "eps_growth_year": null,
            "eps_4q": 0.26,
            "eps_4q_growth_year": -86.95,
            "roe": 0.31,
            "roe_4q": 1.79,
            "gross_profit": 39277,
            "gross_margin": 12.07,
            "gross_margin_4q_avg": 13.26,
            "net_income": 3459,
            "revenue": 325378,
            "common_shares": 703033,
            "book_valuer_per_share": 14.33,
            "book_valuer_per_share_4q_avg": 14.6,
            "equity": 1114003,
            "current_ratio": 279.37,
            "debt_ratio": 37.9,
            "inventory_turnover_ratio": 0.78,
            "account_receivable_turnover_ratio": 1.01,
            "reinvestment_rate": -111.44,
            "research_to_sale_ratio": 1.94,
            "price_fair": 59.5,
            "eps_avg_yearly": 1.7,
            "eps_latest_yearly": 0.48,
            "eps_growth_yearly": 327.52
        },
        "20231": {
            "year_quarter": 20231,
            "year": 2023,
            "quarter": 1,
            "eps": 0.08,
            "eps_growth_year": -69.23,
            "eps_4q": 0.09,
            "eps_4q_growth_year": -95.62,
            "roe": 0.6,
            "roe_4q": 0.8799999999999999,
            "gross_profit": 41735,
            "gross_margin": 13.08,
            "gross_margin_4q_avg": 12.65,
            "net_income": 6745,
            "revenue": 319186,
            "common_shares": 703033,
            "book_valuer_per_share": 14.45,
            "book_valuer_per_share_4q_avg": 14.34,
            "equity": 1123345,
            "current_ratio": 321.31,
            "debt_ratio": 37.2,
            "inventory_turnover_ratio": 0.86,
            "account_receivable_turnover_ratio": 1.06,
            "reinvestment_rate": -16.17,
            "research_to_sale_ratio": 1.81,
            "price_fair": 54.13,
            "eps_avg_yearly": 1.55,
            "eps_latest_yearly": 0.32,
            "eps_growth_yearly": 424.46
        }
    },
    "months": {
        "2004-04": {
            "month": "2004-04",
            "price": "24.70",
            "revenue": 80949
        },
        "2004-05": {
            "month": "2004-05",
            "price": "25.95",
            "revenue": 94704
        },
        "2004-06": {
            "month": "2004-06",
            "price": "26.60",
            "revenue": 79878
        },
        "2004-07": {
            "month": "2004-07",
            "price": "27.65",
            "revenue": 91262
        },
        "2004-08": {
            "month": "2004-08",
            "price": "25.26",
            "revenue": 95701
        },
        "2004-09": {
            "month": "2004-09",
            "price": "22.07",
            "revenue": 104414
        },
        "2004-10": {
            "month": "2004-10",
            "price": "18.41",
            "revenue": 110270
        },
        "2004-11": {
            "month": "2004-11",
            "price": "18.32",
            "revenue": 96019
        },
        "2004-12": {
            "month": "2004-12",
            "price": "17.73",
            "revenue": 87911
        },
        "2005-01": {
            "month": "2005-01",
            "price": "16.79",
            "revenue": 82178
        },
        "2005-02": {
            "month": "2005-02",
            "price": "16.50",
            "revenue": 53808
        },
        "2005-03": {
            "month": "2005-03",
            "price": "16.60",
            "revenue": 111742
        },
        "2005-04": {
            "month": "2005-04",
            "price": "16.55",
            "revenue": 98201
        },
        "2005-05": {
            "month": "2005-05",
            "price": "14.83",
            "revenue": 90028
        },
        "2005-06": {
            "month": "2005-06",
            "price": "14.70",
            "revenue": 88692
        },
        "2005-07": {
            "month": "2005-07",
            "price": "14.07",
            "revenue": 85276
        },
        "2005-08": {
            "month": "2005-08",
            "price": "11.86",
            "revenue": 94542
        },
        "2005-09": {
            "month": "2005-09",
            "price": "10.15",
            "revenue": 87671
        },
        "2005-10": {
            "month": "2005-10",
            "price": "11.08",
            "revenue": 97441
        },
        "2005-11": {
            "month": "2005-11",
            "price": "11.75",
            "revenue": 114218
        },
        "2005-12": {
            "month": "2005-12",
            "price": "11.52",
            "revenue": 105386
        },
        "2006-02": {
            "month": "2006-02",
            "price": "10.95",
            "revenue": 84217
        },
        "2006-03": {
            "month": "2006-03",
            "price": "11.03",
            "revenue": 115092
        },
        "2006-04": {
            "month": "2006-04",
            "price": "11.04",
            "revenue": 86024
        },
        "2006-05": {
            "month": "2006-05",
            "price": "11.91",
            "revenue": 103611
        },
        "2006-06": {
            "month": "2006-06",
            "price": "11.73",
            "revenue": 91465
        },
        "2006-07": {
            "month": "2006-07",
            "price": "12.60",
            "revenue": 83489
        },
        "2006-08": {
            "month": "2006-08",
            "price": "11.70",
            "revenue": 87868
        },
        "2006-09": {
            "month": "2006-09",
            "price": "11.08",
            "revenue": 74738
        },
        "2006-10": {
            "month": "2006-10",
            "price": "10.85",
            "revenue": 93626
        },
        "2006-12": {
            "month": "2006-12",
            "price": "11.31",
            "revenue": 91964
        },
        "2007-01": {
            "month": "2007-01",
            "price": "12.12",
            "revenue": 100299
        },
        "2007-02": {
            "month": "2007-02",
            "price": "12.85",
            "revenue": 56693
        },
        "2007-03": {
            "month": "2007-03",
            "price": "12.43",
            "revenue": 97913
        },
        "2007-04": {
            "month": "2007-04",
            "price": "13.86",
            "revenue": 107059
        },
        "2007-05": {
            "month": "2007-05",
            "price": "14.90",
            "revenue": 96565
        },
        "2007-06": {
            "month": "2007-06",
            "price": "17.35",
            "revenue": 97491
        },
        "2007-07": {
            "month": "2007-07",
            "price": "17.59",
            "revenue": 97160
        },
        "2007-08": {
            "month": "2007-08",
            "price": "17.18",
            "revenue": 103721
        },
        "2007-09": {
            "month": "2007-09",
            "price": "17.35",
            "revenue": 90215
        },
        "2007-10": {
            "month": "2007-10",
            "price": "17.05",
            "revenue": 120550
        },
        "2007-11": {
            "month": "2007-11",
            "price": "17.53",
            "revenue": 132870
        },
        "2007-12": {
            "month": "2007-12",
            "price": "17.84",
            "revenue": 115622
        },
        "2008-01": {
            "month": "2008-01",
            "price": "16.49",
            "revenue": 90020
        },
        "2008-02": {
            "month": "2008-02",
            "price": "17.33",
            "revenue": 77755
        },
        "2008-03": {
            "month": "2008-03",
            "price": "18.02",
            "revenue": 117382
        },
        "2008-04": {
            "month": "2008-04",
            "price": "18.87",
            "revenue": 96696
        },
        "2008-05": {
            "month": "2008-05",
            "price": "18.76",
            "revenue": 147425
        },
        "2008-06": {
            "month": "2008-06",
            "price": "19.52",
            "revenue": 126638
        },
        "2008-07": {
            "month": "2008-07",
            "price": "18.83",
            "revenue": 109440
        },
        "2008-08": {
            "month": "2008-08",
            "price": "16.60",
            "revenue": 87275
        },
        "2008-09": {
            "month": "2008-09",
            "price": "16.66",
            "revenue": 75570
        },
        "2008-10": {
            "month": "2008-10",
            "price": "14.05",
            "revenue": 89789
        },
        "2008-11": {
            "month": "2008-11",
            "price": "12.89",
            "revenue": 78233
        },
        "2008-12": {
            "month": "2008-12",
            "price": "13.41",
            "revenue": 80383
        },
        "2009-02": {
            "month": "2009-02",
            "price": "12.36",
            "revenue": 156066
        },
        "2009-03": {
            "month": "2009-03",
            "price": "13.06",
            "revenue": 189855
        },
        "2009-04": {
            "month": "2009-04",
            "price": "14.16",
            "revenue": 185531
        },
        "2009-05": {
            "month": "2009-05",
            "price": "16.01",
            "revenue": 170671
        },
        "2009-06": {
            "month": "2009-06",
            "price": "15.92",
            "revenue": 162194
        },
        "2009-07": {
            "month": "2009-07",
            "price": "16.56",
            "revenue": 182216
        },
        "2009-08": {
            "month": "2009-08",
            "price": "16.11",
            "revenue": 209763
        },
        "2009-09": {
            "month": "2009-09",
            "price": "18.85",
            "revenue": 181860
        },
        "2009-10": {
            "month": "2009-10",
            "price": "20.03",
            "revenue": 191461
        },
        "2009-11": {
            "month": "2009-11",
            "price": "20.79",
            "revenue": 211246
        },
        "2009-12": {
            "month": "2009-12",
            "price": "22.00",
            "revenue": 219237
        },
        "2010-01": {
            "month": "2010-01",
            "price": "22.50",
            "revenue": 212165
        },
        "2010-02": {
            "month": "2010-02",
            "price": "21.70",
            "revenue": 101056
        },
        "2010-03": {
            "month": "2010-03",
            "price": "23.52",
            "revenue": 256558
        },
        "2010-04": {
            "month": "2010-04",
            "price": "29.22",
            "revenue": 241383
        },
        "2010-05": {
            "month": "2010-05",
            "price": "31.06",
            "revenue": 222675
        },
        "2010-06": {
            "month": "2010-06",
            "price": "30.70",
            "revenue": 196994
        },
        "2010-07": {
            "month": "2010-07",
            "price": "28.34",
            "revenue": 230747
        },
        "2010-08": {
            "month": "2010-08",
            "price": "26.44",
            "revenue": 237959
        },
        "2010-09": {
            "month": "2010-09",
            "price": "21.91",
            "revenue": 238376
        },
        "2010-10": {
            "month": "2010-10",
            "price": "21.62",
            "revenue": 250990
        },
        "2010-11": {
            "month": "2010-11",
            "price": "22.39",
            "revenue": 260876
        },
        "2010-12": {
            "month": "2010-12",
            "price": "21.94",
            "revenue": 237674
        },
        "2011-01": {
            "month": "2011-01",
            "price": "22.47",
            "revenue": 183462
        },
        "2011-02": {
            "month": "2011-02",
            "price": "22.55",
            "revenue": 127825
        },
        "2011-03": {
            "month": "2011-03",
            "price": "22.25",
            "revenue": 262993
        },
        "2011-04": {
            "month": "2011-04",
            "price": "23.10",
            "revenue": 215977
        },
        "2011-05": {
            "month": "2011-05",
            "price": "22.51",
            "revenue": 197142
        },
        "2011-06": {
            "month": "2011-06",
            "price": "21.95",
            "revenue": 165272
        },
        "2011-07": {
            "month": "2011-07",
            "price": "21.60",
            "revenue": 197186
        },
        "2011-08": {
            "month": "2011-08",
            "price": "21.00",
            "revenue": 224122
        },
        "2011-09": {
            "month": "2011-09",
            "price": "19.44",
            "revenue": 244371
        },
        "2011-10": {
            "month": "2011-10",
            "price": "17.51",
            "revenue": 216322
        },
        "2011-11": {
            "month": "2011-11",
            "price": "16.94",
            "revenue": 231844
        },
        "2011-12": {
            "month": "2011-12",
            "price": "16.83",
            "revenue": 234036
        },
        "2012-01": {
            "month": "2012-01",
            "price": "17.35",
            "revenue": 115522
        },
        "2012-02": {
            "month": "2012-02",
            "price": "18.68",
            "revenue": 185399
        },
        "2012-03": {
            "month": "2012-03",
            "price": "17.36",
            "revenue": 255341
        },
        "2012-04": {
            "month": "2012-04",
            "price": "17.56",
            "revenue": 197182
        },
        "2012-05": {
            "month": "2012-05",
            "price": "17.47",
            "revenue": 217402
        },
        "2012-06": {
            "month": "2012-06",
            "price": "17.63",
            "revenue": 189671
        },
        "2012-07": {
            "month": "2012-07",
            "price": "17.93",
            "revenue": 190096
        },
        "2012-08": {
            "month": "2012-08",
            "price": "18.57",
            "revenue": 224463
        },
        "2012-09": {
            "month": "2012-09",
            "price": "19.61",
            "revenue": 242734
        },
        "2012-10": {
            "month": "2012-10",
            "price": "18.02",
            "revenue": 226592
        },
        "2012-11": {
            "month": "2012-11",
            "price": "17.43",
            "revenue": 181451
        },
        "2012-12": {
            "month": "2012-12",
            "price": "17.72",
            "revenue": 215091
        },
        "2013-01": {
            "month": "2013-01",
            "price": "17.72",
            "revenue": 192795
        },
        "2013-02": {
            "month": "2013-02",
            "price": "18.11",
            "revenue": 86882
        },
        "2013-03": {
            "month": "2013-03",
            "price": "19.09",
            "revenue": 212522
        },
        "2013-04": {
            "month": "2013-04",
            "price": "20.37",
            "revenue": 206514
        },
        "2013-05": {
            "month": "2013-05",
            "price": "20.39",
            "revenue": 202632
        },
        "2013-06": {
            "month": "2013-06",
            "price": "20.59",
            "revenue": 193558
        },
        "2013-07": {
            "month": "2013-07",
            "price": "20.64",
            "revenue": 219522
        },
        "2013-08": {
            "month": "2013-08",
            "price": "20.88",
            "revenue": 251621
        },
        "2013-09": {
            "month": "2013-09",
            "price": "20.11",
            "revenue": 212643
        },
        "2013-10": {
            "month": "2013-10",
            "price": "19.78",
            "revenue": 227872
        },
        "2013-11": {
            "month": "2013-11",
            "price": "19.41",
            "revenue": 198261
        },
        "2013-12": {
            "month": "2013-12",
            "price": "19.09",
            "revenue": 215733
        },
        "2014-01": {
            "month": "2014-01",
            "price": "19.96",
            "revenue": 141807
        },
        "2014-02": {
            "month": "2014-02",
            "price": "20.52",
            "revenue": 136787
        },
        "2014-03": {
            "month": "2014-03",
            "price": "20.60",
            "revenue": 199786
        },
        "2014-04": {
            "month": "2014-04",
            "price": "22.27",
            "revenue": 213580
        },
        "2014-05": {
            "month": "2014-05",
            "price": "23.41",
            "revenue": 210855
        },
        "2014-06": {
            "month": "2014-06",
            "price": "23.53",
            "revenue": 169986
        },
        "2014-07": {
            "month": "2014-07",
            "price": "23.86",
            "revenue": 211208
        },
        "2014-08": {
            "month": "2014-08",
            "price": "23.87",
            "revenue": 243445
        },
        "2014-09": {
            "month": "2014-09",
            "price": "24.38",
            "revenue": 216482
        },
        "2014-10": {
            "month": "2014-10",
            "price": "25.05",
            "revenue": 240281
        },
        "2014-11": {
            "month": "2014-11",
            "price": "24.85",
            "revenue": 226637
        },
        "2014-12": {
            "month": "2014-12",
            "price": "24.91",
            "revenue": 257756
        },
        "2015-01": {
            "month": "2015-01",
            "price": "25.47",
            "revenue": 178284
        },
        "2015-02": {
            "month": "2015-02",
            "price": "25.29",
            "revenue": 108751
        },
        "2015-03": {
            "month": "2015-03",
            "price": "25.54",
            "revenue": 224872
        },
        "2015-04": {
            "month": "2015-04",
            "price": "25.07",
            "revenue": 201276
        },
        "2015-05": {
            "month": "2015-05",
            "price": "24.74",
            "revenue": 209545
        },
        "2015-06": {
            "month": "2015-06",
            "price": "24.32",
            "revenue": 178833
        },
        "2015-07": {
            "month": "2015-07",
            "price": "24.05",
            "revenue": 186564
        },
        "2015-08": {
            "month": "2015-08",
            "price": "24.30",
            "revenue": 197661
        },
        "2015-09": {
            "month": "2015-09",
            "price": "23.38",
            "revenue": 195630
        },
        "2015-10": {
            "month": "2015-10",
            "price": "24.23",
            "revenue": 198460
        },
        "2015-11": {
            "month": "2015-11",
            "price": "29.38",
            "revenue": 187328
        },
        "2015-12": {
            "month": "2015-12",
            "price": "35.65",
            "revenue": 221335
        },
        "2016-01": {
            "month": "2016-01",
            "price": "34.70",
            "revenue": 163351
        },
        "2016-02": {
            "month": "2016-02",
            "price": "33.56",
            "revenue": 89427
        },
        "2016-03": {
            "month": "2016-03",
            "price": "34.06",
            "revenue": 192189
        },
        "2016-04": {
            "month": "2016-04",
            "price": "32.31",
            "revenue": 166988
        },
        "2016-05": {
            "month": "2016-05",
            "price": "24.89",
            "revenue": 150275
        },
        "2016-06": {
            "month": "2016-06",
            "price": "24.71",
            "revenue": 155013
        },
        "2016-07": {
            "month": "2016-07",
            "price": "23.15",
            "revenue": 170790
        },
        "2016-08": {
            "month": "2016-08",
            "price": "23.43",
            "revenue": 139259
        },
        "2016-09": {
            "month": "2016-09",
            "price": "23.26",
            "revenue": 152915
        },
        "2016-10": {
            "month": "2016-10",
            "price": "22.14",
            "revenue": 175049
        },
        "2016-11": {
            "month": "2016-11",
            "price": "20.94",
            "revenue": 191141
        },
        "2016-12": {
            "month": "2016-12",
            "price": "21.46",
            "revenue": 168663
        },
        "2017-01": {
            "month": "2017-01",
            "price": "21.44",
            "revenue": 132977
        },
        "2017-02": {
            "month": "2017-02",
            "price": "21.73",
            "revenue": 144413
        },
        "2017-03": {
            "month": "2017-03",
            "price": "22.28",
            "revenue": 202442
        },
        "2017-04": {
            "month": "2017-04",
            "price": "22.63",
            "revenue": 184738
        },
        "2017-05": {
            "month": "2017-05",
            "price": "22.58",
            "revenue": 138252
        },
        "2017-06": {
            "month": "2017-06",
            "price": "22.63",
            "revenue": 164870
        },
        "2017-07": {
            "month": "2017-07",
            "price": "21.26",
            "revenue": 167946
        },
        "2017-08": {
            "month": "2017-08",
            "price": "20.78",
            "revenue": 181487
        },
        "2017-09": {
            "month": "2017-09",
            "price": "20.98",
            "revenue": 202225
        },
        "2017-10": {
            "month": "2017-10",
            "price": "21.13",
            "revenue": 192973
        },
        "2017-11": {
            "month": "2017-11",
            "price": "21.15",
            "revenue": 208768
        },
        "2017-12": {
            "month": "2017-12",
            "price": "20.91",
            "revenue": 203122
        },
        "2018-01": {
            "month": "2018-01",
            "price": "21.15",
            "revenue": 172511
        },
        "2018-02": {
            "month": "2018-02",
            "price": "20.92",
            "revenue": 92470
        },
        "2018-03": {
            "month": "2018-03",
            "price": "20.96",
            "revenue": 197585
        },
        "2018-04": {
            "month": "2018-04",
            "price": "21.32",
            "revenue": 163600
        },
        "2018-05": {
            "month": "2018-05",
            "price": "21.05",
            "revenue": 182109
        },
        "2018-06": {
            "month": "2018-06",
            "price": "21.11",
            "revenue": 158112
        },
        "2018-07": {
            "month": "2018-07",
            "price": "21.22",
            "revenue": 158299
        },
        "2018-08": {
            "month": "2018-08",
            "price": "20.66",
            "revenue": 160024
        },
        "2018-09": {
            "month": "2018-09",
            "price": "20.32",
            "revenue": 165788
        },
        "2018-10": {
            "month": "2018-10",
            "price": "17.20",
            "revenue": 167911
        },
        "2018-11": {
            "month": "2018-11",
            "price": "15.93",
            "revenue": 160401
        },
        "2018-12": {
            "month": "2018-12",
            "price": "15.51",
            "revenue": 139878
        },
        "2019-01": {
            "month": "2019-01",
            "price": "15.39",
            "revenue": 160246
        },
        "2019-02": {
            "month": "2019-02",
            "price": "16.20",
            "revenue": 91896
        },
        "2019-03": {
            "month": "2019-03",
            "price": "16.40",
            "revenue": 152831
        },
        "2019-04": {
            "month": "2019-04",
            "price": "16.69",
            "revenue": 156968
        },
        "2019-05": {
            "month": "2019-05",
            "price": "16.77",
            "revenue": 150163
        },
        "2019-06": {
            "month": "2019-06",
            "price": "15.97",
            "revenue": 113330
        },
        "2019-07": {
            "month": "2019-07",
            "price": "15.97",
            "revenue": 126264
        },
        "2019-08": {
            "month": "2019-08",
            "price": "15.68",
            "revenue": 125250
        },
        "2019-09": {
            "month": "2019-09",
            "price": "15.07",
            "revenue": 126495
        },
        "2019-10": {
            "month": "2019-10",
            "price": "14.64",
            "revenue": 142029
        },
        "2019-11": {
            "month": "2019-11",
            "price": "14.64",
            "revenue": 133492
        },
        "2019-12": {
            "month": "2019-12",
            "price": "15.33",
            "revenue": 134975
        },
        "2020-01": {
            "month": "2020-01",
            "price": "16.07",
            "revenue": 113169
        },
        "2020-02": {
            "month": "2020-02",
            "price": "17.36",
            "revenue": 104443
        },
        "2020-03": {
            "month": "2020-03",
            "price": "17.35",
            "revenue": 160073
        },
        "2020-04": {
            "month": "2020-04",
            "price": "17.46",
            "revenue": 101553
        },
        "2020-05": {
            "month": "2020-05",
            "price": "17.02",
            "revenue": 87440
        },
        "2020-06": {
            "month": "2020-06",
            "price": "17.26",
            "revenue": 77665
        },
        "2020-07": {
            "month": "2020-07",
            "price": "17.12",
            "revenue": 100301
        },
        "2020-08": {
            "month": "2020-08",
            "price": "16.84",
            "revenue": 108532
        },
        "2020-09": {
            "month": "2020-09",
            "price": "15.70",
            "revenue": 124033
        },
        "2020-10": {
            "month": "2020-10",
            "price": "15.63",
            "revenue": 109407
        },
        "2020-11": {
            "month": "2020-11",
            "price": "15.80",
            "revenue": 143788
        },
        "2020-12": {
            "month": "2020-12",
            "price": "16.19",
            "revenue": 150568
        },
        "2021-01": {
            "month": "2021-01",
            "price": "16.58",
            "revenue": 129522
        },
        "2021-02": {
            "month": "2021-02",
            "price": "16.25",
            "revenue": 81815
        },
        "2021-03": {
            "month": "2021-03",
            "price": "16.49",
            "revenue": 162575
        },
        "2021-04": {
            "month": "2021-04",
            "price": "18.39",
            "revenue": 136020
        },
        "2021-05": {
            "month": "2021-05",
            "price": "17.63",
            "revenue": 115808
        },
        "2021-06": {
            "month": "2021-06",
            "price": "17.92",
            "revenue": 125878
        },
        "2021-07": {
            "month": "2021-07",
            "price": "18.23",
            "revenue": 119189
        },
        "2021-08": {
            "month": "2021-08",
            "price": "19.18",
            "revenue": 129490
        },
        "2021-09": {
            "month": "2021-09",
            "price": "24.84",
            "revenue": 109335
        },
        "2021-10": {
            "month": "2021-10",
            "price": "22.98",
            "revenue": 110025
        },
        "2021-11": {
            "month": "2021-11",
            "price": "22.86",
            "revenue": 122139
        },
        "2021-12": {
            "month": "2021-12",
            "price": "21.50",
            "revenue": 134270
        },
        "2022-01": {
            "month": "2022-01",
            "price": "20.88",
            "revenue": 112031
        },
        "2022-02": {
            "month": "2022-02",
            "price": "20.72",
            "revenue": 120723
        },
        "2022-03": {
            "month": "2022-03",
            "price": "21.28",
            "revenue": 184762
        },
        "2022-04": {
            "month": "2022-04",
            "price": "21.49",
            "revenue": 149829
        },
        "2022-05": {
            "month": "2022-05",
            "price": "19.94",
            "revenue": 117032
        },
        "2022-06": {
            "month": "2022-06",
            "price": "19.90",
            "revenue": 105956
        },
        "2022-07": {
            "month": "2022-07",
            "price": "18.92",
            "revenue": 101105
        },
        "2022-08": {
            "month": "2022-08",
            "price": "19.32",
            "revenue": 126953
        },
        "2022-09": {
            "month": "2022-09",
            "price": "17.91",
            "revenue": 104345
        },
        "2022-10": {
            "month": "2022-10",
            "price": "17.03",
            "revenue": 109699
        },
        "2022-11": {
            "month": "2022-11",
            "price": "16.47",
            "revenue": 109650
        },
        "2022-12": {
            "month": "2022-12",
            "price": "16.68",
            "revenue": 105944
        },
        "2023-01": {
            "month": "2023-01",
            "price": "16.59",
            "revenue": 103456
        },
        "2023-02": {
            "month": "2023-02",
            "price": "16.86",
            "revenue": 101502
        },
        "2023-03": {
            "month": "2023-03",
            "price": "16.87",
            "revenue": 114228
        },
        "2023-04": {
            "month": "2023-04",
            "price": "17.36",
            "revenue": 77646
        },
        "2023-05": {
            "month": "2023-05",
            "price": "19.77",
            "revenue": 80995
        }
    }
}
