{
    "summary": {
        "stock_name": "生泰",
        "stock_id": "1777",
        "category": "生技醫療",
        "main_business": "中.西及動物藥品、環境衛生藥品及化妝品之製造加工及販賣業務<br>各種試藥.食品添加物.香料.界面活性劑之製造加工及販賣業務",
        "website_url": "http://www.syn-tech.com.tw",
        "ceo": "蕭振明",
        "pe_ratio": 15,
        "report_year_from": 2002,
        "report_year_to": 2023,
        "age": 22,
        "eps_negative_percentage": 0,
        "eps_growth_avg": {
            "last_all": 16.04,
            "last_2y": 6.19,
            "last_4y": 7.85,
            "last_8y": 9.49,
            "last_12y": 12.16,
            "last_16y": 11.4,
            "last_20y": null,
            "at_2006_last_3y": null,
            "at_2007_last_3y": 19.77,
            "at_2008_last_3y": 25.13,
            "at_2009_last_3y": -1.56,
            "at_2010_last_3y": 8.94,
            "at_2011_last_3y": 12.94,
            "at_2012_last_3y": -1.28,
            "at_2013_last_3y": 17.43,
            "at_2014_last_3y": 18.15,
            "at_2015_last_3y": 27.81,
            "at_2016_last_3y": 33.23,
            "at_2017_last_3y": 0.62,
            "at_2018_last_3y": 11.55,
            "at_2019_last_3y": 10.78,
            "at_2020_last_3y": 14.59,
            "at_2021_last_3y": 19.05,
            "at_2022_last_3y": 9.85,
            "at_2023_last_3y": 8.88,
            "at_2024_last_3y": 8.88,
            "at_2006_last_all": 42.32,
            "at_2007_last_all": 19.77,
            "at_2008_last_all": 23.21,
            "at_2009_last_all": 18.22,
            "at_2010_last_all": 23.24,
            "at_2011_last_all": 16.36,
            "at_2012_last_all": 12.33,
            "at_2013_last_all": 17.9,
            "at_2014_last_all": 21.39,
            "at_2015_last_all": 20.18,
            "at_2016_last_all": 18.76,
            "at_2017_last_all": 12.97,
            "at_2018_last_all": 18.77,
            "at_2019_last_all": 17.83,
            "at_2020_last_all": 17.78,
            "at_2021_last_all": 14.32,
            "at_2022_last_all": 16.89,
            "at_2023_last_all": 16.04,
            "at_2024_last_all": 16.04
        },
        "latest_eps": 5.63,
        "latest_price": 83.5,
        "latest_roe": 11.11,
        "latest_gross_margin": 35.13,
        "latest_equity": 2317409,
        "latest_revenue": 271893,
        "latest_gross_profit": 95507,
        "latest_net_income": 25473,
        "latest_debt_ratio": 20.11,
        "latest_current_ratio": 280.12,
        "latest_account_receivable_turnover_ratio": 1.75,
        "latest_inventory_turnover_ratio": 0.4,
        "latest_reinvestment_rate": 90.59,
        "latest_research_to_sale_ratio": 3.32
    },
    "eps_dividends": {
        "2001": {
            "cash": 0,
            "stock": 0,
            "eps": 0
        },
        "2002": {
            "cash": 0,
            "stock": 0,
            "eps": 0
        },
        "2003": {
            "cash": 1,
            "stock": 0.5,
            "eps": 0.9
        },
        "2004": {
            "cash": 1.6,
            "stock": 0,
            "eps": 1.04
        },
        "2005": {
            "cash": 1.7,
            "stock": 0,
            "eps": 2.98
        },
        "2006": {
            "cash": 2,
            "stock": 0,
            "eps": 3.32
        },
        "2007": {
            "cash": 2.4,
            "stock": 0,
            "eps": 1.73
        },
        "2008": {
            "cash": 1.52,
            "stock": 0,
            "eps": 2.37
        },
        "2009": {
            "cash": 0.8,
            "stock": 1,
            "eps": 2.21
        },
        "2010": {
            "cash": 1.7,
            "stock": 0,
            "eps": 3.39
        },
        "2011": {
            "cash": 2.3,
            "stock": 0,
            "eps": 2.31
        },
        "2012": {
            "cash": 1,
            "stock": 0.5,
            "eps": 1.85
        },
        "2013": {
            "cash": 1.3,
            "stock": 0,
            "eps": 3.11
        },
        "2014": {
            "cash": 2,
            "stock": 0,
            "eps": 4.86
        },
        "2015": {
            "cash": 3,
            "stock": 0,
            "eps": 5.19
        },
        "2016": {
            "cash": 3.5,
            "stock": 0,
            "eps": 5.28
        },
        "2017": {
            "cash": 3.5,
            "stock": 0,
            "eps": 1.99
        },
        "2018": {
            "cash": 1.75,
            "stock": 0,
            "eps": 5.12
        },
        "2019": {
            "cash": 3.3,
            "stock": 0,
            "eps": 5.31
        },
        "2020": {
            "cash": 3.5,
            "stock": 0,
            "eps": 6.21
        },
        "2021": {
            "cash": 4,
            "stock": 0,
            "eps": 3.45
        },
        "2022": {
            "cash": 2.15,
            "stock": 0,
            "eps": 5.63
        },
        "2023": {
            "cash": 3,
            "stock": 0,
            "eps": 5.62
        },
        "2024": {
            "cash": 3.5,
            "stock": 0,
            "eps": 0
        }
    },
    "dividends": {
        "2003-06-26": {
            "cash": 1,
            "stock": 0.5
        },
        "2004-04-21": {
            "cash": 1.6,
            "stock": 0
        },
        "2005-04-04": {
            "cash": 1.7,
            "stock": 0
        },
        "2006-04-24": {
            "cash": 2,
            "stock": 0
        },
        "2007-04-20": {
            "cash": 2.4,
            "stock": 0
        },
        "2008-04-24": {
            "cash": 1.52,
            "stock": 0
        },
        "2009-04-22": {
            "cash": 0.8,
            "stock": 1
        },
        "2010-04-21": {
            "cash": 1.7,
            "stock": 0
        },
        "2011-04-22": {
            "cash": 2.3,
            "stock": 0
        },
        "2012-03-14": {
            "cash": 1,
            "stock": 0.5
        },
        "2013-06-18": {
            "cash": 1.3,
            "stock": 0
        },
        "2014-08-22": {
            "cash": 2,
            "stock": 0
        },
        "2015-08-27": {
            "cash": 3,
            "stock": 0
        },
        "2016-08-25": {
            "cash": 3.5,
            "stock": 0
        },
        "2017-08-24": {
            "cash": 3.5,
            "stock": 0
        },
        "2018-08-24": {
            "cash": 1.75,
            "stock": 0
        },
        "2019-08-23": {
            "cash": 3.3,
            "stock": 0
        },
        "2020-08-21": {
            "cash": 3.5,
            "stock": 0
        },
        "2021-10-07": {
            "cash": 4,
            "stock": 0
        },
        "2022-08-19": {
            "cash": 2.15,
            "stock": 0
        },
        "2023-08-18": {
            "cash": 3,
            "stock": 0
        },
        "2024-02-26": {
            "cash": 3.5,
            "stock": 0
        }
    },
    "prices": {
        "200101": "無",
        "200102": "無",
        "200103": "無",
        "200104": "無",
        "200105": "無",
        "200106": "無",
        "200107": "無",
        "200108": "無",
        "200109": "無",
        "200110": "無",
        "200111": "無",
        "200112": "無",
        "200201": "無",
        "200202": "無",
        "200203": "無",
        "200204": "無",
        "200205": "無",
        "200206": "無",
        "200207": "無",
        "200208": "無",
        "200209": "無",
        "200210": "無",
        "200211": "無",
        "200212": "無",
        "200301": "無",
        "200302": "無",
        "200303": "無",
        "200304": "無",
        "200305": "無",
        "200306": "無",
        "200307": "無",
        "200308": "無",
        "200309": "無",
        "200310": "無",
        "200311": "無",
        "200312": "無",
        "200401": "無",
        "200402": "無",
        "200403": "無",
        "200404": "無",
        "200405": "23.00",
        "200406": "無",
        "200407": "22.93",
        "200408": "22.95",
        "200409": "無",
        "200410": "21.01",
        "200411": "21.07",
        "200412": "21.05",
        "200501": "21.05",
        "200502": "20.91",
        "200503": "23.09",
        "200504": "23.93",
        "200505": "22.40",
        "200506": "22.40",
        "200507": "無",
        "200508": "23.94",
        "200509": "23.91",
        "200510": "25.03",
        "200511": "26.37",
        "200512": "26.38",
        "200601": "27.01",
        "200602": "26.77",
        "200603": "26.30",
        "200604": "25.62",
        "200605": "25.66",
        "200606": "24.40",
        "200607": "23.08",
        "200608": "22.89",
        "200609": "22.82",
        "200610": "23.63",
        "200611": "27.29",
        "200612": "31.40",
        "200701": "33.40",
        "200702": "33.37",
        "200703": "33.94",
        "200704": "35.44",
        "200705": "34.69",
        "200706": "36.38",
        "200707": "50.45",
        "200708": "39.99",
        "200709": "39.18",
        "200710": "36.44",
        "200711": "28.69",
        "200712": "26.56",
        "200801": "24.80",
        "200802": "26.98",
        "200803": "29.82",
        "200804": "35.55",
        "200805": "35.91",
        "200806": "31.58",
        "200807": "31.18",
        "200808": "34.41",
        "200809": "31.24",
        "200810": "26.13",
        "200811": "24.89",
        "200812": "24.84",
        "200901": "25.80",
        "200902": "25.99",
        "200903": "28.33",
        "200904": "33.78",
        "200905": "37.47",
        "200906": "36.76",
        "200907": "44.97",
        "200908": "42.23",
        "200909": "42.51",
        "200910": "40.52",
        "200911": "38.71",
        "200912": "39.35",
        "201001": "37.99",
        "201002": "34.86",
        "201003": "36.92",
        "201004": "40.46",
        "201005": "42.59",
        "201006": "42.11",
        "201007": "44.05",
        "201008": "51.90",
        "201009": "62.99",
        "201010": "69.50",
        "201011": "65.04",
        "201012": "61.66",
        "201101": "58.50",
        "201102": "59.39",
        "201103": "60.43",
        "201104": "61.79",
        "201105": "59.69",
        "201106": "51.63",
        "201107": "48.86",
        "201108": "42.60",
        "201109": "43.08",
        "201110": "42.35",
        "201111": "42.03",
        "201112": "39.52",
        "201201": "41.39",
        "201202": "47.47",
        "201203": "50.79",
        "201204": "49.46",
        "201205": "47.47",
        "201206": "44.26",
        "201207": "45.55",
        "201208": "45.35",
        "201209": "45.17",
        "201210": "46.48",
        "201211": "42.86",
        "201212": "46.15",
        "201301": "46.04",
        "201302": "46.93",
        "201303": "47.63",
        "201304": "47.11",
        "201305": "50.72",
        "201306": "60.56",
        "201307": "56.61",
        "201308": "59.98",
        "201309": "59.62",
        "201310": "57.25",
        "201311": "56.22",
        "201312": "56.76",
        "201401": "55.47",
        "201402": "56.77",
        "201403": "58.51",
        "201404": "61.05",
        "201405": "69.11",
        "201406": "80.04",
        "201407": "77.20",
        "201408": "68.40",
        "201409": "70.26",
        "201410": "63.89",
        "201411": "66.06",
        "201412": "70.61",
        "201501": "69.36",
        "201502": "69.58",
        "201503": "75.05",
        "201504": "80.01",
        "201505": "77.03",
        "201506": "76.21",
        "201507": "77.01",
        "201508": "70.58",
        "201509": "72.84",
        "201510": "75.40",
        "201511": "82.75",
        "201512": "86.31",
        "201601": "82.65",
        "201602": "85.12",
        "201603": "92.12",
        "201604": "94.02",
        "201605": "93.14",
        "201606": "100.97",
        "201607": "103.10",
        "201608": "96.81",
        "201609": "99.37",
        "201610": "95.86",
        "201611": "97.43",
        "201612": "98.23",
        "201701": "94.64",
        "201702": "94.48",
        "201703": "98.13",
        "201704": "92.99",
        "201705": "87.89",
        "201706": "88.28",
        "201707": "89.65",
        "201708": "86.84",
        "201709": "88.60",
        "201710": "87.11",
        "201711": "80.36",
        "201712": "72.70",
        "201801": "70.80",
        "201802": "70.32",
        "201803": "73.57",
        "201804": "78.51",
        "201805": "79.87",
        "201806": "78.80",
        "201807": "78.48",
        "201808": "78.94",
        "201809": "79.57",
        "201810": "78.72",
        "201811": "79.27",
        "201812": "78.04",
        "201901": "77.93",
        "201902": "78.28",
        "201903": "77.86",
        "201904": "77.40",
        "201905": "76.99",
        "201906": "78.45",
        "201907": "79.13",
        "201908": "74.60",
        "201909": "75.14",
        "201910": "79.74",
        "201911": "83.31",
        "201912": "82.86",
        "202001": "81.88",
        "202002": "79.29",
        "202003": "74.71",
        "202004": "75.91",
        "202005": "84.62",
        "202006": "88.86",
        "202007": "86.50",
        "202008": "83.07",
        "202009": "76.75",
        "202010": "73.47",
        "202011": "75.20",
        "202012": "76.25",
        "202101": "74.08",
        "202102": "75.39",
        "202103": "90.02",
        "202104": "104.81",
        "202105": "88.83",
        "202106": "79.61",
        "202107": "75.74",
        "202108": "71.80",
        "202109": "71.46",
        "202110": "68.42",
        "202111": "69.71",
        "202112": "65.10",
        "202201": "65.96",
        "202202": "66.91",
        "202203": "66.19",
        "202204": "65.44",
        "202205": "64.23",
        "202206": "65.78",
        "202207": "65.29",
        "202208": "69.24",
        "202209": "74.16",
        "202210": "77.18",
        "202211": "77.87",
        "202212": "84.34",
        "202301": "82.08",
        "202302": "86.23",
        "202303": "85.06",
        "202304": "86.34",
        "202305": "89.54",
        "202306": "88.88",
        "202307": "86.11",
        "202308": "85.52",
        "202309": "88.44",
        "202310": "85.23",
        "202311": "85.36",
        "202312": "86.19"
    },
    "quarters": {
        "20011": {
            "year_quarter": 20011,
            "year": 2001,
            "quarter": 1,
            "eps": null,
            "eps_growth_year": null,
            "eps_4q": null,
            "eps_4q_growth_year": null,
            "roe": null,
            "roe_4q": 0,
            "gross_profit": null,
            "gross_margin": null,
            "gross_margin_4q_avg": 0,
            "net_income": null,
            "net_income_4q": null,
            "revenue": null,
            "revenue_4q": null,
            "common_shares": null,
            "book_valuer_per_share": null,
            "book_valuer_per_share_4q_avg": 0,
            "equity": null,
            "current_ratio": null,
            "debt_ratio": null,
            "inventory_turnover_ratio": null,
            "account_receivable_turnover_ratio": null,
            "reinvestment_rate": null,
            "research_to_sale_ratio": null,
            "price_fair": 0,
            "eps_avg_yearly": 0,
            "eps_latest_yearly": 0,
            "eps_growth_yearly": 0
        },
        "20012": {
            "year_quarter": 20012,
            "year": 2001,
            "quarter": 2,
            "eps": null,
            "eps_growth_year": null,
            "eps_4q": null,
            "eps_4q_growth_year": null,
            "roe": null,
            "roe_4q": 0,
            "gross_profit": null,
            "gross_margin": null,
            "gross_margin_4q_avg": 0,
            "net_income": null,
            "net_income_4q": null,
            "revenue": null,
            "revenue_4q": null,
            "common_shares": null,
            "book_valuer_per_share": null,
            "book_valuer_per_share_4q_avg": 0,
            "equity": null,
            "current_ratio": null,
            "debt_ratio": null,
            "inventory_turnover_ratio": null,
            "account_receivable_turnover_ratio": null,
            "reinvestment_rate": null,
            "research_to_sale_ratio": null,
            "price_fair": 0,
            "eps_avg_yearly": 0,
            "eps_latest_yearly": 0,
            "eps_growth_yearly": 0
        },
        "20013": {
            "year_quarter": 20013,
            "year": 2001,
            "quarter": 3,
            "eps": null,
            "eps_growth_year": null,
            "eps_4q": null,
            "eps_4q_growth_year": null,
            "roe": null,
            "roe_4q": 0,
            "gross_profit": null,
            "gross_margin": null,
            "gross_margin_4q_avg": 0,
            "net_income": null,
            "net_income_4q": null,
            "revenue": null,
            "revenue_4q": null,
            "common_shares": null,
            "book_valuer_per_share": null,
            "book_valuer_per_share_4q_avg": 0,
            "equity": null,
            "current_ratio": null,
            "debt_ratio": null,
            "inventory_turnover_ratio": null,
            "account_receivable_turnover_ratio": null,
            "reinvestment_rate": null,
            "research_to_sale_ratio": null,
            "price_fair": 0,
            "eps_avg_yearly": 0,
            "eps_latest_yearly": 0,
            "eps_growth_yearly": 0
        },
        "20014": {
            "year_quarter": 20014,
            "year": 2001,
            "quarter": 4,
            "eps": null,
            "eps_growth_year": null,
            "eps_4q": null,
            "eps_4q_growth_year": null,
            "roe": null,
            "roe_4q": 0,
            "gross_profit": null,
            "gross_margin": null,
            "gross_margin_4q_avg": 0,
            "net_income": null,
            "net_income_4q": null,
            "revenue": null,
            "revenue_4q": null,
            "common_shares": 150000,
            "book_valuer_per_share": 14.19,
            "book_valuer_per_share_4q_avg": 3.55,
            "equity": 212808,
            "current_ratio": 345.98,
            "debt_ratio": 24.29,
            "inventory_turnover_ratio": null,
            "account_receivable_turnover_ratio": null,
            "reinvestment_rate": null,
            "research_to_sale_ratio": null,
            "price_fair": 0,
            "eps_avg_yearly": 0,
            "eps_latest_yearly": 0,
            "eps_growth_yearly": 0
        },
        "20021": {
            "year_quarter": 20021,
            "year": 2002,
            "quarter": 1,
            "eps": null,
            "eps_growth_year": null,
            "eps_4q": null,
            "eps_4q_growth_year": null,
            "roe": null,
            "roe_4q": 0,
            "gross_profit": null,
            "gross_margin": null,
            "gross_margin_4q_avg": 0,
            "net_income": null,
            "net_income_4q": null,
            "revenue": null,
            "revenue_4q": null,
            "common_shares": null,
            "book_valuer_per_share": null,
            "book_valuer_per_share_4q_avg": 3.55,
            "equity": null,
            "current_ratio": null,
            "debt_ratio": null,
            "inventory_turnover_ratio": null,
            "account_receivable_turnover_ratio": null,
            "reinvestment_rate": null,
            "research_to_sale_ratio": null,
            "price_fair": 0,
            "eps_avg_yearly": 0,
            "eps_latest_yearly": 0,
            "eps_growth_yearly": 0
        },
        "20022": {
            "year_quarter": 20022,
            "year": 2002,
            "quarter": 2,
            "eps": null,
            "eps_growth_year": null,
            "eps_4q": null,
            "eps_4q_growth_year": null,
            "roe": null,
            "roe_4q": 0,
            "gross_profit": null,
            "gross_margin": null,
            "gross_margin_4q_avg": 0,
            "net_income": null,
            "net_income_4q": null,
            "revenue": null,
            "revenue_4q": null,
            "common_shares": null,
            "book_valuer_per_share": null,
            "book_valuer_per_share_4q_avg": 3.55,
            "equity": null,
            "current_ratio": null,
            "debt_ratio": null,
            "inventory_turnover_ratio": null,
            "account_receivable_turnover_ratio": null,
            "reinvestment_rate": null,
            "research_to_sale_ratio": null,
            "price_fair": 0,
            "eps_avg_yearly": 0,
            "eps_latest_yearly": 0,
            "eps_growth_yearly": 0
        },
        "20023": {
            "year_quarter": 20023,
            "year": 2002,
            "quarter": 3,
            "eps": null,
            "eps_growth_year": null,
            "eps_4q": null,
            "eps_4q_growth_year": null,
            "roe": null,
            "roe_4q": 0,
            "gross_profit": null,
            "gross_margin": null,
            "gross_margin_4q_avg": 0,
            "net_income": null,
            "net_income_4q": null,
            "revenue": null,
            "revenue_4q": null,
            "common_shares": null,
            "book_valuer_per_share": null,
            "book_valuer_per_share_4q_avg": 3.55,
            "equity": null,
            "current_ratio": null,
            "debt_ratio": null,
            "inventory_turnover_ratio": null,
            "account_receivable_turnover_ratio": null,
            "reinvestment_rate": null,
            "research_to_sale_ratio": null,
            "price_fair": 0,
            "eps_avg_yearly": 0,
            "eps_latest_yearly": 0,
            "eps_growth_yearly": 0
        },
        "20024": {
            "year_quarter": 20024,
            "year": 2002,
            "quarter": 4,
            "eps": null,
            "eps_growth_year": null,
            "eps_4q": null,
            "eps_4q_growth_year": null,
            "roe": null,
            "roe_4q": 0,
            "gross_profit": null,
            "gross_margin": null,
            "gross_margin_4q_avg": 0,
            "net_income": null,
            "net_income_4q": null,
            "revenue": null,
            "revenue_4q": null,
            "common_shares": 185000,
            "book_valuer_per_share": 14.92,
            "book_valuer_per_share_4q_avg": 3.73,
            "equity": 275936,
            "current_ratio": 404.76,
            "debt_ratio": 21.93,
            "inventory_turnover_ratio": null,
            "account_receivable_turnover_ratio": null,
            "reinvestment_rate": null,
            "research_to_sale_ratio": null,
            "price_fair": 0,
            "eps_avg_yearly": 0,
            "eps_latest_yearly": 0,
            "eps_growth_yearly": 0
        },
        "20031": {
            "year_quarter": 20031,
            "year": 2003,
            "quarter": 1,
            "eps": null,
            "eps_growth_year": null,
            "eps_4q": null,
            "eps_4q_growth_year": null,
            "roe": null,
            "roe_4q": 0,
            "gross_profit": null,
            "gross_margin": null,
            "gross_margin_4q_avg": 0,
            "net_income": null,
            "net_income_4q": null,
            "revenue": null,
            "revenue_4q": null,
            "common_shares": null,
            "book_valuer_per_share": null,
            "book_valuer_per_share_4q_avg": 3.73,
            "equity": null,
            "current_ratio": null,
            "debt_ratio": null,
            "inventory_turnover_ratio": null,
            "account_receivable_turnover_ratio": null,
            "reinvestment_rate": null,
            "research_to_sale_ratio": null,
            "price_fair": 0,
            "eps_avg_yearly": 0,
            "eps_latest_yearly": 0,
            "eps_growth_yearly": 0
        },
        "20032": {
            "year_quarter": 20032,
            "year": 2003,
            "quarter": 2,
            "eps": null,
            "eps_growth_year": null,
            "eps_4q": null,
            "eps_4q_growth_year": null,
            "roe": null,
            "roe_4q": 0,
            "gross_profit": null,
            "gross_margin": null,
            "gross_margin_4q_avg": 0,
            "net_income": null,
            "net_income_4q": null,
            "revenue": null,
            "revenue_4q": null,
            "common_shares": null,
            "book_valuer_per_share": null,
            "book_valuer_per_share_4q_avg": 3.73,
            "equity": null,
            "current_ratio": null,
            "debt_ratio": null,
            "inventory_turnover_ratio": null,
            "account_receivable_turnover_ratio": null,
            "reinvestment_rate": null,
            "research_to_sale_ratio": null,
            "price_fair": 0,
            "eps_avg_yearly": 0,
            "eps_latest_yearly": 0,
            "eps_growth_yearly": 0
        },
        "20033": {
            "year_quarter": 20033,
            "year": 2003,
            "quarter": 3,
            "eps": 0.54,
            "eps_growth_year": null,
            "eps_4q": null,
            "eps_4q_growth_year": null,
            "roe": 3.65,
            "roe_4q": 3.65,
            "gross_profit": 16256,
            "gross_margin": 37.36,
            "gross_margin_4q_avg": 9.34,
            "net_income": 10489,
            "net_income_4q": null,
            "revenue": 43514,
            "revenue_4q": null,
            "common_shares": 194250,
            "book_valuer_per_share": 14.78,
            "book_valuer_per_share_4q_avg": 7.43,
            "equity": 287112,
            "current_ratio": 514.68,
            "debt_ratio": 18.39,
            "inventory_turnover_ratio": 0.48,
            "account_receivable_turnover_ratio": null,
            "reinvestment_rate": null,
            "research_to_sale_ratio": null,
            "price_fair": 0,
            "eps_avg_yearly": 0,
            "eps_latest_yearly": 0,
            "eps_growth_yearly": 0
        },
        "20034": {
            "year_quarter": 20034,
            "year": 2003,
            "quarter": 4,
            "eps": 0.36,
            "eps_growth_year": null,
            "eps_4q": null,
            "eps_4q_growth_year": null,
            "roe": 2.42,
            "roe_4q": 6.07,
            "gross_profit": 19637,
            "gross_margin": 46.41,
            "gross_margin_4q_avg": 20.94,
            "net_income": 7035,
            "net_income_4q": null,
            "revenue": 42316,
            "revenue_4q": null,
            "common_shares": 194250,
            "book_valuer_per_share": 15.14,
            "book_valuer_per_share_4q_avg": 7.48,
            "equity": 294147,
            "current_ratio": 506.61,
            "debt_ratio": 18.95,
            "inventory_turnover_ratio": 0.39,
            "account_receivable_turnover_ratio": null,
            "reinvestment_rate": null,
            "research_to_sale_ratio": null,
            "price_fair": 4.32,
            "eps_avg_yearly": 1.44,
            "eps_latest_yearly": 1.44,
            "eps_growth_yearly": -133.33
        },
        "20041": {
            "year_quarter": 20041,
            "year": 2004,
            "quarter": 1,
            "eps": null,
            "eps_growth_year": null,
            "eps_4q": null,
            "eps_4q_growth_year": null,
            "roe": null,
            "roe_4q": 6.07,
            "gross_profit": null,
            "gross_margin": null,
            "gross_margin_4q_avg": 20.94,
            "net_income": null,
            "net_income_4q": null,
            "revenue": null,
            "revenue_4q": null,
            "common_shares": null,
            "book_valuer_per_share": null,
            "book_valuer_per_share_4q_avg": 7.48,
            "equity": null,
            "current_ratio": null,
            "debt_ratio": null,
            "inventory_turnover_ratio": null,
            "account_receivable_turnover_ratio": null,
            "reinvestment_rate": null,
            "research_to_sale_ratio": null,
            "price_fair": 4.32,
            "eps_avg_yearly": 1.44,
            "eps_latest_yearly": 1.44,
            "eps_growth_yearly": -133.33
        },
        "20042": {
            "year_quarter": 20042,
            "year": 2004,
            "quarter": 2,
            "eps": null,
            "eps_growth_year": null,
            "eps_4q": null,
            "eps_4q_growth_year": null,
            "roe": null,
            "roe_4q": 6.07,
            "gross_profit": null,
            "gross_margin": null,
            "gross_margin_4q_avg": 20.94,
            "net_income": null,
            "net_income_4q": null,
            "revenue": null,
            "revenue_4q": null,
            "common_shares": null,
            "book_valuer_per_share": null,
            "book_valuer_per_share_4q_avg": 7.48,
            "equity": null,
            "current_ratio": null,
            "debt_ratio": null,
            "inventory_turnover_ratio": null,
            "account_receivable_turnover_ratio": null,
            "reinvestment_rate": null,
            "research_to_sale_ratio": null,
            "price_fair": 4.32,
            "eps_avg_yearly": 1.44,
            "eps_latest_yearly": 1.44,
            "eps_growth_yearly": -133.33
        },
        "20043": {
            "year_quarter": 20043,
            "year": 2004,
            "quarter": 3,
            "eps": 0.55,
            "eps_growth_year": 1.85,
            "eps_4q": null,
            "eps_4q_growth_year": null,
            "roe": 3.66,
            "roe_4q": 6.08,
            "gross_profit": 24418,
            "gross_margin": 50.37,
            "gross_margin_4q_avg": 24.2,
            "net_income": 10665,
            "net_income_4q": null,
            "revenue": 48479,
            "revenue_4q": null,
            "common_shares": 194250,
            "book_valuer_per_share": 15.02,
            "book_valuer_per_share_4q_avg": 7.54,
            "equity": 291791,
            "current_ratio": 621.37,
            "debt_ratio": 16.99,
            "inventory_turnover_ratio": 0.38,
            "account_receivable_turnover_ratio": null,
            "reinvestment_rate": null,
            "research_to_sale_ratio": null,
            "price_fair": 4.32,
            "eps_avg_yearly": 1.44,
            "eps_latest_yearly": 1.44,
            "eps_growth_yearly": -133.33
        },
        "20044": {
            "year_quarter": 20044,
            "year": 2004,
            "quarter": 4,
            "eps": 0.49,
            "eps_growth_year": 36.11,
            "eps_4q": null,
            "eps_4q_growth_year": null,
            "roe": 3.21,
            "roe_4q": 6.87,
            "gross_profit": 23776,
            "gross_margin": 46.59,
            "gross_margin_4q_avg": 24.24,
            "net_income": 9519,
            "net_income_4q": null,
            "revenue": 51033,
            "revenue_4q": null,
            "common_shares": 194250,
            "book_valuer_per_share": 15.51,
            "book_valuer_per_share_4q_avg": 7.63,
            "equity": 301310,
            "current_ratio": 514.2,
            "debt_ratio": 18.53,
            "inventory_turnover_ratio": 0.45,
            "account_receivable_turnover_ratio": null,
            "reinvestment_rate": null,
            "research_to_sale_ratio": null,
            "price_fair": 5.1,
            "eps_avg_yearly": 1.7,
            "eps_latest_yearly": 1.96,
            "eps_growth_yearly": -88.48
        },
        "20051": {
            "year_quarter": 20051,
            "year": 2005,
            "quarter": 1,
            "eps": 0.69,
            "eps_growth_year": null,
            "eps_4q": null,
            "eps_4q_growth_year": null,
            "roe": 4.32,
            "roe_4q": 11.190000000000001,
            "gross_profit": 25139,
            "gross_margin": 43.08,
            "gross_margin_4q_avg": 35.01,
            "net_income": 13314,
            "net_income_4q": null,
            "revenue": 58360,
            "revenue_4q": null,
            "common_shares": 194250,
            "book_valuer_per_share": 16.2,
            "book_valuer_per_share_4q_avg": 11.68,
            "equity": 314624,
            "current_ratio": 724.89,
            "debt_ratio": 15.04,
            "inventory_turnover_ratio": 0.53,
            "account_receivable_turnover_ratio": null,
            "reinvestment_rate": null,
            "research_to_sale_ratio": null,
            "price_fair": 6.16,
            "eps_avg_yearly": 2.05,
            "eps_latest_yearly": 2.76,
            "eps_growth_yearly": -4.57
        },
        "20052": {
            "year_quarter": 20052,
            "year": 2005,
            "quarter": 2,
            "eps": 0.67,
            "eps_growth_year": null,
            "eps_4q": 2.41,
            "eps_4q_growth_year": null,
            "roe": 4.25,
            "roe_4q": 15.440000000000001,
            "gross_profit": 32568,
            "gross_margin": 44.55,
            "gross_margin_4q_avg": 46.15,
            "net_income": 12931,
            "net_income_4q": null,
            "revenue": 73107,
            "revenue_4q": null,
            "common_shares": 194250,
            "book_valuer_per_share": 15.13,
            "book_valuer_per_share_4q_avg": 15.47,
            "equity": 293833,
            "current_ratio": 334.99,
            "debt_ratio": 24.7,
            "inventory_turnover_ratio": 0.55,
            "account_receivable_turnover_ratio": null,
            "reinvestment_rate": null,
            "research_to_sale_ratio": null,
            "price_fair": 6.63,
            "eps_avg_yearly": 2.21,
            "eps_latest_yearly": 2.68,
            "eps_growth_yearly": -6.32
        },
        "20053": {
            "year_quarter": 20053,
            "year": 2005,
            "quarter": 3,
            "eps": 0.81,
            "eps_growth_year": 47.27,
            "eps_4q": 2.64,
            "eps_4q_growth_year": null,
            "roe": 5.24,
            "roe_4q": 17.02,
            "gross_profit": 30543,
            "gross_margin": 43.62,
            "gross_margin_4q_avg": 44.46,
            "net_income": 15802,
            "net_income_4q": null,
            "revenue": 70026,
            "revenue_4q": null,
            "common_shares": 194250,
            "book_valuer_per_share": 15.94,
            "book_valuer_per_share_4q_avg": 15.7,
            "equity": 309635,
            "current_ratio": 515.41,
            "debt_ratio": 18.27,
            "inventory_turnover_ratio": 0.48,
            "account_receivable_turnover_ratio": null,
            "reinvestment_rate": null,
            "research_to_sale_ratio": null,
            "price_fair": 52.32,
            "eps_avg_yearly": 2.42,
            "eps_latest_yearly": 3.24,
            "eps_growth_yearly": 11.66
        },
        "20054": {
            "year_quarter": 20054,
            "year": 2005,
            "quarter": 4,
            "eps": 0.81,
            "eps_growth_year": 65.31,
            "eps_4q": 2.92,
            "eps_4q_growth_year": null,
            "roe": 4.81,
            "roe_4q": 18.62,
            "gross_profit": 37630,
            "gross_margin": 46.32,
            "gross_margin_4q_avg": 44.39,
            "net_income": 16157,
            "net_income_4q": null,
            "revenue": 81236,
            "revenue_4q": null,
            "common_shares": 216100,
            "book_valuer_per_share": 16.79,
            "book_valuer_per_share_4q_avg": 16.02,
            "equity": 362864,
            "current_ratio": 577.32,
            "debt_ratio": 17.15,
            "inventory_turnover_ratio": 0.52,
            "account_receivable_turnover_ratio": null,
            "reinvestment_rate": null,
            "research_to_sale_ratio": null,
            "price_fair": 50.34,
            "eps_avg_yearly": 2.55,
            "eps_latest_yearly": 3.24,
            "eps_growth_yearly": 9.71
        },
        "20061": {
            "year_quarter": 20061,
            "year": 2006,
            "quarter": 1,
            "eps": 0.75,
            "eps_growth_year": 8.7,
            "eps_4q": 2.81,
            "eps_4q_growth_year": null,
            "roe": 4.39,
            "roe_4q": 18.689999999999998,
            "gross_profit": 32532,
            "gross_margin": 46.63,
            "gross_margin_4q_avg": 45.28,
            "net_income": 16305,
            "net_income_4q": null,
            "revenue": 69773,
            "revenue_4q": null,
            "common_shares": 216100,
            "book_valuer_per_share": 17.55,
            "book_valuer_per_share_4q_avg": 16.35,
            "equity": 379169,
            "current_ratio": 518.41,
            "debt_ratio": 17.55,
            "inventory_turnover_ratio": 0.41,
            "account_receivable_turnover_ratio": null,
            "reinvestment_rate": null,
            "research_to_sale_ratio": null,
            "price_fair": 36.88,
            "eps_avg_yearly": 2.62,
            "eps_latest_yearly": 3,
            "eps_growth_yearly": 4.09
        },
        "20062": {
            "year_quarter": 20062,
            "year": 2006,
            "quarter": 2,
            "eps": 0.68,
            "eps_growth_year": 1.49,
            "eps_4q": 2.9,
            "eps_4q_growth_year": 20.62,
            "roe": 4.05,
            "roe_4q": 18.490000000000002,
            "gross_profit": 29591,
            "gross_margin": 44.79,
            "gross_margin_4q_avg": 45.34,
            "net_income": 14772,
            "net_income_4q": null,
            "revenue": 66065,
            "revenue_4q": null,
            "common_shares": 216100,
            "book_valuer_per_share": 16.18,
            "book_valuer_per_share_4q_avg": 16.62,
            "equity": 349705,
            "current_ratio": 269.38,
            "debt_ratio": 27.27,
            "inventory_turnover_ratio": 0.36,
            "account_receivable_turnover_ratio": null,
            "reinvestment_rate": null,
            "research_to_sale_ratio": null,
            "price_fair": 7.89,
            "eps_avg_yearly": 2.63,
            "eps_latest_yearly": 2.72,
            "eps_growth_yearly": -1.08
        },
        "20063": {
            "year_quarter": 20063,
            "year": 2006,
            "quarter": 3,
            "eps": 1.05,
            "eps_growth_year": 29.63,
            "eps_4q": 3.23,
            "eps_4q_growth_year": 22.18,
            "roe": 6.3,
            "roe_4q": 19.549999999999997,
            "gross_profit": 35374,
            "gross_margin": 49.52,
            "gross_margin_4q_avg": 46.82,
            "net_income": 22756,
            "net_income_4q": null,
            "revenue": 71428,
            "revenue_4q": null,
            "common_shares": 216100,
            "book_valuer_per_share": 17.24,
            "book_valuer_per_share_4q_avg": 16.94,
            "equity": 372461,
            "current_ratio": 527.67,
            "debt_ratio": 16.61,
            "inventory_turnover_ratio": 0.34,
            "account_receivable_turnover_ratio": null,
            "reinvestment_rate": null,
            "research_to_sale_ratio": null,
            "price_fair": 93.16,
            "eps_avg_yearly": 2.8,
            "eps_latest_yearly": 4.2,
            "eps_growth_yearly": 23.22
        },
        "20064": {
            "year_quarter": 20064,
            "year": 2006,
            "quarter": 4,
            "eps": 0.84,
            "eps_growth_year": 3.7,
            "eps_4q": 3.34,
            "eps_4q_growth_year": 14.38,
            "roe": 4.75,
            "roe_4q": 19.490000000000002,
            "gross_profit": 30167,
            "gross_margin": 47.9,
            "gross_margin_4q_avg": 47.21,
            "net_income": 18105,
            "net_income_4q": null,
            "revenue": 62973,
            "revenue_4q": null,
            "common_shares": 216100,
            "book_valuer_per_share": 18.03,
            "book_valuer_per_share_4q_avg": 17.25,
            "equity": 389598,
            "current_ratio": 541.5,
            "debt_ratio": 16.2,
            "inventory_turnover_ratio": 0.31,
            "account_receivable_turnover_ratio": null,
            "reinvestment_rate": null,
            "research_to_sale_ratio": null,
            "price_fair": 65.48,
            "eps_avg_yearly": 2.86,
            "eps_latest_yearly": 3.36,
            "eps_growth_yearly": 12.9
        },
        "20071": {
            "year_quarter": 20071,
            "year": 2007,
            "quarter": 1,
            "eps": 0.52,
            "eps_growth_year": -30.67,
            "eps_4q": 3.09,
            "eps_4q_growth_year": 9.95,
            "roe": 2.84,
            "roe_4q": 17.94,
            "gross_profit": 24933,
            "gross_margin": 35.57,
            "gross_margin_4q_avg": 44.45,
            "net_income": 11235,
            "net_income_4q": null,
            "revenue": 70089,
            "revenue_4q": null,
            "common_shares": 216100,
            "book_valuer_per_share": 18.55,
            "book_valuer_per_share_4q_avg": 17.5,
            "equity": 400833,
            "current_ratio": 581.71,
            "debt_ratio": 15.29,
            "inventory_turnover_ratio": 0.42,
            "account_receivable_turnover_ratio": null,
            "reinvestment_rate": null,
            "research_to_sale_ratio": null,
            "price_fair": 8.37,
            "eps_avg_yearly": 2.79,
            "eps_latest_yearly": 2.08,
            "eps_growth_yearly": -2.13
        },
        "20072": {
            "year_quarter": 20072,
            "year": 2007,
            "quarter": 2,
            "eps": 0.66,
            "eps_growth_year": -2.94,
            "eps_4q": 3.06,
            "eps_4q_growth_year": 5.37,
            "roe": 3.76,
            "roe_4q": 17.65,
            "gross_profit": 26014,
            "gross_margin": 32.82,
            "gross_margin_4q_avg": 41.45,
            "net_income": 14341,
            "net_income_4q": null,
            "revenue": 79253,
            "revenue_4q": null,
            "common_shares": 216100,
            "book_valuer_per_share": 16.75,
            "book_valuer_per_share_4q_avg": 17.64,
            "equity": 362035,
            "current_ratio": 296.73,
            "debt_ratio": 24.5,
            "inventory_turnover_ratio": 0.5,
            "account_receivable_turnover_ratio": null,
            "reinvestment_rate": null,
            "research_to_sale_ratio": null,
            "price_fair": 47.27,
            "eps_avg_yearly": 2.78,
            "eps_latest_yearly": 2.64,
            "eps_growth_yearly": 7.02
        },
        "20073": {
            "year_quarter": 20073,
            "year": 2007,
            "quarter": 3,
            "eps": -0.11,
            "eps_growth_year": -110.48,
            "eps_4q": 1.92,
            "eps_4q_growth_year": -40.68,
            "roe": -0.63,
            "roe_4q": 10.719999999999999,
            "gross_profit": 24825,
            "gross_margin": 39.28,
            "gross_margin_4q_avg": 38.89,
            "net_income": -2282,
            "net_income_4q": null,
            "revenue": 63197,
            "revenue_4q": null,
            "common_shares": 216100,
            "book_valuer_per_share": 16.65,
            "book_valuer_per_share_4q_avg": 17.5,
            "equity": 359753,
            "current_ratio": 525.57,
            "debt_ratio": 17.27,
            "inventory_turnover_ratio": 0.37,
            "account_receivable_turnover_ratio": null,
            "reinvestment_rate": null,
            "research_to_sale_ratio": null,
            "price_fair": 47.27,
            "eps_avg_yearly": 2.78,
            "eps_latest_yearly": 2.64,
            "eps_growth_yearly": 7.02
        },
        "20074": {
            "year_quarter": 20074,
            "year": 2007,
            "quarter": 4,
            "eps": 0.66,
            "eps_growth_year": -21.43,
            "eps_4q": 1.73,
            "eps_4q_growth_year": -48.14,
            "roe": 3.91,
            "roe_4q": 9.879999999999999,
            "gross_profit": 26446,
            "gross_margin": 38.8,
            "gross_margin_4q_avg": 36.62,
            "net_income": 14357,
            "net_income_4q": null,
            "revenue": 68152,
            "revenue_4q": null,
            "common_shares": 216100,
            "book_valuer_per_share": 17.34,
            "book_valuer_per_share_4q_avg": 17.32,
            "equity": 374629,
            "current_ratio": 560.85,
            "debt_ratio": 16.2,
            "inventory_turnover_ratio": 0.43,
            "account_receivable_turnover_ratio": null,
            "reinvestment_rate": null,
            "research_to_sale_ratio": null,
            "price_fair": 86.32,
            "eps_avg_yearly": 2.9,
            "eps_latest_yearly": 2.64,
            "eps_growth_yearly": 19.78
        },
        "20081": {
            "year_quarter": 20081,
            "year": 2008,
            "quarter": 1,
            "eps": 0.66,
            "eps_growth_year": 26.92,
            "eps_4q": 1.89,
            "eps_4q_growth_year": -38.91,
            "roe": 3.71,
            "roe_4q": 10.75,
            "gross_profit": 31564,
            "gross_margin": 43.7,
            "gross_margin_4q_avg": 38.65,
            "net_income": 14167,
            "net_income_4q": null,
            "revenue": 72234,
            "revenue_4q": null,
            "common_shares": 216100,
            "book_valuer_per_share": 17.99,
            "book_valuer_per_share_4q_avg": 17.18,
            "equity": 388796,
            "current_ratio": 356.83,
            "debt_ratio": 20.06,
            "inventory_turnover_ratio": 0.44,
            "account_receivable_turnover_ratio": null,
            "reinvestment_rate": null,
            "research_to_sale_ratio": null,
            "price_fair": 80.93,
            "eps_avg_yearly": 2.88,
            "eps_latest_yearly": 2.64,
            "eps_growth_yearly": 18.13
        },
        "20082": {
            "year_quarter": 20082,
            "year": 2008,
            "quarter": 2,
            "eps": 0.85,
            "eps_growth_year": 28.79,
            "eps_4q": 2.07,
            "eps_4q_growth_year": -32.34,
            "roe": 4.8,
            "roe_4q": 11.79,
            "gross_profit": 35117,
            "gross_margin": 40.79,
            "gross_margin_4q_avg": 40.64,
            "net_income": 18303,
            "net_income_4q": null,
            "revenue": 86085,
            "revenue_4q": null,
            "common_shares": 216100,
            "book_valuer_per_share": 17.29,
            "book_valuer_per_share_4q_avg": 17.32,
            "equity": 373573,
            "current_ratio": 231.23,
            "debt_ratio": 25.83,
            "inventory_turnover_ratio": 0.51,
            "account_receivable_turnover_ratio": null,
            "reinvestment_rate": 100.25,
            "research_to_sale_ratio": null,
            "price_fair": 102.09,
            "eps_avg_yearly": 2.92,
            "eps_latest_yearly": 3.4,
            "eps_growth_yearly": 25.6
        },
        "20083": {
            "year_quarter": 20083,
            "year": 2008,
            "quarter": 3,
            "eps": 0.53,
            "eps_growth_year": null,
            "eps_4q": 2.69,
            "eps_4q_growth_year": 40.24,
            "roe": 3.03,
            "roe_4q": 15.45,
            "gross_profit": 32353,
            "gross_margin": 41.43,
            "gross_margin_4q_avg": 41.18,
            "net_income": 11508,
            "net_income_4q": null,
            "revenue": 78091,
            "revenue_4q": null,
            "common_shares": 216100,
            "book_valuer_per_share": 17.82,
            "book_valuer_per_share_4q_avg": 17.61,
            "equity": 385081,
            "current_ratio": 309.58,
            "debt_ratio": 19.73,
            "inventory_turnover_ratio": 0.43,
            "account_receivable_turnover_ratio": null,
            "reinvestment_rate": 49.98,
            "research_to_sale_ratio": null,
            "price_fair": 65.82,
            "eps_avg_yearly": 2.86,
            "eps_latest_yearly": 2.12,
            "eps_growth_yearly": 13.01
        },
        "20084": {
            "year_quarter": 20084,
            "year": 2008,
            "quarter": 4,
            "eps": 0.33,
            "eps_growth_year": -50,
            "eps_4q": 2.36,
            "eps_4q_growth_year": 36.53,
            "roe": 1.85,
            "roe_4q": 13.39,
            "gross_profit": 26944,
            "gross_margin": 38.61,
            "gross_margin_4q_avg": 41.13,
            "net_income": 7138,
            "net_income_4q": null,
            "revenue": 69779,
            "revenue_4q": null,
            "common_shares": 216100,
            "book_valuer_per_share": 17.9,
            "book_valuer_per_share_4q_avg": 17.75,
            "equity": 386721,
            "current_ratio": 387.26,
            "debt_ratio": 18.19,
            "inventory_turnover_ratio": 0.37,
            "account_receivable_turnover_ratio": 2.44,
            "reinvestment_rate": 49.41,
            "research_to_sale_ratio": null,
            "price_fair": 43.19,
            "eps_avg_yearly": 2.81,
            "eps_latest_yearly": 1.32,
            "eps_growth_yearly": 5.35
        },
        "20091": {
            "year_quarter": 20091,
            "year": 2009,
            "quarter": 1,
            "eps": 0.73,
            "eps_growth_year": 10.61,
            "eps_4q": 2.44,
            "eps_4q_growth_year": 29.15,
            "roe": 3.99,
            "roe_4q": 13.669999999999998,
            "gross_profit": 28758,
            "gross_margin": 33.52,
            "gross_margin_4q_avg": 38.59,
            "net_income": 15757,
            "net_income_4q": null,
            "revenue": 85799,
            "revenue_4q": null,
            "common_shares": 216100,
            "book_valuer_per_share": 18.62,
            "book_valuer_per_share_4q_avg": 17.91,
            "equity": 402478,
            "current_ratio": 483.38,
            "debt_ratio": 16.55,
            "inventory_turnover_ratio": 0.47,
            "account_receivable_turnover_ratio": 1.54,
            "reinvestment_rate": 46.32,
            "research_to_sale_ratio": null,
            "price_fair": 98.9,
            "eps_avg_yearly": 2.83,
            "eps_latest_yearly": 2.92,
            "eps_growth_yearly": 28.32
        },
        "20092": {
            "year_quarter": 20092,
            "year": 2009,
            "quarter": 2,
            "eps": 0.7,
            "eps_growth_year": -17.65,
            "eps_4q": 2.15,
            "eps_4q_growth_year": 3.74,
            "roe": 4.14,
            "roe_4q": 13.009999999999998,
            "gross_profit": 38565,
            "gross_margin": 39.7,
            "gross_margin_4q_avg": 38.32,
            "net_income": 16653,
            "net_income_4q": null,
            "revenue": 97150,
            "revenue_4q": null,
            "common_shares": 216100,
            "book_valuer_per_share": 18.6,
            "book_valuer_per_share_4q_avg": 18.24,
            "equity": 401843,
            "current_ratio": 376.2,
            "debt_ratio": 19.79,
            "inventory_turnover_ratio": 0.46,
            "account_receivable_turnover_ratio": 1.85,
            "reinvestment_rate": 44.38,
            "research_to_sale_ratio": null,
            "price_fair": 99.2,
            "eps_avg_yearly": 2.83,
            "eps_latest_yearly": 2.8,
            "eps_growth_yearly": 27.97
        },
        "20093": {
            "year_quarter": 20093,
            "year": 2009,
            "quarter": 3,
            "eps": 0.34,
            "eps_growth_year": -35.85,
            "eps_4q": 1.99,
            "eps_4q_growth_year": -25.84,
            "roe": 2,
            "roe_4q": 11.979999999999999,
            "gross_profit": 24590,
            "gross_margin": 39.64,
            "gross_margin_4q_avg": 37.87,
            "net_income": 8138,
            "net_income_4q": null,
            "revenue": 62028,
            "revenue_4q": null,
            "common_shares": 237710,
            "book_valuer_per_share": 17.25,
            "book_valuer_per_share_4q_avg": 18.09,
            "equity": 409981,
            "current_ratio": 380.84,
            "debt_ratio": 19.43,
            "inventory_turnover_ratio": 0.27,
            "account_receivable_turnover_ratio": 1.32,
            "reinvestment_rate": 46.92,
            "research_to_sale_ratio": null,
            "price_fair": 46.73,
            "eps_avg_yearly": 2.7,
            "eps_latest_yearly": 1.36,
            "eps_growth_yearly": 7.31
        },
        "20094": {
            "year_quarter": 20094,
            "year": 2009,
            "quarter": 4,
            "eps": 0.44,
            "eps_growth_year": 33.33,
            "eps_4q": 2.15,
            "eps_4q_growth_year": -9.2,
            "roe": 2.52,
            "roe_4q": 12.65,
            "gross_profit": 26056,
            "gross_margin": 33.25,
            "gross_margin_4q_avg": 36.53,
            "net_income": 10459,
            "net_income_4q": null,
            "revenue": 78355,
            "revenue_4q": null,
            "common_shares": 237710,
            "book_valuer_per_share": 17.62,
            "book_valuer_per_share_4q_avg": 18.02,
            "equity": 418842,
            "current_ratio": 351,
            "debt_ratio": 21.19,
            "inventory_turnover_ratio": 0.39,
            "account_receivable_turnover_ratio": 2.79,
            "reinvestment_rate": 54.42,
            "research_to_sale_ratio": null,
            "price_fair": 66.7,
            "eps_avg_yearly": 2.59,
            "eps_latest_yearly": 1.76,
            "eps_growth_yearly": 15.71
        },
        "20101": {
            "year_quarter": 20101,
            "year": 2010,
            "quarter": 1,
            "eps": 0.77,
            "eps_growth_year": 5.48,
            "eps_4q": 2.25,
            "eps_4q_growth_year": -7.76,
            "roe": 4.27,
            "roe_4q": 12.93,
            "gross_profit": 38518,
            "gross_margin": 40.12,
            "gross_margin_4q_avg": 38.18,
            "net_income": 18292,
            "net_income_4q": null,
            "revenue": 96014,
            "revenue_4q": null,
            "common_shares": 237710,
            "book_valuer_per_share": 18.39,
            "book_valuer_per_share_4q_avg": 17.97,
            "equity": 437134,
            "current_ratio": 389.3,
            "debt_ratio": 20.21,
            "inventory_turnover_ratio": 0.45,
            "account_receivable_turnover_ratio": 1.45,
            "reinvestment_rate": 43.74,
            "research_to_sale_ratio": 8.19,
            "price_fair": 91,
            "eps_avg_yearly": 2.6,
            "eps_latest_yearly": 3.08,
            "eps_growth_yearly": 39.26
        },
        "20102": {
            "year_quarter": 20102,
            "year": 2010,
            "quarter": 2,
            "eps": 1.26,
            "eps_growth_year": 79.69,
            "eps_4q": 2.81,
            "eps_4q_growth_year": 30.92,
            "roe": 6.92,
            "roe_4q": 15.709999999999999,
            "gross_profit": 56366,
            "gross_margin": 42.72,
            "gross_margin_4q_avg": 38.93,
            "net_income": 29900,
            "net_income_4q": null,
            "revenue": 131956,
            "revenue_4q": null,
            "common_shares": 237710,
            "book_valuer_per_share": 17.95,
            "book_valuer_per_share_4q_avg": 17.8,
            "equity": 426622,
            "current_ratio": 292.96,
            "debt_ratio": 25.43,
            "inventory_turnover_ratio": 0.62,
            "account_receivable_turnover_ratio": 1.5,
            "reinvestment_rate": 32.25,
            "research_to_sale_ratio": 6.63,
            "price_fair": 96.8,
            "eps_avg_yearly": 2.77,
            "eps_latest_yearly": 5.04,
            "eps_growth_yearly": 60.1
        },
        "20103": {
            "year_quarter": 20103,
            "year": 2010,
            "quarter": 3,
            "eps": 0.79,
            "eps_growth_year": 131.67,
            "eps_4q": 3.26,
            "eps_4q_growth_year": 63.38,
            "roe": 4.29,
            "roe_4q": 18,
            "gross_profit": 40613,
            "gross_margin": 38.27,
            "gross_margin_4q_avg": 38.59,
            "net_income": 18724,
            "net_income_4q": null,
            "revenue": 106112,
            "revenue_4q": null,
            "common_shares": 237710,
            "book_valuer_per_share": 18.73,
            "book_valuer_per_share_4q_avg": 18.17,
            "equity": 445346,
            "current_ratio": 360.8,
            "debt_ratio": 21.96,
            "inventory_turnover_ratio": 0.53,
            "account_receivable_turnover_ratio": 1.23,
            "reinvestment_rate": 32,
            "research_to_sale_ratio": 8.38,
            "price_fair": 94.2,
            "eps_avg_yearly": 2.69,
            "eps_latest_yearly": 3.16,
            "eps_growth_yearly": 33.9
        },
        "20104": {
            "year_quarter": 20104,
            "year": 2010,
            "quarter": 4,
            "eps": 0.57,
            "eps_growth_year": 28.92,
            "eps_4q": 3.38,
            "eps_4q_growth_year": 57.63,
            "roe": 2.99,
            "roe_4q": 18.47,
            "gross_profit": 34986,
            "gross_margin": 34.69,
            "gross_margin_4q_avg": 38.95,
            "net_income": 13484,
            "net_income_4q": null,
            "revenue": 100839,
            "revenue_4q": null,
            "common_shares": 237710,
            "book_valuer_per_share": 19.16,
            "book_valuer_per_share_4q_avg": 18.56,
            "equity": 455454,
            "current_ratio": 325.75,
            "debt_ratio": 24.44,
            "inventory_turnover_ratio": 0.53,
            "account_receivable_turnover_ratio": 1.39,
            "reinvestment_rate": 33.22,
            "research_to_sale_ratio": 7.56,
            "price_fair": 91.5,
            "eps_avg_yearly": 2.61,
            "eps_latest_yearly": 2.28,
            "eps_growth_yearly": 31.66
        },
        "20111": {
            "year_quarter": 20111,
            "year": 2011,
            "quarter": 1,
            "eps": 0.71,
            "eps_growth_year": -7.79,
            "eps_4q": 3.32,
            "eps_4q_growth_year": 47.47,
            "roe": 3.63,
            "roe_4q": 17.83,
            "gross_profit": 35595,
            "gross_margin": 34.69,
            "gross_margin_4q_avg": 37.59,
            "net_income": 16852,
            "net_income_4q": null,
            "revenue": 102615,
            "revenue_4q": null,
            "common_shares": 237710,
            "book_valuer_per_share": 19.87,
            "book_valuer_per_share_4q_avg": 18.93,
            "equity": 472306,
            "current_ratio": 421.09,
            "debt_ratio": 20.19,
            "inventory_turnover_ratio": 0.54,
            "account_receivable_turnover_ratio": 1.46,
            "reinvestment_rate": 33.97,
            "research_to_sale_ratio": 7.73,
            "price_fair": 93.4,
            "eps_avg_yearly": 2.67,
            "eps_latest_yearly": 2.84,
            "eps_growth_yearly": 49.56
        },
        "20112": {
            "year_quarter": 20112,
            "year": 2011,
            "quarter": 2,
            "eps": 0.52,
            "eps_growth_year": -58.85,
            "eps_4q": 2.58,
            "eps_4q_growth_year": -8.12,
            "roe": 2.73,
            "roe_4q": 13.64,
            "gross_profit": 34284,
            "gross_margin": 33.04,
            "gross_margin_4q_avg": 35.17,
            "net_income": 12303,
            "net_income_4q": null,
            "revenue": 103762,
            "revenue_4q": null,
            "common_shares": 237710,
            "book_valuer_per_share": 18.09,
            "book_valuer_per_share_4q_avg": 18.96,
            "equity": 429936,
            "current_ratio": 252.95,
            "debt_ratio": 28.49,
            "inventory_turnover_ratio": 0.56,
            "account_receivable_turnover_ratio": 1.39,
            "reinvestment_rate": 39.29,
            "research_to_sale_ratio": 7.5,
            "price_fair": 92,
            "eps_avg_yearly": 2.63,
            "eps_latest_yearly": 2.08,
            "eps_growth_yearly": 34.22
        },
        "20113": {
            "year_quarter": 20113,
            "year": 2011,
            "quarter": 3,
            "eps": 0.47,
            "eps_growth_year": -40.59,
            "eps_4q": 2.26,
            "eps_4q_growth_year": -30.52,
            "roe": 2.55,
            "roe_4q": 11.9,
            "gross_profit": 28767,
            "gross_margin": 34.69,
            "gross_margin_4q_avg": 34.28,
            "net_income": 11124,
            "net_income_4q": null,
            "revenue": 82930,
            "revenue_4q": null,
            "common_shares": 237710,
            "book_valuer_per_share": 18.55,
            "book_valuer_per_share_4q_avg": 18.92,
            "equity": 441060,
            "current_ratio": 315.88,
            "debt_ratio": 23.69,
            "inventory_turnover_ratio": 0.43,
            "account_receivable_turnover_ratio": 1.19,
            "reinvestment_rate": 50.32,
            "research_to_sale_ratio": 9.38,
            "price_fair": 90.25,
            "eps_avg_yearly": 2.58,
            "eps_latest_yearly": 1.88,
            "eps_growth_yearly": 29.38
        },
        "20114": {
            "year_quarter": 20114,
            "year": 2011,
            "quarter": 4,
            "eps": 0.61,
            "eps_growth_year": 6.92,
            "eps_4q": 2.3,
            "eps_4q_growth_year": -31.97,
            "roe": 3.11,
            "roe_4q": 12.02,
            "gross_profit": 29589,
            "gross_margin": 26.51,
            "gross_margin_4q_avg": 32.23,
            "net_income": 14417,
            "net_income_4q": null,
            "revenue": 111615,
            "revenue_4q": null,
            "common_shares": 237710,
            "book_valuer_per_share": 20.47,
            "book_valuer_per_share_4q_avg": 19.25,
            "equity": 486534,
            "current_ratio": 340.68,
            "debt_ratio": 22.68,
            "inventory_turnover_ratio": 0.65,
            "account_receivable_turnover_ratio": 1.54,
            "reinvestment_rate": 66.82,
            "research_to_sale_ratio": 5.3,
            "price_fair": 89.95,
            "eps_avg_yearly": 2.57,
            "eps_latest_yearly": 2.44,
            "eps_growth_yearly": 34.99
        },
        "20121": {
            "year_quarter": 20121,
            "year": 2012,
            "quarter": 1,
            "eps": 0.73,
            "eps_growth_year": 2.82,
            "eps_4q": 2.32,
            "eps_4q_growth_year": -30.04,
            "roe": 3.51,
            "roe_4q": 11.899999999999999,
            "gross_profit": 31071,
            "gross_margin": 27.7,
            "gross_margin_4q_avg": 30.49,
            "net_income": 17400,
            "net_income_4q": null,
            "revenue": 112156,
            "revenue_4q": null,
            "common_shares": 237710,
            "book_valuer_per_share": 21.2,
            "book_valuer_per_share_4q_avg": 19.58,
            "equity": 503934,
            "current_ratio": 374.52,
            "debt_ratio": 21.66,
            "inventory_turnover_ratio": 0.63,
            "account_receivable_turnover_ratio": 1.31,
            "reinvestment_rate": 49.47,
            "research_to_sale_ratio": 4.73,
            "price_fair": 90.56,
            "eps_avg_yearly": 2.59,
            "eps_latest_yearly": 2.92,
            "eps_growth_yearly": 39.91
        },
        "20122": {
            "year_quarter": 20122,
            "year": 2012,
            "quarter": 2,
            "eps": 0.36,
            "eps_growth_year": -30.42,
            "eps_4q": 2.08,
            "eps_4q_growth_year": -19.4,
            "roe": 1.81,
            "roe_4q": 10.98,
            "gross_profit": 30504,
            "gross_margin": 26.61,
            "gross_margin_4q_avg": 28.88,
            "net_income": 8989,
            "net_income_4q": null,
            "revenue": 114620,
            "revenue_4q": null,
            "common_shares": 237710,
            "book_valuer_per_share": 20.58,
            "book_valuer_per_share_4q_avg": 20.2,
            "equity": 489152,
            "current_ratio": 275.92,
            "debt_ratio": 26.81,
            "inventory_turnover_ratio": 0.6,
            "account_receivable_turnover_ratio": 1.43,
            "reinvestment_rate": 39.84,
            "research_to_sale_ratio": 5.2,
            "price_fair": 74.04,
            "eps_avg_yearly": 2.47,
            "eps_latest_yearly": 1.44,
            "eps_growth_yearly": 20.04
        },
        "20123": {
            "year_quarter": 20123,
            "year": 2012,
            "quarter": 3,
            "eps": 0.52,
            "eps_growth_year": 11.84,
            "eps_4q": 2.16,
            "eps_4q_growth_year": -4.57,
            "roe": 2.64,
            "roe_4q": 11.07,
            "gross_profit": 33438,
            "gross_margin": 28.02,
            "gross_margin_4q_avg": 27.21,
            "net_income": 13063,
            "net_income_4q": null,
            "revenue": 119328,
            "revenue_4q": null,
            "common_shares": 249595,
            "book_valuer_per_share": 20.12,
            "book_valuer_per_share_4q_avg": 20.59,
            "equity": 502215,
            "current_ratio": 300.8,
            "debt_ratio": 25.19,
            "inventory_turnover_ratio": 0.62,
            "account_receivable_turnover_ratio": 1.53,
            "reinvestment_rate": 38.33,
            "research_to_sale_ratio": 5.39,
            "price_fair": 86.19,
            "eps_avg_yearly": 2.46,
            "eps_latest_yearly": 2.08,
            "eps_growth_yearly": 40.56
        },
        "20124": {
            "year_quarter": 20124,
            "year": 2012,
            "quarter": 4,
            "eps": 0.24,
            "eps_growth_year": -60.13,
            "eps_4q": 1.82,
            "eps_4q_growth_year": -20.8,
            "roe": 1.19,
            "roe_4q": 9.15,
            "gross_profit": 17343,
            "gross_margin": 20.44,
            "gross_margin_4q_avg": 25.69,
            "net_income": 6036,
            "net_income_4q": null,
            "revenue": 84866,
            "revenue_4q": null,
            "common_shares": 249595,
            "book_valuer_per_share": 20.38,
            "book_valuer_per_share_4q_avg": 20.57,
            "equity": 508568,
            "current_ratio": 351.12,
            "debt_ratio": 22.49,
            "inventory_turnover_ratio": 0.47,
            "account_receivable_turnover_ratio": 1.18,
            "reinvestment_rate": 40.31,
            "research_to_sale_ratio": 7.84,
            "price_fair": 85.4,
            "eps_avg_yearly": 2.44,
            "eps_latest_yearly": 0.96,
            "eps_growth_yearly": 36.53
        },
        "20131": {
            "year_quarter": 20131,
            "year": 2013,
            "quarter": 1,
            "eps": 1.05,
            "eps_growth_year": 43.84,
            "eps_4q": 2.17,
            "eps_4q_growth_year": -6.57,
            "roe": 5.16,
            "roe_4q": 10.8,
            "gross_profit": 42531,
            "gross_margin": 33.61,
            "gross_margin_4q_avg": 27.17,
            "net_income": 26105,
            "net_income_4q": null,
            "revenue": 126559,
            "revenue_4q": null,
            "common_shares": 249595,
            "book_valuer_per_share": 20.17,
            "book_valuer_per_share_4q_avg": 20.31,
            "equity": 503520,
            "current_ratio": 389.72,
            "debt_ratio": 25.75,
            "inventory_turnover_ratio": 0.54,
            "account_receivable_turnover_ratio": 1.81,
            "reinvestment_rate": 37.89,
            "research_to_sale_ratio": 4.47,
            "price_fair": 88.2,
            "eps_avg_yearly": 2.52,
            "eps_latest_yearly": 4.2,
            "eps_growth_yearly": 90.6
        },
        "20132": {
            "year_quarter": 20132,
            "year": 2013,
            "quarter": 2,
            "eps": 0.79,
            "eps_growth_year": 119.36,
            "eps_4q": 2.6,
            "eps_4q_growth_year": 24.92,
            "roe": 3.96,
            "roe_4q": 12.950000000000001,
            "gross_profit": 41651,
            "gross_margin": 28.84,
            "gross_margin_4q_avg": 27.73,
            "net_income": 19667,
            "net_income_4q": null,
            "revenue": 144420,
            "revenue_4q": null,
            "common_shares": 249595,
            "book_valuer_per_share": 19.66,
            "book_valuer_per_share_4q_avg": 20.08,
            "equity": 490740,
            "current_ratio": 317.92,
            "debt_ratio": 28.7,
            "inventory_turnover_ratio": 0.68,
            "account_receivable_turnover_ratio": 1.81,
            "reinvestment_rate": 39.21,
            "research_to_sale_ratio": 4.13,
            "price_fair": 88.99,
            "eps_avg_yearly": 2.54,
            "eps_latest_yearly": 3.16,
            "eps_growth_yearly": 85.44
        },
        "20133": {
            "year_quarter": 20133,
            "year": 2013,
            "quarter": 3,
            "eps": 0.49,
            "eps_growth_year": -6.38,
            "eps_4q": 2.57,
            "eps_4q_growth_year": 19.09,
            "roe": 2.48,
            "roe_4q": 12.79,
            "gross_profit": 32280,
            "gross_margin": 28.49,
            "gross_margin_4q_avg": 27.85,
            "net_income": 12346,
            "net_income_4q": null,
            "revenue": 113295,
            "revenue_4q": null,
            "common_shares": 249595,
            "book_valuer_per_share": 20.16,
            "book_valuer_per_share_4q_avg": 20.09,
            "equity": 503086,
            "current_ratio": 402.84,
            "debt_ratio": 25.19,
            "inventory_turnover_ratio": 0.55,
            "account_receivable_turnover_ratio": 1.65,
            "reinvestment_rate": 36.15,
            "research_to_sale_ratio": 5.16,
            "price_fair": 90.3,
            "eps_avg_yearly": 2.58,
            "eps_latest_yearly": 1.96,
            "eps_growth_yearly": 88.81
        },
        "20134": {
            "year_quarter": 20134,
            "year": 2013,
            "quarter": 4,
            "eps": 0.78,
            "eps_growth_year": 221.11,
            "eps_4q": 3.11,
            "eps_4q_growth_year": 70.37,
            "roe": 3.77,
            "roe_4q": 15.370000000000001,
            "gross_profit": 34886,
            "gross_margin": 29.62,
            "gross_margin_4q_avg": 30.14,
            "net_income": 19382,
            "net_income_4q": null,
            "revenue": 117760,
            "revenue_4q": null,
            "common_shares": 249595,
            "book_valuer_per_share": 21.02,
            "book_valuer_per_share_4q_avg": 20.25,
            "equity": 524708,
            "current_ratio": 387.22,
            "debt_ratio": 25.24,
            "inventory_turnover_ratio": 0.54,
            "account_receivable_turnover_ratio": 1.7,
            "reinvestment_rate": 30.75,
            "research_to_sale_ratio": 4.94,
            "price_fair": 93.28,
            "eps_avg_yearly": 2.67,
            "eps_latest_yearly": 3.12,
            "eps_growth_yearly": 96.25
        },
        "20141": {
            "year_quarter": 20141,
            "year": 2014,
            "quarter": 1,
            "eps": 1.14,
            "eps_growth_year": 8.57,
            "eps_4q": 3.2,
            "eps_4q_growth_year": 47.32,
            "roe": 5.29,
            "roe_4q": 15.5,
            "gross_profit": 50483,
            "gross_margin": 33.13,
            "gross_margin_4q_avg": 30.02,
            "net_income": 28444,
            "net_income_4q": null,
            "revenue": 152394,
            "revenue_4q": null,
            "common_shares": 249595,
            "book_valuer_per_share": 22.1,
            "book_valuer_per_share_4q_avg": 20.74,
            "equity": 551647,
            "current_ratio": 438.05,
            "debt_ratio": 22.72,
            "inventory_turnover_ratio": 0.66,
            "account_receivable_turnover_ratio": 1.65,
            "reinvestment_rate": 29.53,
            "research_to_sale_ratio": 3.64,
            "price_fair": 96.51,
            "eps_avg_yearly": 2.76,
            "eps_latest_yearly": 4.56,
            "eps_growth_yearly": 89.04
        },
        "20142": {
            "year_quarter": 20142,
            "year": 2014,
            "quarter": 2,
            "eps": 0.95,
            "eps_growth_year": 20.25,
            "eps_4q": 3.36,
            "eps_4q_growth_year": 29.46,
            "roe": 4.42,
            "roe_4q": 15.96,
            "gross_profit": 54331,
            "gross_margin": 35.7,
            "gross_margin_4q_avg": 31.74,
            "net_income": 23811,
            "net_income_4q": null,
            "revenue": 152182,
            "revenue_4q": null,
            "common_shares": 249595,
            "book_valuer_per_share": 21.06,
            "book_valuer_per_share_4q_avg": 21.09,
            "equity": 525539,
            "current_ratio": 257.95,
            "debt_ratio": 31.28,
            "inventory_turnover_ratio": 0.64,
            "account_receivable_turnover_ratio": 1.5,
            "reinvestment_rate": 33.96,
            "research_to_sale_ratio": 3.91,
            "price_fair": 93.8,
            "eps_avg_yearly": 2.68,
            "eps_latest_yearly": 3.8,
            "eps_growth_yearly": 68.96
        },
        "20143": {
            "year_quarter": 20143,
            "year": 2014,
            "quarter": 3,
            "eps": 1.45,
            "eps_growth_year": 195.92,
            "eps_4q": 4.32,
            "eps_4q_growth_year": 68.03,
            "roe": 6.63,
            "roe_4q": 20.11,
            "gross_profit": 58501,
            "gross_margin": 37.41,
            "gross_margin_4q_avg": 33.97,
            "net_income": 36164,
            "net_income_4q": null,
            "revenue": 156386,
            "revenue_4q": null,
            "common_shares": 249595,
            "book_valuer_per_share": 22.68,
            "book_valuer_per_share_4q_avg": 21.72,
            "equity": 566102,
            "current_ratio": 376.62,
            "debt_ratio": 24.64,
            "inventory_turnover_ratio": 0.65,
            "account_receivable_turnover_ratio": 1.65,
            "reinvestment_rate": 30.42,
            "research_to_sale_ratio": 4.11,
            "price_fair": 99.58,
            "eps_avg_yearly": 2.85,
            "eps_latest_yearly": 5.8,
            "eps_growth_yearly": 91.44
        },
        "20144": {
            "year_quarter": 20144,
            "year": 2014,
            "quarter": 4,
            "eps": 1.32,
            "eps_growth_year": 69.37,
            "eps_4q": 4.26,
            "eps_4q_growth_year": 37.09,
            "roe": 5.35,
            "roe_4q": 21.689999999999998,
            "gross_profit": 58290,
            "gross_margin": 39.3,
            "gross_margin_4q_avg": 36.39,
            "net_income": 39534,
            "net_income_4q": null,
            "revenue": 148336,
            "revenue_4q": null,
            "common_shares": 300595,
            "book_valuer_per_share": 30.32,
            "book_valuer_per_share_4q_avg": 24.04,
            "equity": 911360,
            "current_ratio": 646.3,
            "debt_ratio": 17.43,
            "inventory_turnover_ratio": 0.58,
            "account_receivable_turnover_ratio": 1.53,
            "reinvestment_rate": 30.05,
            "research_to_sale_ratio": 4.46,
            "price_fair": 106.14,
            "eps_avg_yearly": 3.03,
            "eps_latest_yearly": 5.28,
            "eps_growth_yearly": 96.16
        },
        "20151": {
            "year_quarter": 20151,
            "year": 2015,
            "quarter": 1,
            "eps": 1.29,
            "eps_growth_year": 13.16,
            "eps_4q": 4.6,
            "eps_4q_growth_year": 43.92,
            "roe": 4.18,
            "roe_4q": 20.58,
            "gross_profit": 67010,
            "gross_margin": 40,
            "gross_margin_4q_avg": 38.1,
            "net_income": 38873,
            "net_income_4q": null,
            "revenue": 167505,
            "revenue_4q": null,
            "common_shares": 300595,
            "book_valuer_per_share": 31.61,
            "book_valuer_per_share_4q_avg": 26.42,
            "equity": 950233,
            "current_ratio": 727.17,
            "debt_ratio": 16,
            "inventory_turnover_ratio": 0.63,
            "account_receivable_turnover_ratio": 1.62,
            "reinvestment_rate": 25.51,
            "research_to_sale_ratio": 3.48,
            "price_fair": 111.21,
            "eps_avg_yearly": 3.18,
            "eps_latest_yearly": 5.16,
            "eps_growth_yearly": 89.46
        },
        "20152": {
            "year_quarter": 20152,
            "year": 2015,
            "quarter": 2,
            "eps": 0.77,
            "eps_growth_year": -18.95,
            "eps_4q": 4.58,
            "eps_4q_growth_year": 36.13,
            "roe": 2.52,
            "roe_4q": 18.68,
            "gross_profit": 51508,
            "gross_margin": 32.17,
            "gross_margin_4q_avg": 37.22,
            "net_income": 23114,
            "net_income_4q": null,
            "revenue": 160092,
            "revenue_4q": null,
            "common_shares": 300595,
            "book_valuer_per_share": 29.38,
            "book_valuer_per_share_4q_avg": 28.5,
            "equity": 883168,
            "current_ratio": 395.71,
            "debt_ratio": 23.67,
            "inventory_turnover_ratio": 0.66,
            "account_receivable_turnover_ratio": 1.57,
            "reinvestment_rate": 23.31,
            "research_to_sale_ratio": 3.93,
            "price_fair": 113.4,
            "eps_avg_yearly": 3.24,
            "eps_latest_yearly": 3.08,
            "eps_growth_yearly": 86.07
        },
        "20153": {
            "year_quarter": 20153,
            "year": 2015,
            "quarter": 3,
            "eps": 1.74,
            "eps_growth_year": 20,
            "eps_4q": 5.12,
            "eps_4q_growth_year": 18.56,
            "roe": 5.76,
            "roe_4q": 17.81,
            "gross_profit": 68020,
            "gross_margin": 38.75,
            "gross_margin_4q_avg": 37.56,
            "net_income": 52409,
            "net_income_4q": null,
            "revenue": 175554,
            "revenue_4q": null,
            "common_shares": 300595,
            "book_valuer_per_share": 31.12,
            "book_valuer_per_share_4q_avg": 30.61,
            "equity": 935577,
            "current_ratio": 597.2,
            "debt_ratio": 17.71,
            "inventory_turnover_ratio": 0.62,
            "account_receivable_turnover_ratio": 1.72,
            "reinvestment_rate": 17.87,
            "research_to_sale_ratio": 3.85,
            "price_fair": 124.51,
            "eps_avg_yearly": 3.56,
            "eps_latest_yearly": 6.96,
            "eps_growth_yearly": 119.97
        },
        "20154": {
            "year_quarter": 20154,
            "year": 2015,
            "quarter": 4,
            "eps": 1.39,
            "eps_growth_year": 5.85,
            "eps_4q": 5.2,
            "eps_4q_growth_year": 22.11,
            "roe": 4.39,
            "roe_4q": 16.849999999999998,
            "gross_profit": 69368,
            "gross_margin": 38.45,
            "gross_margin_4q_avg": 37.34,
            "net_income": 41845,
            "net_income_4q": null,
            "revenue": 180412,
            "revenue_4q": null,
            "common_shares": 300595,
            "book_valuer_per_share": 32.24,
            "book_valuer_per_share_4q_avg": 31.09,
            "equity": 969061,
            "current_ratio": 472.23,
            "debt_ratio": 20.84,
            "inventory_turnover_ratio": 0.59,
            "account_receivable_turnover_ratio": 1.71,
            "reinvestment_rate": 16.13,
            "research_to_sale_ratio": 4.31,
            "price_fair": 131.34,
            "eps_avg_yearly": 3.75,
            "eps_latest_yearly": 5.56,
            "eps_growth_yearly": 107.49
        },
        "20161": {
            "year_quarter": 20161,
            "year": 2016,
            "quarter": 1,
            "eps": 1.62,
            "eps_growth_year": 25.58,
            "eps_4q": 5.52,
            "eps_4q_growth_year": 19.99,
            "roe": 4.89,
            "roe_4q": 17.56,
            "gross_profit": 84771,
            "gross_margin": 40.25,
            "gross_margin_4q_avg": 37.41,
            "net_income": 48674,
            "net_income_4q": null,
            "revenue": 210614,
            "revenue_4q": null,
            "common_shares": 300595,
            "book_valuer_per_share": 33.94,
            "book_valuer_per_share_4q_avg": 31.67,
            "equity": 1020086,
            "current_ratio": 550.99,
            "debt_ratio": 17.46,
            "inventory_turnover_ratio": 0.62,
            "account_receivable_turnover_ratio": 1.82,
            "reinvestment_rate": 20.07,
            "research_to_sale_ratio": 3.47,
            "price_fair": 139.13,
            "eps_avg_yearly": 3.98,
            "eps_latest_yearly": 6.48,
            "eps_growth_yearly": 106.71
        },
        "20162": {
            "year_quarter": 20162,
            "year": 2016,
            "quarter": 2,
            "eps": 1.53,
            "eps_growth_year": 98.7,
            "eps_4q": 6.28,
            "eps_4q_growth_year": 37.14,
            "roe": 4.63,
            "roe_4q": 19.67,
            "gross_profit": 87649,
            "gross_margin": 43.45,
            "gross_margin_4q_avg": 40.23,
            "net_income": 45890,
            "net_income_4q": null,
            "revenue": 201733,
            "revenue_4q": null,
            "common_shares": 300595,
            "book_valuer_per_share": 31.96,
            "book_valuer_per_share_4q_avg": 32.32,
            "equity": 960768,
            "current_ratio": 325.52,
            "debt_ratio": 24.54,
            "inventory_turnover_ratio": 0.53,
            "account_receivable_turnover_ratio": 1.48,
            "reinvestment_rate": 26.82,
            "research_to_sale_ratio": 3.96,
            "price_fair": 149.36,
            "eps_avg_yearly": 4.27,
            "eps_latest_yearly": 6.12,
            "eps_growth_yearly": 117.99
        },
        "20163": {
            "year_quarter": 20163,
            "year": 2016,
            "quarter": 3,
            "eps": 0.82,
            "eps_growth_year": -52.87,
            "eps_4q": 5.36,
            "eps_4q_growth_year": 4.62,
            "roe": 2.53,
            "roe_4q": 16.44,
            "gross_profit": 63046,
            "gross_margin": 38.09,
            "gross_margin_4q_avg": 40.06,
            "net_income": 24637,
            "net_income_4q": null,
            "revenue": 165531,
            "revenue_4q": null,
            "common_shares": 300595,
            "book_valuer_per_share": 32.78,
            "book_valuer_per_share_4q_avg": 32.73,
            "equity": 985405,
            "current_ratio": 424.2,
            "debt_ratio": 19.22,
            "inventory_turnover_ratio": 0.46,
            "account_receivable_turnover_ratio": 1.37,
            "reinvestment_rate": 34.76,
            "research_to_sale_ratio": 4.9,
            "price_fair": 151.99,
            "eps_avg_yearly": 4.34,
            "eps_latest_yearly": 3.28,
            "eps_growth_yearly": 95.28
        },
        "20164": {
            "year_quarter": 20164,
            "year": 2016,
            "quarter": 4,
            "eps": 1.31,
            "eps_growth_year": -6.17,
            "eps_4q": 5.27,
            "eps_4q_growth_year": 1.42,
            "roe": 3.9,
            "roe_4q": 15.95,
            "gross_profit": 62177,
            "gross_margin": 32.91,
            "gross_margin_4q_avg": 38.68,
            "net_income": 39265,
            "net_income_4q": null,
            "revenue": 188908,
            "revenue_4q": null,
            "common_shares": 300595,
            "book_valuer_per_share": 34.18,
            "book_valuer_per_share_4q_avg": 33.22,
            "equity": 1027541,
            "current_ratio": 369.21,
            "debt_ratio": 20.19,
            "inventory_turnover_ratio": 0.58,
            "account_receivable_turnover_ratio": 1.88,
            "reinvestment_rate": 40.36,
            "research_to_sale_ratio": 5.4,
            "price_fair": 161.35,
            "eps_avg_yearly": 4.61,
            "eps_latest_yearly": 5.24,
            "eps_growth_yearly": 123.68
        },
        "20171": {
            "year_quarter": 20171,
            "year": 2017,
            "quarter": 1,
            "eps": 0.09,
            "eps_growth_year": -94.44,
            "eps_4q": 3.74,
            "eps_4q_growth_year": -32.26,
            "roe": 0.26,
            "roe_4q": 11.32,
            "gross_profit": 53237,
            "gross_margin": 28.68,
            "gross_margin_4q_avg": 35.78,
            "net_income": 2679,
            "net_income_4q": null,
            "revenue": 185597,
            "revenue_4q": null,
            "common_shares": 300595,
            "book_valuer_per_share": 34.27,
            "book_valuer_per_share_4q_avg": 33.3,
            "equity": 1030220,
            "current_ratio": 294.44,
            "debt_ratio": 22.68,
            "inventory_turnover_ratio": 0.64,
            "account_receivable_turnover_ratio": 1.69,
            "reinvestment_rate": 55.04,
            "research_to_sale_ratio": 4.7,
            "price_fair": 113.72,
            "eps_avg_yearly": 4.37,
            "eps_latest_yearly": 0.36,
            "eps_growth_yearly": 16.02
        },
        "20172": {
            "year_quarter": 20172,
            "year": 2017,
            "quarter": 2,
            "eps": 1.1,
            "eps_growth_year": -28.1,
            "eps_4q": 3.31,
            "eps_4q_growth_year": -47.27,
            "roe": 3.32,
            "roe_4q": 10.01,
            "gross_profit": 66053,
            "gross_margin": 31.96,
            "gross_margin_4q_avg": 32.91,
            "net_income": 32977,
            "net_income_4q": null,
            "revenue": 206664,
            "revenue_4q": null,
            "common_shares": 300595,
            "book_valuer_per_share": 31.87,
            "book_valuer_per_share_4q_avg": 33.28,
            "equity": 957989,
            "current_ratio": 183.77,
            "debt_ratio": 33.54,
            "inventory_turnover_ratio": 0.72,
            "account_receivable_turnover_ratio": 1.81,
            "reinvestment_rate": 62.43,
            "research_to_sale_ratio": 3.86,
            "price_fair": 155.66,
            "eps_avg_yearly": 4.45,
            "eps_latest_yearly": 4.4,
            "eps_growth_yearly": 302.77
        },
        "20173": {
            "year_quarter": 20173,
            "year": 2017,
            "quarter": 3,
            "eps": 0.33,
            "eps_growth_year": -59.76,
            "eps_4q": 2.82,
            "eps_4q_growth_year": -47.31,
            "roe": 1.03,
            "roe_4q": 8.51,
            "gross_profit": 37561,
            "gross_margin": 24.12,
            "gross_margin_4q_avg": 29.42,
            "net_income": 9927,
            "net_income_4q": null,
            "revenue": 155749,
            "revenue_4q": null,
            "common_shares": 300595,
            "book_valuer_per_share": 32.2,
            "book_valuer_per_share_4q_avg": 33.13,
            "equity": 967916,
            "current_ratio": 169.17,
            "debt_ratio": 35.92,
            "inventory_turnover_ratio": 0.53,
            "account_receivable_turnover_ratio": 1.5,
            "reinvestment_rate": 69.01,
            "research_to_sale_ratio": 4.95,
            "price_fair": 154.26,
            "eps_avg_yearly": 4.41,
            "eps_latest_yearly": 1.32,
            "eps_growth_yearly": 294.76
        },
        "20174": {
            "year_quarter": 20174,
            "year": 2017,
            "quarter": 4,
            "eps": 0.47,
            "eps_growth_year": -63.85,
            "eps_4q": 1.99,
            "eps_4q_growth_year": -62.28,
            "roe": 1.45,
            "roe_4q": 6.06,
            "gross_profit": 42977,
            "gross_margin": 29.24,
            "gross_margin_4q_avg": 28.5,
            "net_income": 14195,
            "net_income_4q": null,
            "revenue": 146975,
            "revenue_4q": null,
            "common_shares": 300595,
            "book_valuer_per_share": 33.14,
            "book_valuer_per_share_4q_avg": 32.87,
            "equity": 996235,
            "current_ratio": 165.16,
            "debt_ratio": 35.97,
            "inventory_turnover_ratio": 0.4,
            "account_receivable_turnover_ratio": 1.52,
            "reinvestment_rate": 71.72,
            "research_to_sale_ratio": 3.83,
            "price_fair": 151.55,
            "eps_avg_yearly": 4.33,
            "eps_latest_yearly": 1.88,
            "eps_growth_yearly": 290.57
        },
        "20181": {
            "year_quarter": 20181,
            "year": 2018,
            "quarter": 1,
            "eps": 0.86,
            "eps_growth_year": 855.56,
            "eps_4q": 2.76,
            "eps_4q_growth_year": -26.14,
            "roe": 2.57,
            "roe_4q": 8.37,
            "gross_profit": 63015,
            "gross_margin": 32.91,
            "gross_margin_4q_avg": 29.56,
            "net_income": 25977,
            "net_income_4q": null,
            "revenue": 191471,
            "revenue_4q": null,
            "common_shares": 300595,
            "book_valuer_per_share": 34,
            "book_valuer_per_share_4q_avg": 32.8,
            "equity": 1021942,
            "current_ratio": 155.42,
            "debt_ratio": 39.22,
            "inventory_turnover_ratio": 0.48,
            "account_receivable_turnover_ratio": 1.64,
            "reinvestment_rate": 73.99,
            "research_to_sale_ratio": 3.68,
            "price_fair": 149.1,
            "eps_avg_yearly": 4.26,
            "eps_latest_yearly": 3.44,
            "eps_growth_yearly": 299.78
        },
        "20182": {
            "year_quarter": 20182,
            "year": 2018,
            "quarter": 2,
            "eps": 2.03,
            "eps_growth_year": 84.55,
            "eps_4q": 3.69,
            "eps_4q_growth_year": 11.48,
            "roe": 5.93,
            "roe_4q": 10.979999999999999,
            "gross_profit": 64980,
            "gross_margin": 31.8,
            "gross_margin_4q_avg": 29.52,
            "net_income": 60886,
            "net_income_4q": null,
            "revenue": 204368,
            "revenue_4q": null,
            "common_shares": 300595,
            "book_valuer_per_share": 34.27,
            "book_valuer_per_share_4q_avg": 33.4,
            "equity": 1030224,
            "current_ratio": 153.6,
            "debt_ratio": 40.97,
            "inventory_turnover_ratio": 0.51,
            "account_receivable_turnover_ratio": 1.62,
            "reinvestment_rate": 66.86,
            "research_to_sale_ratio": 3.62,
            "price_fair": 158.55,
            "eps_avg_yearly": 4.53,
            "eps_latest_yearly": 8.12,
            "eps_growth_yearly": 337.96
        },
        "20183": {
            "year_quarter": 20183,
            "year": 2018,
            "quarter": 3,
            "eps": 0.96,
            "eps_growth_year": 190.91,
            "eps_4q": 4.33,
            "eps_4q_growth_year": 53.27,
            "roe": 2.78,
            "roe_4q": 12.729999999999999,
            "gross_profit": 56116,
            "gross_margin": 30.13,
            "gross_margin_4q_avg": 31.02,
            "net_income": 28991,
            "net_income_4q": null,
            "revenue": 186247,
            "revenue_4q": null,
            "common_shares": 300595,
            "book_valuer_per_share": 35.24,
            "book_valuer_per_share_4q_avg": 34.16,
            "equity": 1059215,
            "current_ratio": 156.13,
            "debt_ratio": 40.71,
            "inventory_turnover_ratio": 0.46,
            "account_receivable_turnover_ratio": 1.39,
            "reinvestment_rate": 68.12,
            "research_to_sale_ratio": 3.91,
            "price_fair": 154.26,
            "eps_avg_yearly": 4.41,
            "eps_latest_yearly": 3.84,
            "eps_growth_yearly": 311.62
        },
        "20184": {
            "year_quarter": 20184,
            "year": 2018,
            "quarter": 4,
            "eps": 1.27,
            "eps_growth_year": 168.67,
            "eps_4q": 5.12,
            "eps_4q_growth_year": 157.6,
            "roe": 3.53,
            "roe_4q": 14.809999999999999,
            "gross_profit": 66729,
            "gross_margin": 32.91,
            "gross_margin_4q_avg": 31.94,
            "net_income": 38137,
            "net_income_4q": null,
            "revenue": 202747,
            "revenue_4q": null,
            "common_shares": 300595,
            "book_valuer_per_share": 36.56,
            "book_valuer_per_share_4q_avg": 35.02,
            "equity": 1098844,
            "current_ratio": 161.42,
            "debt_ratio": 39.78,
            "inventory_turnover_ratio": 0.45,
            "account_receivable_turnover_ratio": 1.46,
            "reinvestment_rate": 65.92,
            "research_to_sale_ratio": 3.38,
            "price_fair": 153.83,
            "eps_avg_yearly": 4.4,
            "eps_latest_yearly": 5.08,
            "eps_growth_yearly": 321.94
        },
        "20191": {
            "year_quarter": 20191,
            "year": 2019,
            "quarter": 1,
            "eps": 1.34,
            "eps_growth_year": 55.81,
            "eps_4q": 5.59,
            "eps_4q_growth_year": 102.4,
            "roe": 3.59,
            "roe_4q": 15.829999999999998,
            "gross_profit": 68504,
            "gross_margin": 35.21,
            "gross_margin_4q_avg": 32.51,
            "net_income": 40134,
            "net_income_4q": null,
            "revenue": 194560,
            "revenue_4q": null,
            "common_shares": 300595,
            "book_valuer_per_share": 37.89,
            "book_valuer_per_share_4q_avg": 35.99,
            "equity": 1138978,
            "current_ratio": 170.92,
            "debt_ratio": 39.81,
            "inventory_turnover_ratio": 0.4,
            "account_receivable_turnover_ratio": 1.5,
            "reinvestment_rate": 65.05,
            "research_to_sale_ratio": 3.51,
            "price_fair": 154.26,
            "eps_avg_yearly": 4.41,
            "eps_latest_yearly": 5.36,
            "eps_growth_yearly": 323.88
        },
        "20192": {
            "year_quarter": 20192,
            "year": 2019,
            "quarter": 2,
            "eps": 1.06,
            "eps_growth_year": -47.78,
            "eps_4q": 4.63,
            "eps_4q_growth_year": 25.32,
            "roe": 2.88,
            "roe_4q": 12.78,
            "gross_profit": 58423,
            "gross_margin": 27.67,
            "gross_margin_4q_avg": 31.48,
            "net_income": 31825,
            "net_income_4q": null,
            "revenue": 211116,
            "revenue_4q": null,
            "common_shares": 300595,
            "book_valuer_per_share": 35.65,
            "book_valuer_per_share_4q_avg": 36.34,
            "equity": 1071606,
            "current_ratio": 155.38,
            "debt_ratio": 43.3,
            "inventory_turnover_ratio": 0.47,
            "account_receivable_turnover_ratio": 1.63,
            "reinvestment_rate": 62.98,
            "research_to_sale_ratio": 3.4,
            "price_fair": 156.8,
            "eps_avg_yearly": 4.48,
            "eps_latest_yearly": 4.24,
            "eps_growth_yearly": 328.74
        },
        "20193": {
            "year_quarter": 20193,
            "year": 2019,
            "quarter": 3,
            "eps": 1.88,
            "eps_growth_year": 95.83,
            "eps_4q": 5.54,
            "eps_4q_growth_year": 28.13,
            "roe": 5.14,
            "roe_4q": 15.139999999999999,
            "gross_profit": 92744,
            "gross_margin": 33.86,
            "gross_margin_4q_avg": 32.41,
            "net_income": 56533,
            "net_income_4q": null,
            "revenue": 273939,
            "revenue_4q": null,
            "common_shares": 300595,
            "book_valuer_per_share": 37.46,
            "book_valuer_per_share_4q_avg": 36.89,
            "equity": 1126080,
            "current_ratio": 177.11,
            "debt_ratio": 37.51,
            "inventory_turnover_ratio": 0.57,
            "account_receivable_turnover_ratio": 1.95,
            "reinvestment_rate": 65.02,
            "research_to_sale_ratio": 2.66,
            "price_fair": 158.03,
            "eps_avg_yearly": 4.52,
            "eps_latest_yearly": 7.52,
            "eps_growth_yearly": 316.58
        },
        "20194": {
            "year_quarter": 20194,
            "year": 2019,
            "quarter": 4,
            "eps": 1.03,
            "eps_growth_year": -18.76,
            "eps_4q": 5.31,
            "eps_4q_growth_year": 3.56,
            "roe": 2.71,
            "roe_4q": 14.32,
            "gross_profit": 85345,
            "gross_margin": 31.99,
            "gross_margin_4q_avg": 32.18,
            "net_income": 30981,
            "net_income_4q": null,
            "revenue": 266795,
            "revenue_4q": null,
            "common_shares": 300595,
            "book_valuer_per_share": 38.59,
            "book_valuer_per_share_4q_avg": 37.4,
            "equity": 1160123,
            "current_ratio": 177.09,
            "debt_ratio": 37.66,
            "inventory_turnover_ratio": 0.61,
            "account_receivable_turnover_ratio": 1.78,
            "reinvestment_rate": 58,
            "research_to_sale_ratio": 2.07,
            "price_fair": 154.88,
            "eps_avg_yearly": 4.43,
            "eps_latest_yearly": 4.12,
            "eps_growth_yearly": 310.31
        },
        "20201": {
            "year_quarter": 20201,
            "year": 2020,
            "quarter": 1,
            "eps": 1.56,
            "eps_growth_year": 16.42,
            "eps_4q": 5.53,
            "eps_4q_growth_year": -1.14,
            "roe": 3.96,
            "roe_4q": 14.689999999999998,
            "gross_profit": 81618,
            "gross_margin": 34.68,
            "gross_margin_4q_avg": 32.05,
            "net_income": 46890,
            "net_income_4q": null,
            "revenue": 235327,
            "revenue_4q": null,
            "common_shares": 300595,
            "book_valuer_per_share": 40.16,
            "book_valuer_per_share_4q_avg": 37.97,
            "equity": 1207145,
            "current_ratio": 191.27,
            "debt_ratio": 35.2,
            "inventory_turnover_ratio": 0.53,
            "account_receivable_turnover_ratio": 1.59,
            "reinvestment_rate": 53.28,
            "research_to_sale_ratio": 2.9,
            "price_fair": 154.35,
            "eps_avg_yearly": 4.41,
            "eps_latest_yearly": 6.24,
            "eps_growth_yearly": 319.03
        },
        "20202": {
            "year_quarter": 20202,
            "year": 2020,
            "quarter": 2,
            "eps": 2.35,
            "eps_growth_year": 121.7,
            "eps_4q": 6.82,
            "eps_4q_growth_year": 47.48,
            "roe": 5.94,
            "roe_4q": 17.75,
            "gross_profit": 126393,
            "gross_margin": 41.42,
            "gross_margin_4q_avg": 35.49,
            "net_income": 70718,
            "net_income_4q": null,
            "revenue": 305145,
            "revenue_4q": null,
            "common_shares": 300595,
            "book_valuer_per_share": 39,
            "book_valuer_per_share_4q_avg": 38.8,
            "equity": 1172348,
            "current_ratio": 179.98,
            "debt_ratio": 36.73,
            "inventory_turnover_ratio": 0.62,
            "account_receivable_turnover_ratio": 2.11,
            "reinvestment_rate": 46.49,
            "research_to_sale_ratio": 2.22,
            "price_fair": 161.53,
            "eps_avg_yearly": 4.62,
            "eps_latest_yearly": 9.4,
            "eps_growth_yearly": 333.08
        },
        "20203": {
            "year_quarter": 20203,
            "year": 2020,
            "quarter": 3,
            "eps": 1.14,
            "eps_growth_year": -39.36,
            "eps_4q": 6.09,
            "eps_4q_growth_year": 9.78,
            "roe": 2.89,
            "roe_4q": 15.5,
            "gross_profit": 79826,
            "gross_margin": 36.23,
            "gross_margin_4q_avg": 36.08,
            "net_income": 34330,
            "net_income_4q": null,
            "revenue": 220329,
            "revenue_4q": null,
            "common_shares": 300595,
            "book_valuer_per_share": 40.13,
            "book_valuer_per_share_4q_avg": 39.47,
            "equity": 1206421,
            "current_ratio": 209.8,
            "debt_ratio": 31.43,
            "inventory_turnover_ratio": 0.47,
            "account_receivable_turnover_ratio": 1.59,
            "reinvestment_rate": 36.88,
            "research_to_sale_ratio": 3.04,
            "price_fair": 164.33,
            "eps_avg_yearly": 4.7,
            "eps_latest_yearly": 4.56,
            "eps_growth_yearly": 331.81
        },
        "20204": {
            "year_quarter": 20204,
            "year": 2020,
            "quarter": 4,
            "eps": 1.16,
            "eps_growth_year": 12.34,
            "eps_4q": 6.21,
            "eps_4q_growth_year": 17.1,
            "roe": 2.84,
            "roe_4q": 15.630000000000003,
            "gross_profit": 83076,
            "gross_margin": 37.26,
            "gross_margin_4q_avg": 37.4,
            "net_income": 34804,
            "net_income_4q": null,
            "revenue": 222987,
            "revenue_4q": null,
            "common_shares": 300595,
            "book_valuer_per_share": 41.27,
            "book_valuer_per_share_4q_avg": 40.14,
            "equity": 1240555,
            "current_ratio": 220.44,
            "debt_ratio": 30.38,
            "inventory_turnover_ratio": 0.46,
            "account_receivable_turnover_ratio": 1.99,
            "reinvestment_rate": 29.19,
            "research_to_sale_ratio": 2.83,
            "price_fair": 163.01,
            "eps_avg_yearly": 4.66,
            "eps_latest_yearly": 4.64,
            "eps_growth_yearly": 317.31
        },
        "20211": {
            "year_quarter": 20211,
            "year": 2021,
            "quarter": 1,
            "eps": 1.73,
            "eps_growth_year": 10.9,
            "eps_4q": 6.38,
            "eps_4q_growth_year": 15.4,
            "roe": 4.1,
            "roe_4q": 15.77,
            "gross_profit": 91530,
            "gross_margin": 38.85,
            "gross_margin_4q_avg": 38.44,
            "net_income": 51972,
            "net_income_4q": null,
            "revenue": 235583,
            "revenue_4q": null,
            "common_shares": 300595,
            "book_valuer_per_share": 43,
            "book_valuer_per_share_4q_avg": 40.85,
            "equity": 1292550,
            "current_ratio": 220.95,
            "debt_ratio": 31.01,
            "inventory_turnover_ratio": 0.48,
            "account_receivable_turnover_ratio": 2.01,
            "reinvestment_rate": 16.17,
            "research_to_sale_ratio": 2.87,
            "price_fair": 177.36,
            "eps_avg_yearly": 5.07,
            "eps_latest_yearly": 6.92,
            "eps_growth_yearly": 352.88
        },
        "20212": {
            "year_quarter": 20212,
            "year": 2021,
            "quarter": 2,
            "eps": 0.74,
            "eps_growth_year": -68.51,
            "eps_4q": 4.77,
            "eps_4q_growth_year": -30.11,
            "roe": 1.71,
            "roe_4q": 11.54,
            "gross_profit": 66033,
            "gross_margin": 30.52,
            "gross_margin_4q_avg": 35.72,
            "net_income": 22249,
            "net_income_4q": null,
            "revenue": 216335,
            "revenue_4q": null,
            "common_shares": 300595,
            "book_valuer_per_share": 43.74,
            "book_valuer_per_share_4q_avg": 42.04,
            "equity": 1314936,
            "current_ratio": 246.5,
            "debt_ratio": 31.22,
            "inventory_turnover_ratio": 0.54,
            "account_receivable_turnover_ratio": 1.75,
            "reinvestment_rate": -12.73,
            "research_to_sale_ratio": 3.02,
            "price_fair": 174.21,
            "eps_avg_yearly": 4.98,
            "eps_latest_yearly": 2.96,
            "eps_growth_yearly": 58.02
        },
        "20213": {
            "year_quarter": 20213,
            "year": 2021,
            "quarter": 3,
            "eps": 0.94,
            "eps_growth_year": -17.54,
            "eps_4q": 4.57,
            "eps_4q_growth_year": -24.98,
            "roe": 2.22,
            "roe_4q": 10.87,
            "gross_profit": 54287,
            "gross_margin": 34.1,
            "gross_margin_4q_avg": 35.18,
            "net_income": 28202,
            "net_income_4q": null,
            "revenue": 159176,
            "revenue_4q": null,
            "common_shares": 300595,
            "book_valuer_per_share": 40.67,
            "book_valuer_per_share_4q_avg": 42.17,
            "equity": 1222467,
            "current_ratio": 195.8,
            "debt_ratio": 38.11,
            "inventory_turnover_ratio": 0.4,
            "account_receivable_turnover_ratio": 1.39,
            "reinvestment_rate": -16.98,
            "research_to_sale_ratio": 3.17,
            "price_fair": 179.55,
            "eps_avg_yearly": 5.13,
            "eps_latest_yearly": 3.76,
            "eps_growth_yearly": 82.27
        },
        "20214": {
            "year_quarter": 20214,
            "year": 2021,
            "quarter": 4,
            "eps": 0.04,
            "eps_growth_year": -96.96,
            "eps_4q": 2.59,
            "eps_4q_growth_year": -58.28,
            "roe": 0.09,
            "roe_4q": 8.12,
            "gross_profit": 30496,
            "gross_margin": 22.5,
            "gross_margin_4q_avg": 31.49,
            "net_income": 1412,
            "net_income_4q": null,
            "revenue": 135509,
            "revenue_4q": null,
            "common_shares": 400595,
            "book_valuer_per_share": 45.73,
            "book_valuer_per_share_4q_avg": 43.29,
            "equity": 1832078,
            "current_ratio": 250.98,
            "debt_ratio": 32.31,
            "inventory_turnover_ratio": 0.37,
            "account_receivable_turnover_ratio": 1.26,
            "reinvestment_rate": -15.03,
            "research_to_sale_ratio": 4.67,
            "price_fair": 175.79,
            "eps_avg_yearly": 5.02,
            "eps_latest_yearly": 0.16,
            "eps_growth_yearly": 47.73
        },
        "20221": {
            "year_quarter": 20221,
            "year": 2022,
            "quarter": 1,
            "eps": 0.85,
            "eps_growth_year": -50.87,
            "eps_4q": 2.15,
            "eps_4q_growth_year": -66.32,
            "roe": 1.85,
            "roe_4q": 5.87,
            "gross_profit": 35580,
            "gross_margin": 22.3,
            "gross_margin_4q_avg": 27.36,
            "net_income": 34242,
            "net_income_4q": null,
            "revenue": 159519,
            "revenue_4q": null,
            "common_shares": 400595,
            "book_valuer_per_share": 46.6,
            "book_valuer_per_share_4q_avg": 44.19,
            "equity": 1866697,
            "current_ratio": 274.35,
            "debt_ratio": 28.55,
            "inventory_turnover_ratio": 0.43,
            "account_receivable_turnover_ratio": 2.07,
            "reinvestment_rate": -8.74,
            "research_to_sale_ratio": 3.84,
            "price_fair": 175.7,
            "eps_avg_yearly": 5.02,
            "eps_latest_yearly": 3.4,
            "eps_growth_yearly": 533.24
        },
        "20222": {
            "year_quarter": 20222,
            "year": 2022,
            "quarter": 2,
            "eps": 1.72,
            "eps_growth_year": 132.43,
            "eps_4q": 3.31,
            "eps_4q_growth_year": -30.55,
            "roe": 3.7,
            "roe_4q": 7.860000000000001,
            "gross_profit": 78987,
            "gross_margin": 37.78,
            "gross_margin_4q_avg": 29.17,
            "net_income": 68822,
            "net_income_4q": null,
            "revenue": 209091,
            "revenue_4q": null,
            "common_shares": 400595,
            "book_valuer_per_share": 46.17,
            "book_valuer_per_share_4q_avg": 44.79,
            "equity": 1849715,
            "current_ratio": 265.21,
            "debt_ratio": 28.35,
            "inventory_turnover_ratio": 0.46,
            "account_receivable_turnover_ratio": 2.42,
            "reinvestment_rate": 5.56,
            "research_to_sale_ratio": 2.91,
            "price_fair": 172.99,
            "eps_avg_yearly": 4.94,
            "eps_latest_yearly": 6.88,
            "eps_growth_yearly": 524.81
        },
        "20223": {
            "year_quarter": 20223,
            "year": 2022,
            "quarter": 3,
            "eps": 2.54,
            "eps_growth_year": 170.21,
            "eps_4q": 4.88,
            "eps_4q_growth_year": 7,
            "roe": 5.64,
            "roe_4q": 11.28,
            "gross_profit": 116995,
            "gross_margin": 41.52,
            "gross_margin_4q_avg": 31.03,
            "net_income": 113333,
            "net_income_4q": null,
            "revenue": 281808,
            "revenue_4q": null,
            "common_shares": 445917,
            "book_valuer_per_share": 48.66,
            "book_valuer_per_share_4q_avg": 46.79,
            "equity": 2170045,
            "current_ratio": 255.35,
            "debt_ratio": 27.9,
            "inventory_turnover_ratio": 0.55,
            "account_receivable_turnover_ratio": 2.28,
            "reinvestment_rate": 31.85,
            "research_to_sale_ratio": 4.01,
            "price_fair": 186.81,
            "eps_avg_yearly": 5.34,
            "eps_latest_yearly": 10.16,
            "eps_growth_yearly": 549.91
        },
        "20224": {
            "year_quarter": 20224,
            "year": 2022,
            "quarter": 4,
            "eps": 0.52,
            "eps_growth_year": 1382.41,
            "eps_4q": 5.38,
            "eps_4q_growth_year": 107.38,
            "roe": 1.07,
            "roe_4q": 12.26,
            "gross_profit": 99169,
            "gross_margin": 39.98,
            "gross_margin_4q_avg": 35.4,
            "net_income": 23300,
            "net_income_4q": null,
            "revenue": 248055,
            "revenue_4q": null,
            "common_shares": 445917,
            "book_valuer_per_share": 49.32,
            "book_valuer_per_share_4q_avg": 47.69,
            "equity": 2199297,
            "current_ratio": 316.54,
            "debt_ratio": 20.87,
            "inventory_turnover_ratio": 0.44,
            "account_receivable_turnover_ratio": 1.91,
            "reinvestment_rate": 47.65,
            "research_to_sale_ratio": 4.26,
            "price_fair": 180.25,
            "eps_avg_yearly": 5.15,
            "eps_latest_yearly": 2.08,
            "eps_growth_yearly": 521.95
        },
        "20231": {
            "year_quarter": 20231,
            "year": 2023,
            "quarter": 1,
            "eps": 1.47,
            "eps_growth_year": 72.94,
            "eps_4q": 6.08,
            "eps_4q_growth_year": 182.72,
            "roe": 3.03,
            "roe_4q": 13.439999999999998,
            "gross_profit": 110717,
            "gross_margin": 41.42,
            "gross_margin_4q_avg": 40.18,
            "net_income": 65523,
            "net_income_4q": null,
            "revenue": 267284,
            "revenue_4q": null,
            "common_shares": 445917,
            "book_valuer_per_share": 47.79,
            "book_valuer_per_share_4q_avg": 47.99,
            "equity": 2131038,
            "current_ratio": 251.37,
            "debt_ratio": 24.49,
            "inventory_turnover_ratio": 0.43,
            "account_receivable_turnover_ratio": 2.01,
            "reinvestment_rate": 57.12,
            "research_to_sale_ratio": 3.41,
            "price_fair": 181.39,
            "eps_avg_yearly": 5.18,
            "eps_latest_yearly": 5.88,
            "eps_growth_yearly": 566.25
        },
        "20232": {
            "year_quarter": 20232,
            "year": 2023,
            "quarter": 2,
            "eps": 1.51,
            "eps_growth_year": -12.21,
            "eps_4q": 6.05,
            "eps_4q_growth_year": 82.61,
            "roe": 3.12,
            "roe_4q": 12.86,
            "gross_profit": 89813,
            "gross_margin": 36.64,
            "gross_margin_4q_avg": 39.89,
            "net_income": 67540,
            "net_income_4q": null,
            "revenue": 245136,
            "revenue_4q": null,
            "common_shares": 445917,
            "book_valuer_per_share": 49.31,
            "book_valuer_per_share_4q_avg": 48.77,
            "equity": 2198610,
            "current_ratio": 246.12,
            "debt_ratio": 24.28,
            "inventory_turnover_ratio": 0.39,
            "account_receivable_turnover_ratio": 1.79,
            "reinvestment_rate": 70.79,
            "research_to_sale_ratio": 3.72,
            "price_fair": 185.33,
            "eps_avg_yearly": 5.3,
            "eps_latest_yearly": 6.04,
            "eps_growth_yearly": 572.15
        },
        "20233": {
            "year_quarter": 20233,
            "year": 2023,
            "quarter": 3,
            "eps": 2.07,
            "eps_growth_year": -18.5,
            "eps_4q": 5.58,
            "eps_4q_growth_year": 14.25,
            "roe": 4.12,
            "roe_4q": 11.34,
            "gross_profit": 113484,
            "gross_margin": 34.35,
            "gross_margin_4q_avg": 38.1,
            "net_income": 92477,
            "net_income_4q": null,
            "revenue": 330374,
            "revenue_4q": null,
            "common_shares": 445917,
            "book_valuer_per_share": 51.38,
            "book_valuer_per_share_4q_avg": 49.45,
            "equity": 2291137,
            "current_ratio": 251.25,
            "debt_ratio": 22.79,
            "inventory_turnover_ratio": 0.52,
            "account_receivable_turnover_ratio": 2.21,
            "reinvestment_rate": 85.38,
            "research_to_sale_ratio": 3.23,
            "price_fair": 186.99,
            "eps_avg_yearly": 5.34,
            "eps_latest_yearly": 8.28,
            "eps_growth_yearly": 562.09
        },
        "20234": {
            "year_quarter": 20234,
            "year": 2023,
            "quarter": 4,
            "eps": 0.57,
            "eps_growth_year": 9.33,
            "eps_4q": 5.63,
            "eps_4q_growth_year": 4.72,
            "roe": 1.11,
            "roe_4q": 11.38,
            "gross_profit": 95507,
            "gross_margin": 35.13,
            "gross_margin_4q_avg": 36.89,
            "net_income": 25473,
            "net_income_4q": null,
            "revenue": 271893,
            "revenue_4q": null,
            "common_shares": 445917,
            "book_valuer_per_share": 51.97,
            "book_valuer_per_share_4q_avg": 50.11,
            "equity": 2317409,
            "current_ratio": 280.12,
            "debt_ratio": 20.11,
            "inventory_turnover_ratio": 0.4,
            "account_receivable_turnover_ratio": 1.75,
            "reinvestment_rate": 90.59,
            "research_to_sale_ratio": 3.32,
            "price_fair": 182.96,
            "eps_avg_yearly": 5.23,
            "eps_latest_yearly": 2.28,
            "eps_growth_yearly": 555.27
        }
    },
    "months": {
        "2004-05": {
            "month": "2004-05",
            "price": "23.00",
            "revenue": 15153
        },
        "2004-07": {
            "month": "2004-07",
            "price": "22.93",
            "revenue": 18462
        },
        "2004-08": {
            "month": "2004-08",
            "price": "22.95",
            "revenue": 13426
        },
        "2004-10": {
            "month": "2004-10",
            "price": "21.01",
            "revenue": 16646
        },
        "2004-11": {
            "month": "2004-11",
            "price": "21.07",
            "revenue": 16142
        },
        "2004-12": {
            "month": "2004-12",
            "price": "21.05",
            "revenue": 18244
        },
        "2005-01": {
            "month": "2005-01",
            "price": "21.05",
            "revenue": 14012
        },
        "2005-02": {
            "month": "2005-02",
            "price": "20.91",
            "revenue": 22653
        },
        "2005-03": {
            "month": "2005-03",
            "price": "23.09",
            "revenue": 21695
        },
        "2005-04": {
            "month": "2005-04",
            "price": "23.93",
            "revenue": 27339
        },
        "2005-05": {
            "month": "2005-05",
            "price": "22.40",
            "revenue": 21241
        },
        "2005-06": {
            "month": "2005-06",
            "price": "22.40",
            "revenue": 24527
        },
        "2005-08": {
            "month": "2005-08",
            "price": "23.94",
            "revenue": 25268
        },
        "2005-09": {
            "month": "2005-09",
            "price": "23.91",
            "revenue": 23493
        },
        "2005-10": {
            "month": "2005-10",
            "price": "25.03",
            "revenue": 22283
        },
        "2005-11": {
            "month": "2005-11",
            "price": "26.37",
            "revenue": 31021
        },
        "2005-12": {
            "month": "2005-12",
            "price": "26.38",
            "revenue": 27931
        },
        "2006-01": {
            "month": "2006-01",
            "price": "27.01",
            "revenue": 21555
        },
        "2006-02": {
            "month": "2006-02",
            "price": "26.77",
            "revenue": 25369
        },
        "2006-03": {
            "month": "2006-03",
            "price": "26.30",
            "revenue": 22849
        },
        "2006-04": {
            "month": "2006-04",
            "price": "25.62",
            "revenue": 21378
        },
        "2006-05": {
            "month": "2006-05",
            "price": "25.66",
            "revenue": 22328
        },
        "2006-06": {
            "month": "2006-06",
            "price": "24.40",
            "revenue": 22358
        },
        "2006-07": {
            "month": "2006-07",
            "price": "23.08",
            "revenue": 22989
        },
        "2006-08": {
            "month": "2006-08",
            "price": "22.89",
            "revenue": 26528
        },
        "2006-09": {
            "month": "2006-09",
            "price": "22.82",
            "revenue": 21912
        },
        "2006-10": {
            "month": "2006-10",
            "price": "23.63",
            "revenue": 27521
        },
        "2006-11": {
            "month": "2006-11",
            "price": "27.29",
            "revenue": 22305
        },
        "2006-12": {
            "month": "2006-12",
            "price": "31.40",
            "revenue": 13147
        },
        "2007-01": {
            "month": "2007-01",
            "price": "33.40",
            "revenue": 26674
        },
        "2007-02": {
            "month": "2007-02",
            "price": "33.37",
            "revenue": 21779
        },
        "2007-03": {
            "month": "2007-03",
            "price": "33.94",
            "revenue": 21636
        },
        "2007-04": {
            "month": "2007-04",
            "price": "35.44",
            "revenue": 24532
        },
        "2007-05": {
            "month": "2007-05",
            "price": "34.69",
            "revenue": 29385
        },
        "2007-06": {
            "month": "2007-06",
            "price": "36.38",
            "revenue": 25336
        },
        "2007-07": {
            "month": "2007-07",
            "price": "50.45",
            "revenue": 17390
        },
        "2007-08": {
            "month": "2007-08",
            "price": "39.99",
            "revenue": 22879
        },
        "2007-09": {
            "month": "2007-09",
            "price": "39.18",
            "revenue": 22928
        },
        "2007-10": {
            "month": "2007-10",
            "price": "36.44",
            "revenue": 26855
        },
        "2007-11": {
            "month": "2007-11",
            "price": "28.69",
            "revenue": 21755
        },
        "2007-12": {
            "month": "2007-12",
            "price": "26.56",
            "revenue": 19542
        },
        "2008-01": {
            "month": "2008-01",
            "price": "24.80",
            "revenue": 24828
        },
        "2008-02": {
            "month": "2008-02",
            "price": "26.98",
            "revenue": 23753
        },
        "2008-03": {
            "month": "2008-03",
            "price": "29.82",
            "revenue": 23653
        },
        "2008-04": {
            "month": "2008-04",
            "price": "35.55",
            "revenue": 27954
        },
        "2008-05": {
            "month": "2008-05",
            "price": "35.91",
            "revenue": 32058
        },
        "2008-06": {
            "month": "2008-06",
            "price": "31.58",
            "revenue": 26073
        },
        "2008-07": {
            "month": "2008-07",
            "price": "31.18",
            "revenue": 30590
        },
        "2008-08": {
            "month": "2008-08",
            "price": "34.41",
            "revenue": 23707
        },
        "2008-09": {
            "month": "2008-09",
            "price": "31.24",
            "revenue": 23793
        },
        "2008-10": {
            "month": "2008-10",
            "price": "26.13",
            "revenue": 19759
        },
        "2008-11": {
            "month": "2008-11",
            "price": "24.89",
            "revenue": 24043
        },
        "2008-12": {
            "month": "2008-12",
            "price": "24.84",
            "revenue": 25977
        },
        "2009-01": {
            "month": "2009-01",
            "price": "25.80",
            "revenue": 28925
        },
        "2009-02": {
            "month": "2009-02",
            "price": "25.99",
            "revenue": 27638
        },
        "2009-03": {
            "month": "2009-03",
            "price": "28.33",
            "revenue": 29236
        },
        "2009-04": {
            "month": "2009-04",
            "price": "33.78",
            "revenue": 37280
        },
        "2009-05": {
            "month": "2009-05",
            "price": "37.47",
            "revenue": 31706
        },
        "2009-06": {
            "month": "2009-06",
            "price": "36.76",
            "revenue": 28164
        },
        "2009-07": {
            "month": "2009-07",
            "price": "44.97",
            "revenue": 21470
        },
        "2009-08": {
            "month": "2009-08",
            "price": "42.23",
            "revenue": 21932
        },
        "2009-09": {
            "month": "2009-09",
            "price": "42.51",
            "revenue": 18625
        },
        "2009-10": {
            "month": "2009-10",
            "price": "40.52",
            "revenue": 20710
        },
        "2009-11": {
            "month": "2009-11",
            "price": "38.71",
            "revenue": 22633
        },
        "2009-12": {
            "month": "2009-12",
            "price": "39.35",
            "revenue": 35012
        },
        "2010-01": {
            "month": "2010-01",
            "price": "37.99",
            "revenue": 29598
        },
        "2010-02": {
            "month": "2010-02",
            "price": "34.86",
            "revenue": 25554
        },
        "2010-03": {
            "month": "2010-03",
            "price": "36.92",
            "revenue": 40863
        },
        "2010-04": {
            "month": "2010-04",
            "price": "40.46",
            "revenue": 50494
        },
        "2010-05": {
            "month": "2010-05",
            "price": "42.59",
            "revenue": 38500
        },
        "2010-06": {
            "month": "2010-06",
            "price": "42.11",
            "revenue": 42962
        },
        "2010-07": {
            "month": "2010-07",
            "price": "44.05",
            "revenue": 42944
        },
        "2010-08": {
            "month": "2010-08",
            "price": "51.90",
            "revenue": 35112
        },
        "2010-09": {
            "month": "2010-09",
            "price": "62.99",
            "revenue": 28057
        },
        "2010-10": {
            "month": "2010-10",
            "price": "69.50",
            "revenue": 27915
        },
        "2010-11": {
            "month": "2010-11",
            "price": "65.04",
            "revenue": 34077
        },
        "2010-12": {
            "month": "2010-12",
            "price": "61.66",
            "revenue": 38847
        },
        "2011-01": {
            "month": "2011-01",
            "price": "58.50",
            "revenue": 35883
        },
        "2011-02": {
            "month": "2011-02",
            "price": "59.39",
            "revenue": 31448
        },
        "2011-03": {
            "month": "2011-03",
            "price": "60.43",
            "revenue": 35285
        },
        "2011-04": {
            "month": "2011-04",
            "price": "61.79",
            "revenue": 31362
        },
        "2011-05": {
            "month": "2011-05",
            "price": "59.69",
            "revenue": 28456
        },
        "2011-06": {
            "month": "2011-06",
            "price": "51.63",
            "revenue": 43943
        },
        "2011-07": {
            "month": "2011-07",
            "price": "48.86",
            "revenue": 30611
        },
        "2011-08": {
            "month": "2011-08",
            "price": "42.60",
            "revenue": 22465
        },
        "2011-09": {
            "month": "2011-09",
            "price": "43.08",
            "revenue": 29853
        },
        "2011-10": {
            "month": "2011-10",
            "price": "42.35",
            "revenue": 33003
        },
        "2011-11": {
            "month": "2011-11",
            "price": "42.03",
            "revenue": 31834
        },
        "2011-12": {
            "month": "2011-12",
            "price": "39.52",
            "revenue": 46778
        },
        "2012-01": {
            "month": "2012-01",
            "price": "41.39",
            "revenue": 25987
        },
        "2012-02": {
            "month": "2012-02",
            "price": "47.47",
            "revenue": 26309
        },
        "2012-03": {
            "month": "2012-03",
            "price": "50.79",
            "revenue": 59860
        },
        "2012-04": {
            "month": "2012-04",
            "price": "49.46",
            "revenue": 37301
        },
        "2012-05": {
            "month": "2012-05",
            "price": "47.47",
            "revenue": 40777
        },
        "2012-06": {
            "month": "2012-06",
            "price": "44.26",
            "revenue": 36542
        },
        "2012-07": {
            "month": "2012-07",
            "price": "45.55",
            "revenue": 39336
        },
        "2012-08": {
            "month": "2012-08",
            "price": "45.35",
            "revenue": 39441
        },
        "2012-09": {
            "month": "2012-09",
            "price": "45.17",
            "revenue": 40552
        },
        "2012-10": {
            "month": "2012-10",
            "price": "46.48",
            "revenue": 30702
        },
        "2012-11": {
            "month": "2012-11",
            "price": "42.86",
            "revenue": 23816
        },
        "2012-12": {
            "month": "2012-12",
            "price": "46.15",
            "revenue": 30347
        },
        "2013-01": {
            "month": "2013-01",
            "price": "46.04",
            "revenue": 37165
        },
        "2013-02": {
            "month": "2013-02",
            "price": "46.93",
            "revenue": 35378
        },
        "2013-03": {
            "month": "2013-03",
            "price": "47.63",
            "revenue": 54017
        },
        "2013-04": {
            "month": "2013-04",
            "price": "47.11",
            "revenue": 52330
        },
        "2013-05": {
            "month": "2013-05",
            "price": "50.72",
            "revenue": 52676
        },
        "2013-06": {
            "month": "2013-06",
            "price": "60.56",
            "revenue": 39413
        },
        "2013-07": {
            "month": "2013-07",
            "price": "56.61",
            "revenue": 48557
        },
        "2013-08": {
            "month": "2013-08",
            "price": "59.98",
            "revenue": 39832
        },
        "2013-09": {
            "month": "2013-09",
            "price": "59.62",
            "revenue": 24906
        },
        "2013-10": {
            "month": "2013-10",
            "price": "57.25",
            "revenue": 40387
        },
        "2013-11": {
            "month": "2013-11",
            "price": "56.22",
            "revenue": 41810
        },
        "2013-12": {
            "month": "2013-12",
            "price": "56.76",
            "revenue": 35563
        },
        "2014-01": {
            "month": "2014-01",
            "price": "55.47",
            "revenue": 52299
        },
        "2014-02": {
            "month": "2014-02",
            "price": "56.77",
            "revenue": 41065
        },
        "2014-03": {
            "month": "2014-03",
            "price": "58.51",
            "revenue": 59029
        },
        "2014-04": {
            "month": "2014-04",
            "price": "61.05",
            "revenue": 47218
        },
        "2014-05": {
            "month": "2014-05",
            "price": "69.11",
            "revenue": 50222
        },
        "2014-06": {
            "month": "2014-06",
            "price": "80.04",
            "revenue": 54741
        },
        "2014-07": {
            "month": "2014-07",
            "price": "77.20",
            "revenue": 54854
        },
        "2014-08": {
            "month": "2014-08",
            "price": "68.40",
            "revenue": 49702
        },
        "2014-09": {
            "month": "2014-09",
            "price": "70.26",
            "revenue": 51830
        },
        "2014-10": {
            "month": "2014-10",
            "price": "63.89",
            "revenue": 50696
        },
        "2014-11": {
            "month": "2014-11",
            "price": "66.06",
            "revenue": 48558
        },
        "2014-12": {
            "month": "2014-12",
            "price": "70.61",
            "revenue": 49082
        },
        "2015-01": {
            "month": "2015-01",
            "price": "69.36",
            "revenue": 51511
        },
        "2015-02": {
            "month": "2015-02",
            "price": "69.58",
            "revenue": 51795
        },
        "2015-03": {
            "month": "2015-03",
            "price": "75.05",
            "revenue": 64198
        },
        "2015-04": {
            "month": "2015-04",
            "price": "80.01",
            "revenue": 52037
        },
        "2015-05": {
            "month": "2015-05",
            "price": "77.03",
            "revenue": 51823
        },
        "2015-06": {
            "month": "2015-06",
            "price": "76.21",
            "revenue": 56232
        },
        "2015-07": {
            "month": "2015-07",
            "price": "77.01",
            "revenue": 61588
        },
        "2015-08": {
            "month": "2015-08",
            "price": "70.58",
            "revenue": 55993
        },
        "2015-09": {
            "month": "2015-09",
            "price": "72.84",
            "revenue": 57973
        },
        "2015-10": {
            "month": "2015-10",
            "price": "75.40",
            "revenue": 54326
        },
        "2015-11": {
            "month": "2015-11",
            "price": "82.75",
            "revenue": 67121
        },
        "2015-12": {
            "month": "2015-12",
            "price": "86.31",
            "revenue": 58965
        },
        "2016-01": {
            "month": "2016-01",
            "price": "82.65",
            "revenue": 69166
        },
        "2016-02": {
            "month": "2016-02",
            "price": "85.12",
            "revenue": 70035
        },
        "2016-03": {
            "month": "2016-03",
            "price": "92.12",
            "revenue": 71413
        },
        "2016-04": {
            "month": "2016-04",
            "price": "94.02",
            "revenue": 62450
        },
        "2016-05": {
            "month": "2016-05",
            "price": "93.14",
            "revenue": 68275
        },
        "2016-06": {
            "month": "2016-06",
            "price": "100.97",
            "revenue": 71008
        },
        "2016-07": {
            "month": "2016-07",
            "price": "103.10",
            "revenue": 58255
        },
        "2016-08": {
            "month": "2016-08",
            "price": "96.81",
            "revenue": 54043
        },
        "2016-09": {
            "month": "2016-09",
            "price": "99.37",
            "revenue": 53234
        },
        "2016-10": {
            "month": "2016-10",
            "price": "95.86",
            "revenue": 52853
        },
        "2016-11": {
            "month": "2016-11",
            "price": "97.43",
            "revenue": 72236
        },
        "2016-12": {
            "month": "2016-12",
            "price": "98.23",
            "revenue": 63820
        },
        "2017-01": {
            "month": "2017-01",
            "price": "94.64",
            "revenue": 59549
        },
        "2017-02": {
            "month": "2017-02",
            "price": "94.48",
            "revenue": 61697
        },
        "2017-03": {
            "month": "2017-03",
            "price": "98.13",
            "revenue": 64352
        },
        "2017-04": {
            "month": "2017-04",
            "price": "92.99",
            "revenue": 58271
        },
        "2017-05": {
            "month": "2017-05",
            "price": "87.89",
            "revenue": 68961
        },
        "2017-06": {
            "month": "2017-06",
            "price": "88.28",
            "revenue": 79433
        },
        "2017-07": {
            "month": "2017-07",
            "price": "89.65",
            "revenue": 50601
        },
        "2017-08": {
            "month": "2017-08",
            "price": "86.84",
            "revenue": 54697
        },
        "2017-09": {
            "month": "2017-09",
            "price": "88.60",
            "revenue": 50450
        },
        "2017-10": {
            "month": "2017-10",
            "price": "87.11",
            "revenue": 38164
        },
        "2017-11": {
            "month": "2017-11",
            "price": "80.36",
            "revenue": 52309
        },
        "2017-12": {
            "month": "2017-12",
            "price": "72.70",
            "revenue": 56502
        },
        "2018-01": {
            "month": "2018-01",
            "price": "70.80",
            "revenue": 54390
        },
        "2018-02": {
            "month": "2018-02",
            "price": "70.32",
            "revenue": 55464
        },
        "2018-03": {
            "month": "2018-03",
            "price": "73.57",
            "revenue": 81617
        },
        "2018-04": {
            "month": "2018-04",
            "price": "78.51",
            "revenue": 73075
        },
        "2018-05": {
            "month": "2018-05",
            "price": "79.87",
            "revenue": 62534
        },
        "2018-06": {
            "month": "2018-06",
            "price": "78.80",
            "revenue": 68760
        },
        "2018-07": {
            "month": "2018-07",
            "price": "78.48",
            "revenue": 62648
        },
        "2018-08": {
            "month": "2018-08",
            "price": "78.94",
            "revenue": 63525
        },
        "2018-09": {
            "month": "2018-09",
            "price": "79.57",
            "revenue": 60073
        },
        "2018-10": {
            "month": "2018-10",
            "price": "78.72",
            "revenue": 65984
        },
        "2018-11": {
            "month": "2018-11",
            "price": "79.27",
            "revenue": 72763
        },
        "2018-12": {
            "month": "2018-12",
            "price": "78.04",
            "revenue": 64000
        },
        "2019-01": {
            "month": "2019-01",
            "price": "77.93",
            "revenue": 67400
        },
        "2019-02": {
            "month": "2019-02",
            "price": "78.28",
            "revenue": 61330
        },
        "2019-03": {
            "month": "2019-03",
            "price": "77.86",
            "revenue": 65831
        },
        "2019-04": {
            "month": "2019-04",
            "price": "77.40",
            "revenue": 50801
        },
        "2019-05": {
            "month": "2019-05",
            "price": "76.99",
            "revenue": 82174
        },
        "2019-06": {
            "month": "2019-06",
            "price": "78.45",
            "revenue": 78140
        },
        "2019-07": {
            "month": "2019-07",
            "price": "79.13",
            "revenue": 73856
        },
        "2019-08": {
            "month": "2019-08",
            "price": "74.60",
            "revenue": 93753
        },
        "2019-09": {
            "month": "2019-09",
            "price": "75.14",
            "revenue": 106330
        },
        "2019-10": {
            "month": "2019-10",
            "price": "79.74",
            "revenue": 93803
        },
        "2019-11": {
            "month": "2019-11",
            "price": "83.31",
            "revenue": 88969
        },
        "2019-12": {
            "month": "2019-12",
            "price": "82.86",
            "revenue": 84024
        },
        "2020-01": {
            "month": "2020-01",
            "price": "81.88",
            "revenue": 72857
        },
        "2020-02": {
            "month": "2020-02",
            "price": "79.29",
            "revenue": 71083
        },
        "2020-03": {
            "month": "2020-03",
            "price": "74.71",
            "revenue": 91387
        },
        "2020-04": {
            "month": "2020-04",
            "price": "75.91",
            "revenue": 102372
        },
        "2020-05": {
            "month": "2020-05",
            "price": "84.62",
            "revenue": 107091
        },
        "2020-06": {
            "month": "2020-06",
            "price": "88.86",
            "revenue": 95682
        },
        "2020-07": {
            "month": "2020-07",
            "price": "86.50",
            "revenue": 82796
        },
        "2020-08": {
            "month": "2020-08",
            "price": "83.07",
            "revenue": 67053
        },
        "2020-09": {
            "month": "2020-09",
            "price": "76.75",
            "revenue": 70480
        },
        "2020-10": {
            "month": "2020-10",
            "price": "73.47",
            "revenue": 73736
        },
        "2020-11": {
            "month": "2020-11",
            "price": "75.20",
            "revenue": 86709
        },
        "2020-12": {
            "month": "2020-12",
            "price": "76.25",
            "revenue": 62541
        },
        "2021-01": {
            "month": "2021-01",
            "price": "74.08",
            "revenue": 74656
        },
        "2021-02": {
            "month": "2021-02",
            "price": "75.39",
            "revenue": 63909
        },
        "2021-03": {
            "month": "2021-03",
            "price": "90.02",
            "revenue": 97017
        },
        "2021-04": {
            "month": "2021-04",
            "price": "104.81",
            "revenue": 71120
        },
        "2021-05": {
            "month": "2021-05",
            "price": "88.83",
            "revenue": 86175
        },
        "2021-06": {
            "month": "2021-06",
            "price": "79.61",
            "revenue": 59041
        },
        "2021-07": {
            "month": "2021-07",
            "price": "75.74",
            "revenue": 44409
        },
        "2021-08": {
            "month": "2021-08",
            "price": "71.80",
            "revenue": 43025
        },
        "2021-09": {
            "month": "2021-09",
            "price": "71.46",
            "revenue": 71742
        },
        "2021-10": {
            "month": "2021-10",
            "price": "68.42",
            "revenue": 31319
        },
        "2021-11": {
            "month": "2021-11",
            "price": "69.71",
            "revenue": 51281
        },
        "2021-12": {
            "month": "2021-12",
            "price": "65.10",
            "revenue": 52909
        },
        "2022-01": {
            "month": "2022-01",
            "price": "65.96",
            "revenue": 53984
        },
        "2022-02": {
            "month": "2022-02",
            "price": "66.91",
            "revenue": 50908
        },
        "2022-03": {
            "month": "2022-03",
            "price": "66.19",
            "revenue": 54627
        },
        "2022-04": {
            "month": "2022-04",
            "price": "65.44",
            "revenue": 56248
        },
        "2022-05": {
            "month": "2022-05",
            "price": "64.23",
            "revenue": 73524
        },
        "2022-06": {
            "month": "2022-06",
            "price": "65.78",
            "revenue": 79319
        },
        "2022-07": {
            "month": "2022-07",
            "price": "65.29",
            "revenue": 62052
        },
        "2022-08": {
            "month": "2022-08",
            "price": "69.24",
            "revenue": 94700
        },
        "2022-09": {
            "month": "2022-09",
            "price": "74.16",
            "revenue": 125056
        },
        "2022-10": {
            "month": "2022-10",
            "price": "77.18",
            "revenue": 66786
        },
        "2022-11": {
            "month": "2022-11",
            "price": "77.87",
            "revenue": 106608
        },
        "2022-12": {
            "month": "2022-12",
            "price": "84.34",
            "revenue": 74662
        },
        "2023-01": {
            "month": "2023-01",
            "price": "82.08",
            "revenue": 99600
        },
        "2023-02": {
            "month": "2023-02",
            "price": "86.23",
            "revenue": 82322
        },
        "2023-03": {
            "month": "2023-03",
            "price": "85.06",
            "revenue": 85361
        },
        "2023-04": {
            "month": "2023-04",
            "price": "86.34",
            "revenue": 70325
        },
        "2023-05": {
            "month": "2023-05",
            "price": "89.54",
            "revenue": 99975
        },
        "2023-06": {
            "month": "2023-06",
            "price": "88.88",
            "revenue": 74836
        },
        "2023-07": {
            "month": "2023-07",
            "price": "86.11",
            "revenue": 123173
        },
        "2023-08": {
            "month": "2023-08",
            "price": "85.52",
            "revenue": 124542
        },
        "2023-09": {
            "month": "2023-09",
            "price": "88.44",
            "revenue": 82659
        },
        "2023-10": {
            "month": "2023-10",
            "price": "85.23",
            "revenue": 75329
        },
        "2023-11": {
            "month": "2023-11",
            "price": "85.36",
            "revenue": 108030
        },
        "2023-12": {
            "month": "2023-12",
            "price": "86.19",
            "revenue": 88534
        }
    }
}
