{
    "summary": {
        "stock_name": "合世",
        "stock_id": "1781",
        "category": "生技醫療",
        "main_business": "電子血壓計<br>藥物微霧化器",
        "website_url": "http://www.healthandlife.com.tw",
        "ceo": "李紹弘",
        "pe_ratio": -42,
        "report_year_from": 2002,
        "report_year_to": 2023,
        "age": 22,
        "eps_negative_percentage": 62,
        "eps_growth_avg": {
            "last_all": -84.21,
            "last_2y": -100,
            "last_4y": -100,
            "last_8y": -100,
            "last_12y": -91.49,
            "last_16y": -93.19,
            "last_20y": null,
            "at_2006_last_3y": null,
            "at_2007_last_3y": -69.24,
            "at_2008_last_3y": -98.81,
            "at_2009_last_3y": -100,
            "at_2010_last_3y": -100,
            "at_2011_last_3y": -100,
            "at_2012_last_3y": -100,
            "at_2013_last_3y": -82.97,
            "at_2014_last_3y": -88.65,
            "at_2015_last_3y": -82.97,
            "at_2016_last_3y": -82.97,
            "at_2017_last_3y": -100,
            "at_2018_last_3y": null,
            "at_2019_last_3y": null,
            "at_2020_last_3y": null,
            "at_2021_last_3y": -100,
            "at_2022_last_3y": -100,
            "at_2023_last_3y": -100,
            "at_2024_last_3y": -100,
            "at_2006_last_all": -69.24,
            "at_2007_last_all": -69.24,
            "at_2008_last_all": -76.93,
            "at_2009_last_all": -76.93,
            "at_2010_last_all": -76.93,
            "at_2011_last_all": -81.55,
            "at_2012_last_all": -81.55,
            "at_2013_last_all": -78.95,
            "at_2014_last_all": -81.95,
            "at_2015_last_all": -81.95,
            "at_2016_last_all": -81.95,
            "at_2017_last_all": -81.95,
            "at_2018_last_all": -81.95,
            "at_2019_last_all": -81.95,
            "at_2020_last_all": -81.95,
            "at_2021_last_all": -84.21,
            "at_2022_last_all": -84.21,
            "at_2023_last_all": -84.21,
            "at_2024_last_all": -84.21
        },
        "latest_eps": -0.43,
        "latest_price": 17.9,
        "latest_roe": -5.47,
        "latest_gross_margin": 23,
        "latest_equity": 363872,
        "latest_revenue": 213281,
        "latest_gross_profit": 49057,
        "latest_net_income": 23561,
        "latest_debt_ratio": 49.77,
        "latest_current_ratio": 156.22,
        "latest_account_receivable_turnover_ratio": 1.8,
        "latest_inventory_turnover_ratio": 0.96,
        "latest_reinvestment_rate": 0.09,
        "latest_research_to_sale_ratio": 1.77
    },
    "eps_dividends": {
        "2001": {
            "cash": 0,
            "stock": 0,
            "eps": 0
        },
        "2002": {
            "cash": 0,
            "stock": 0,
            "eps": 0
        },
        "2003": {
            "cash": 0,
            "stock": 7.5,
            "eps": 16.11
        },
        "2004": {
            "cash": 0,
            "stock": 13,
            "eps": 14.29
        },
        "2005": {
            "cash": 4.2,
            "stock": 5.49,
            "eps": 0.51
        },
        "2006": {
            "cash": 0,
            "stock": 0.31,
            "eps": -2.58
        },
        "2007": {
            "cash": 0,
            "stock": 0,
            "eps": 0.51
        },
        "2008": {
            "cash": 0,
            "stock": 0,
            "eps": -1.56
        },
        "2009": {
            "cash": 0,
            "stock": 0,
            "eps": -1.18
        },
        "2010": {
            "cash": 0,
            "stock": 0,
            "eps": 2.17
        },
        "2011": {
            "cash": 0,
            "stock": 0,
            "eps": -0.73
        },
        "2012": {
            "cash": 0,
            "stock": 0,
            "eps": 1.85
        },
        "2013": {
            "cash": 0.1,
            "stock": 0,
            "eps": 0.63
        },
        "2014": {
            "cash": 0.5,
            "stock": 0,
            "eps": -1.12
        },
        "2015": {
            "cash": 0,
            "stock": 0,
            "eps": -1.3
        },
        "2016": {
            "cash": 0,
            "stock": 0,
            "eps": -1.58
        },
        "2017": {
            "cash": 0,
            "stock": 0,
            "eps": -1.43
        },
        "2018": {
            "cash": 0,
            "stock": 0,
            "eps": -0.81
        },
        "2019": {
            "cash": 0,
            "stock": 0,
            "eps": -1.61
        },
        "2020": {
            "cash": 0,
            "stock": 0,
            "eps": 4.35
        },
        "2021": {
            "cash": 0,
            "stock": 0,
            "eps": -1.32
        },
        "2022": {
            "cash": 0,
            "stock": 0,
            "eps": -0.37
        },
        "2023": {
            "cash": 0,
            "stock": 0,
            "eps": -0.13
        }
    },
    "dividends": {
        "2003-04-24": {
            "cash": 0,
            "stock": 7.5
        },
        "2004-03-04": {
            "cash": 0,
            "stock": 13
        },
        "2005-03-23": {
            "cash": 4.2,
            "stock": 5.49
        },
        "2006-04-27": {
            "cash": 0,
            "stock": 0.31
        },
        "2013-06-18": {
            "cash": 0.1,
            "stock": 0
        },
        "2014-08-22": {
            "cash": 0.5,
            "stock": 0
        }
    },
    "prices": {
        "200101": "無",
        "200102": "無",
        "200103": "無",
        "200104": "無",
        "200105": "無",
        "200106": "無",
        "200107": "無",
        "200108": "無",
        "200109": "無",
        "200110": "無",
        "200111": "無",
        "200112": "無",
        "200201": "無",
        "200202": "無",
        "200203": "無",
        "200204": "無",
        "200205": "無",
        "200206": "無",
        "200207": "無",
        "200208": "無",
        "200209": "無",
        "200210": "無",
        "200211": "無",
        "200212": "無",
        "200301": "無",
        "200302": "無",
        "200303": "無",
        "200304": "無",
        "200305": "無",
        "200306": "無",
        "200307": "無",
        "200308": "無",
        "200309": "無",
        "200310": "無",
        "200311": "無",
        "200312": "無",
        "200401": "267.00",
        "200402": "260.00",
        "200403": "261.40",
        "200404": "270.40",
        "200405": "288.71",
        "200406": "274.19",
        "200407": "161.68",
        "200408": "141.67",
        "200409": "156.17",
        "200410": "無",
        "200411": "147.27",
        "200412": "141.50",
        "200501": "121.83",
        "200502": "126.19",
        "200503": "125.59",
        "200504": "122.20",
        "200505": "104.88",
        "200506": "94.41",
        "200507": "76.96",
        "200508": "56.74",
        "200509": "28.15",
        "200510": "21.84",
        "200511": "22.80",
        "200512": "23.93",
        "200601": "22.69",
        "200602": "21.35",
        "200603": "19.34",
        "200604": "20.80",
        "200605": "26.39",
        "200606": "23.56",
        "200607": "22.11",
        "200608": "20.78",
        "200609": "18.90",
        "200610": "20.57",
        "200611": "19.63",
        "200612": "20.64",
        "200701": "22.46",
        "200702": "22.36",
        "200703": "27.83",
        "200704": "32.43",
        "200705": "32.31",
        "200706": "32.76",
        "200707": "50.38",
        "200708": "44.00",
        "200709": "40.75",
        "200710": "32.14",
        "200711": "26.68",
        "200712": "24.94",
        "200801": "26.15",
        "200802": "24.37",
        "200803": "24.15",
        "200804": "28.61",
        "200805": "29.40",
        "200806": "21.91",
        "200807": "16.87",
        "200808": "15.61",
        "200809": "12.59",
        "200810": "9.29",
        "200811": "7.79",
        "200812": "7.63",
        "200901": "7.48",
        "200902": "7.27",
        "200903": "8.75",
        "200904": "16.92",
        "200905": "16.66",
        "200906": "14.02",
        "200907": "16.03",
        "200908": "15.64",
        "200909": "15.58",
        "200910": "15.97",
        "200911": "15.53",
        "200912": "16.03",
        "201001": "16.21",
        "201002": "15.38",
        "201003": "20.23",
        "201004": "21.66",
        "201005": "23.45",
        "201006": "23.82",
        "201007": "25.21",
        "201008": "30.22",
        "201009": "40.50",
        "201010": "38.86",
        "201011": "35.25",
        "201012": "31.62",
        "201101": "29.59",
        "201102": "28.61",
        "201103": "27.23",
        "201104": "27.18",
        "201105": "26.49",
        "201106": "21.12",
        "201107": "18.75",
        "201108": "15.35",
        "201109": "13.50",
        "201110": "13.81",
        "201111": "14.41",
        "201112": "12.36",
        "201201": "12.42",
        "201202": "15.43",
        "201203": "15.16",
        "201204": "14.12",
        "201205": "15.10",
        "201206": "19.52",
        "201207": "24.84",
        "201208": "26.22",
        "201209": "28.09",
        "201210": "27.19",
        "201211": "27.76",
        "201212": "40.92",
        "201301": "45.78",
        "201302": "50.86",
        "201303": "57.16",
        "201304": "58.01",
        "201305": "53.01",
        "201306": "52.45",
        "201307": "47.40",
        "201308": "44.83",
        "201309": "45.62",
        "201310": "48.85",
        "201311": "40.70",
        "201312": "39.65",
        "201401": "36.59",
        "201402": "38.13",
        "201403": "35.02",
        "201404": "30.24",
        "201405": "33.29",
        "201406": "33.42",
        "201407": "35.23",
        "201408": "29.81",
        "201409": "28.79",
        "201410": "24.92",
        "201411": "21.52",
        "201412": "24.77",
        "201501": "24.54",
        "201502": "24.66",
        "201503": "32.88",
        "201504": "33.37",
        "201505": "28.12",
        "201506": "26.79",
        "201507": "27.95",
        "201508": "24.63",
        "201509": "25.00",
        "201510": "26.04",
        "201511": "26.42",
        "201512": "25.63",
        "201601": "23.25",
        "201602": "24.85",
        "201603": "24.59",
        "201604": "21.74",
        "201605": "19.58",
        "201606": "20.07",
        "201607": "22.25",
        "201608": "22.12",
        "201609": "20.66",
        "201610": "19.34",
        "201611": "18.32",
        "201612": "19.58",
        "201701": "19.36",
        "201702": "19.65",
        "201703": "19.54",
        "201704": "17.44",
        "201705": "15.43",
        "201706": "15.15",
        "201707": "15.18",
        "201708": "13.65",
        "201709": "13.33",
        "201710": "12.72",
        "201711": "12.40",
        "201712": "11.96",
        "201801": "12.52",
        "201802": "11.83",
        "201803": "13.73",
        "201804": "15.03",
        "201805": "14.01",
        "201806": "14.43",
        "201807": "13.60",
        "201808": "12.40",
        "201809": "12.22",
        "201810": "11.16",
        "201811": "10.35",
        "201812": "10.22",
        "201901": "10.33",
        "201902": "10.59",
        "201903": "10.91",
        "201904": "10.53",
        "201905": "9.64",
        "201906": "9.67",
        "201907": "9.91",
        "201908": "9.22",
        "201909": "9.31",
        "201910": "8.88",
        "201911": "8.07",
        "201912": "8.18",
        "202001": "9.01",
        "202002": "12.26",
        "202003": "10.60",
        "202004": "10.15",
        "202005": "16.00",
        "202006": "24.38",
        "202007": "35.68",
        "202008": "35.52",
        "202009": "28.65",
        "202010": "26.01",
        "202011": "26.83",
        "202012": "26.11",
        "202101": "24.23",
        "202102": "22.84",
        "202103": "22.95",
        "202104": "22.00",
        "202105": "22.92",
        "202106": "22.76",
        "202107": "19.50",
        "202108": "15.85",
        "202109": "15.58",
        "202110": "13.94",
        "202111": "14.24",
        "202112": "16.04",
        "202201": "16.50",
        "202202": "15.10",
        "202203": "14.41",
        "202204": "16.21",
        "202205": "14.72",
        "202206": "14.30",
        "202207": "13.46",
        "202208": "15.13",
        "202209": "16.18",
        "202210": "14.18",
        "202211": "14.23",
        "202212": "15.23",
        "202301": "15.00",
        "202302": "15.56",
        "202303": "15.24",
        "202304": "14.98",
        "202305": "14.55",
        "202306": "14.28",
        "202307": "13.90",
        "202308": "12.84",
        "202309": "12.21",
        "202310": "12.48",
        "202311": "14.20",
        "202312": "17.34"
    },
    "quarters": {
        "20011": {
            "year_quarter": 20011,
            "year": 2001,
            "quarter": 1,
            "eps": null,
            "eps_growth_year": null,
            "eps_4q": null,
            "eps_4q_growth_year": null,
            "roe": null,
            "roe_4q": 0,
            "gross_profit": null,
            "gross_margin": null,
            "gross_margin_4q_avg": 0,
            "net_income": null,
            "net_income_4q": null,
            "revenue": null,
            "revenue_4q": null,
            "common_shares": null,
            "book_valuer_per_share": null,
            "book_valuer_per_share_4q_avg": 0,
            "equity": null,
            "current_ratio": null,
            "debt_ratio": null,
            "inventory_turnover_ratio": null,
            "account_receivable_turnover_ratio": null,
            "reinvestment_rate": null,
            "research_to_sale_ratio": null,
            "price_fair": 0,
            "eps_avg_yearly": 0,
            "eps_latest_yearly": 0,
            "eps_growth_yearly": 0
        },
        "20012": {
            "year_quarter": 20012,
            "year": 2001,
            "quarter": 2,
            "eps": null,
            "eps_growth_year": null,
            "eps_4q": null,
            "eps_4q_growth_year": null,
            "roe": null,
            "roe_4q": 0,
            "gross_profit": null,
            "gross_margin": null,
            "gross_margin_4q_avg": 0,
            "net_income": null,
            "net_income_4q": null,
            "revenue": null,
            "revenue_4q": null,
            "common_shares": null,
            "book_valuer_per_share": null,
            "book_valuer_per_share_4q_avg": 0,
            "equity": null,
            "current_ratio": null,
            "debt_ratio": null,
            "inventory_turnover_ratio": null,
            "account_receivable_turnover_ratio": null,
            "reinvestment_rate": null,
            "research_to_sale_ratio": null,
            "price_fair": 0,
            "eps_avg_yearly": 0,
            "eps_latest_yearly": 0,
            "eps_growth_yearly": 0
        },
        "20013": {
            "year_quarter": 20013,
            "year": 2001,
            "quarter": 3,
            "eps": null,
            "eps_growth_year": null,
            "eps_4q": null,
            "eps_4q_growth_year": null,
            "roe": null,
            "roe_4q": 0,
            "gross_profit": null,
            "gross_margin": null,
            "gross_margin_4q_avg": 0,
            "net_income": null,
            "net_income_4q": null,
            "revenue": null,
            "revenue_4q": null,
            "common_shares": null,
            "book_valuer_per_share": null,
            "book_valuer_per_share_4q_avg": 0,
            "equity": null,
            "current_ratio": null,
            "debt_ratio": null,
            "inventory_turnover_ratio": null,
            "account_receivable_turnover_ratio": null,
            "reinvestment_rate": null,
            "research_to_sale_ratio": null,
            "price_fair": 0,
            "eps_avg_yearly": 0,
            "eps_latest_yearly": 0,
            "eps_growth_yearly": 0
        },
        "20014": {
            "year_quarter": 20014,
            "year": 2001,
            "quarter": 4,
            "eps": null,
            "eps_growth_year": null,
            "eps_4q": null,
            "eps_4q_growth_year": null,
            "roe": null,
            "roe_4q": 0,
            "gross_profit": null,
            "gross_margin": null,
            "gross_margin_4q_avg": 0,
            "net_income": null,
            "net_income_4q": null,
            "revenue": null,
            "revenue_4q": null,
            "common_shares": 30000,
            "book_valuer_per_share": 10.38,
            "book_valuer_per_share_4q_avg": 2.6,
            "equity": 31128,
            "current_ratio": 128.3,
            "debt_ratio": 65.87,
            "inventory_turnover_ratio": null,
            "account_receivable_turnover_ratio": null,
            "reinvestment_rate": null,
            "research_to_sale_ratio": null,
            "price_fair": 0,
            "eps_avg_yearly": 0,
            "eps_latest_yearly": 0,
            "eps_growth_yearly": 0
        },
        "20021": {
            "year_quarter": 20021,
            "year": 2002,
            "quarter": 1,
            "eps": null,
            "eps_growth_year": null,
            "eps_4q": null,
            "eps_4q_growth_year": null,
            "roe": null,
            "roe_4q": 0,
            "gross_profit": null,
            "gross_margin": null,
            "gross_margin_4q_avg": 0,
            "net_income": null,
            "net_income_4q": null,
            "revenue": null,
            "revenue_4q": null,
            "common_shares": null,
            "book_valuer_per_share": null,
            "book_valuer_per_share_4q_avg": 2.6,
            "equity": null,
            "current_ratio": null,
            "debt_ratio": null,
            "inventory_turnover_ratio": null,
            "account_receivable_turnover_ratio": null,
            "reinvestment_rate": null,
            "research_to_sale_ratio": null,
            "price_fair": 0,
            "eps_avg_yearly": 0,
            "eps_latest_yearly": 0,
            "eps_growth_yearly": 0
        },
        "20022": {
            "year_quarter": 20022,
            "year": 2002,
            "quarter": 2,
            "eps": null,
            "eps_growth_year": null,
            "eps_4q": null,
            "eps_4q_growth_year": null,
            "roe": null,
            "roe_4q": 0,
            "gross_profit": null,
            "gross_margin": null,
            "gross_margin_4q_avg": 0,
            "net_income": null,
            "net_income_4q": null,
            "revenue": null,
            "revenue_4q": null,
            "common_shares": null,
            "book_valuer_per_share": null,
            "book_valuer_per_share_4q_avg": 2.6,
            "equity": null,
            "current_ratio": null,
            "debt_ratio": null,
            "inventory_turnover_ratio": null,
            "account_receivable_turnover_ratio": null,
            "reinvestment_rate": null,
            "research_to_sale_ratio": null,
            "price_fair": 0,
            "eps_avg_yearly": 0,
            "eps_latest_yearly": 0,
            "eps_growth_yearly": 0
        },
        "20023": {
            "year_quarter": 20023,
            "year": 2002,
            "quarter": 3,
            "eps": null,
            "eps_growth_year": null,
            "eps_4q": null,
            "eps_4q_growth_year": null,
            "roe": null,
            "roe_4q": 0,
            "gross_profit": null,
            "gross_margin": null,
            "gross_margin_4q_avg": 0,
            "net_income": null,
            "net_income_4q": null,
            "revenue": null,
            "revenue_4q": null,
            "common_shares": null,
            "book_valuer_per_share": null,
            "book_valuer_per_share_4q_avg": 2.6,
            "equity": null,
            "current_ratio": null,
            "debt_ratio": null,
            "inventory_turnover_ratio": null,
            "account_receivable_turnover_ratio": null,
            "reinvestment_rate": null,
            "research_to_sale_ratio": null,
            "price_fair": 0,
            "eps_avg_yearly": 0,
            "eps_latest_yearly": 0,
            "eps_growth_yearly": 0
        },
        "20024": {
            "year_quarter": 20024,
            "year": 2002,
            "quarter": 4,
            "eps": null,
            "eps_growth_year": null,
            "eps_4q": null,
            "eps_4q_growth_year": null,
            "roe": null,
            "roe_4q": 0,
            "gross_profit": null,
            "gross_margin": null,
            "gross_margin_4q_avg": 0,
            "net_income": null,
            "net_income_4q": null,
            "revenue": null,
            "revenue_4q": null,
            "common_shares": 40000,
            "book_valuer_per_share": 18.51,
            "book_valuer_per_share_4q_avg": 4.63,
            "equity": 74032,
            "current_ratio": 125.76,
            "debt_ratio": 65.97,
            "inventory_turnover_ratio": null,
            "account_receivable_turnover_ratio": null,
            "reinvestment_rate": null,
            "research_to_sale_ratio": null,
            "price_fair": 0,
            "eps_avg_yearly": 0,
            "eps_latest_yearly": 0,
            "eps_growth_yearly": 0
        },
        "20031": {
            "year_quarter": 20031,
            "year": 2003,
            "quarter": 1,
            "eps": 0.82,
            "eps_growth_year": null,
            "eps_4q": null,
            "eps_4q_growth_year": null,
            "roe": 7.46,
            "roe_4q": 7.46,
            "gross_profit": 19819,
            "gross_margin": 13.52,
            "gross_margin_4q_avg": 3.38,
            "net_income": 5737,
            "net_income_4q": null,
            "revenue": 146568,
            "revenue_4q": null,
            "common_shares": 40000,
            "book_valuer_per_share": 19.92,
            "book_valuer_per_share_4q_avg": 9.61,
            "equity": 79695,
            "current_ratio": 109.91,
            "debt_ratio": 79.03,
            "inventory_turnover_ratio": 1.02,
            "account_receivable_turnover_ratio": null,
            "reinvestment_rate": null,
            "research_to_sale_ratio": null,
            "price_fair": 0,
            "eps_avg_yearly": 0,
            "eps_latest_yearly": 0,
            "eps_growth_yearly": 0
        },
        "20032": {
            "year_quarter": 20032,
            "year": 2003,
            "quarter": 2,
            "eps": 6.02,
            "eps_growth_year": null,
            "eps_4q": null,
            "eps_4q_growth_year": null,
            "roe": 41.91,
            "roe_4q": 49.37,
            "gross_profit": 89428,
            "gross_margin": 24.09,
            "gross_margin_4q_avg": 9.4,
            "net_income": 42128,
            "net_income_4q": null,
            "revenue": 371152,
            "revenue_4q": null,
            "common_shares": 70000,
            "book_valuer_per_share": 17.34,
            "book_valuer_per_share_4q_avg": 13.94,
            "equity": 121367,
            "current_ratio": 124.84,
            "debt_ratio": 74.79,
            "inventory_turnover_ratio": 1.83,
            "account_receivable_turnover_ratio": null,
            "reinvestment_rate": null,
            "research_to_sale_ratio": null,
            "price_fair": 842.8,
            "eps_avg_yearly": 24.08,
            "eps_latest_yearly": 24.08,
            "eps_growth_yearly": 2536.59
        },
        "20033": {
            "year_quarter": 20033,
            "year": 2003,
            "quarter": 3,
            "eps": 7.56,
            "eps_growth_year": null,
            "eps_4q": null,
            "eps_4q_growth_year": null,
            "roe": 37.72,
            "roe_4q": 87.08999999999999,
            "gross_profit": 111094,
            "gross_margin": 23.07,
            "gross_margin_4q_avg": 15.17,
            "net_income": 68036,
            "net_income_4q": null,
            "revenue": 481530,
            "revenue_4q": null,
            "common_shares": 90000,
            "book_valuer_per_share": 26.6,
            "book_valuer_per_share_4q_avg": 20.59,
            "equity": 239403,
            "current_ratio": 145.1,
            "debt_ratio": 67.43,
            "inventory_turnover_ratio": 2.56,
            "account_receivable_turnover_ratio": null,
            "reinvestment_rate": null,
            "research_to_sale_ratio": null,
            "price_fair": 950.6,
            "eps_avg_yearly": 27.16,
            "eps_latest_yearly": 30.24,
            "eps_growth_yearly": 1319.46
        },
        "20034": {
            "year_quarter": 20034,
            "year": 2003,
            "quarter": 4,
            "eps": 1.71,
            "eps_growth_year": null,
            "eps_4q": 16.79,
            "eps_4q_growth_year": null,
            "roe": 5.35,
            "roe_4q": 92.43999999999998,
            "gross_profit": 52393,
            "gross_margin": 15.69,
            "gross_margin_4q_avg": 19.09,
            "net_income": 13144,
            "net_income_4q": null,
            "revenue": 333824,
            "revenue_4q": null,
            "common_shares": 90000,
            "book_valuer_per_share": 28.04,
            "book_valuer_per_share_4q_avg": 22.98,
            "equity": 252400,
            "current_ratio": 146.22,
            "debt_ratio": 60.13,
            "inventory_turnover_ratio": 1.85,
            "account_receivable_turnover_ratio": null,
            "reinvestment_rate": null,
            "research_to_sale_ratio": null,
            "price_fair": 713.53,
            "eps_avg_yearly": 20.39,
            "eps_latest_yearly": 6.84,
            "eps_growth_yearly": 776.46
        },
        "20041": {
            "year_quarter": 20041,
            "year": 2004,
            "quarter": 1,
            "eps": 6.53,
            "eps_growth_year": 696.34,
            "eps_4q": 20.23,
            "eps_4q_growth_year": null,
            "roe": 20.86,
            "roe_4q": 105.84,
            "gross_profit": 95928,
            "gross_margin": 27.28,
            "gross_margin_4q_avg": 22.53,
            "net_income": 58784,
            "net_income_4q": null,
            "revenue": 351690,
            "revenue_4q": null,
            "common_shares": 90000,
            "book_valuer_per_share": 34.57,
            "book_valuer_per_share_4q_avg": 26.64,
            "equity": 311130,
            "current_ratio": 173.27,
            "debt_ratio": 54.65,
            "inventory_turnover_ratio": 1.64,
            "account_receivable_turnover_ratio": null,
            "reinvestment_rate": null,
            "research_to_sale_ratio": null,
            "price_fair": 763.7,
            "eps_avg_yearly": 21.82,
            "eps_latest_yearly": 26.12,
            "eps_growth_yearly": 864.22
        },
        "20042": {
            "year_quarter": 20042,
            "year": 2004,
            "quarter": 2,
            "eps": 3.38,
            "eps_growth_year": -43.85,
            "eps_4q": 9.98,
            "eps_4q_growth_year": null,
            "roe": 20.77,
            "roe_4q": 84.69999999999999,
            "gross_profit": 102912,
            "gross_margin": 22.76,
            "gross_margin_4q_avg": 22.2,
            "net_income": 71695,
            "net_income_4q": null,
            "revenue": 452116,
            "revenue_4q": null,
            "common_shares": 212150,
            "book_valuer_per_share": 17.88,
            "book_valuer_per_share_4q_avg": 26.77,
            "equity": 379358,
            "current_ratio": 174.23,
            "debt_ratio": 53.52,
            "inventory_turnover_ratio": 2.68,
            "account_receivable_turnover_ratio": null,
            "reinvestment_rate": null,
            "research_to_sale_ratio": null,
            "price_fair": 705.6,
            "eps_avg_yearly": 20.16,
            "eps_latest_yearly": 13.52,
            "eps_growth_yearly": 652.78
        },
        "20043": {
            "year_quarter": 20043,
            "year": 2004,
            "quarter": 3,
            "eps": 4.62,
            "eps_growth_year": -38.89,
            "eps_4q": 11.39,
            "eps_4q_growth_year": null,
            "roe": 22.89,
            "roe_4q": 69.86999999999999,
            "gross_profit": 153582,
            "gross_margin": 28.94,
            "gross_margin_4q_avg": 23.67,
            "net_income": 98016,
            "net_income_4q": null,
            "revenue": 530740,
            "revenue_4q": null,
            "common_shares": 212150,
            "book_valuer_per_share": 22.48,
            "book_valuer_per_share_4q_avg": 25.74,
            "equity": 476953,
            "current_ratio": 178.63,
            "debt_ratio": 52.78,
            "inventory_turnover_ratio": 3.56,
            "account_receivable_turnover_ratio": null,
            "reinvestment_rate": null,
            "research_to_sale_ratio": null,
            "price_fair": 695.8,
            "eps_avg_yearly": 19.88,
            "eps_latest_yearly": 18.48,
            "eps_growth_yearly": 568.44
        },
        "20044": {
            "year_quarter": 20044,
            "year": 2004,
            "quarter": 4,
            "eps": -0.24,
            "eps_growth_year": -114.04,
            "eps_4q": 10.53,
            "eps_4q_growth_year": -37.28,
            "roe": -1.08,
            "roe_4q": 63.44,
            "gross_profit": 63537,
            "gross_margin": 26.37,
            "gross_margin_4q_avg": 26.34,
            "net_income": -5111,
            "net_income_4q": null,
            "revenue": 240955,
            "revenue_4q": null,
            "common_shares": 212150,
            "book_valuer_per_share": 22.21,
            "book_valuer_per_share_4q_avg": 24.29,
            "equity": 471126,
            "current_ratio": 215.05,
            "debt_ratio": 33.87,
            "inventory_turnover_ratio": 1.62,
            "account_receivable_turnover_ratio": null,
            "reinvestment_rate": null,
            "research_to_sale_ratio": null,
            "price_fair": 695.8,
            "eps_avg_yearly": 19.88,
            "eps_latest_yearly": 18.48,
            "eps_growth_yearly": 568.44
        },
        "20051": {
            "year_quarter": 20051,
            "year": 2005,
            "quarter": 1,
            "eps": 0.38,
            "eps_growth_year": -94.18,
            "eps_4q": 8.13,
            "eps_4q_growth_year": -59.79,
            "roe": 1.7,
            "roe_4q": 44.28,
            "gross_profit": 30423,
            "gross_margin": 14.97,
            "gross_margin_4q_avg": 23.26,
            "net_income": 8066,
            "net_income_4q": null,
            "revenue": 203192,
            "revenue_4q": null,
            "common_shares": 212150,
            "book_valuer_per_share": 22.57,
            "book_valuer_per_share_4q_avg": 21.29,
            "equity": 478792,
            "current_ratio": 224.33,
            "debt_ratio": 30.42,
            "inventory_turnover_ratio": 1.63,
            "account_receivable_turnover_ratio": null,
            "reinvestment_rate": null,
            "research_to_sale_ratio": null,
            "price_fair": 695.8,
            "eps_avg_yearly": 19.88,
            "eps_latest_yearly": 18.48,
            "eps_growth_yearly": 568.44
        },
        "20052": {
            "year_quarter": 20052,
            "year": 2005,
            "quarter": 2,
            "eps": -0.18,
            "eps_growth_year": -105.33,
            "eps_4q": 4.48,
            "eps_4q_growth_year": -55.15,
            "roe": -1.41,
            "roe_4q": 22.1,
            "gross_profit": 28018,
            "gross_margin": 11.47,
            "gross_margin_4q_avg": 20.44,
            "net_income": -6023,
            "net_income_4q": null,
            "revenue": 244339,
            "revenue_4q": null,
            "common_shares": 212150,
            "book_valuer_per_share": 17.72,
            "book_valuer_per_share_4q_avg": 21.25,
            "equity": 375893,
            "current_ratio": 152.86,
            "debt_ratio": 45.2,
            "inventory_turnover_ratio": 2.28,
            "account_receivable_turnover_ratio": null,
            "reinvestment_rate": null,
            "research_to_sale_ratio": null,
            "price_fair": 695.8,
            "eps_avg_yearly": 19.88,
            "eps_latest_yearly": 18.48,
            "eps_growth_yearly": 568.44
        },
        "20053": {
            "year_quarter": 20053,
            "year": 2005,
            "quarter": 3,
            "eps": 0.69,
            "eps_growth_year": -85.06,
            "eps_4q": 0.6,
            "eps_4q_growth_year": -94.75,
            "roe": 5.95,
            "roe_4q": 5.16,
            "gross_profit": 63179,
            "gross_margin": 17.77,
            "gross_margin_4q_avg": 17.65,
            "net_income": 23130,
            "net_income_4q": null,
            "revenue": 355450,
            "revenue_4q": null,
            "common_shares": 335118,
            "book_valuer_per_share": 11.99,
            "book_valuer_per_share_4q_avg": 18.62,
            "equity": 401767,
            "current_ratio": 168.77,
            "debt_ratio": 43.44,
            "inventory_turnover_ratio": 3.38,
            "account_receivable_turnover_ratio": null,
            "reinvestment_rate": null,
            "research_to_sale_ratio": null,
            "price_fair": 695.8,
            "eps_avg_yearly": 19.88,
            "eps_latest_yearly": 18.48,
            "eps_growth_yearly": 568.44
        },
        "20054": {
            "year_quarter": 20054,
            "year": 2005,
            "quarter": 4,
            "eps": -0.38,
            "eps_growth_year": null,
            "eps_4q": 0.37,
            "eps_4q_growth_year": -96.49,
            "roe": -3.2,
            "roe_4q": 3.04,
            "gross_profit": 28603,
            "gross_margin": 13.94,
            "gross_margin_4q_avg": 14.54,
            "net_income": -12667,
            "net_income_4q": null,
            "revenue": 205172,
            "revenue_4q": null,
            "common_shares": 335118,
            "book_valuer_per_share": 11.62,
            "book_valuer_per_share_4q_avg": 15.98,
            "equity": 389366,
            "current_ratio": 135.35,
            "debt_ratio": 42.74,
            "inventory_turnover_ratio": 2.2,
            "account_receivable_turnover_ratio": null,
            "reinvestment_rate": null,
            "research_to_sale_ratio": null,
            "price_fair": 695.8,
            "eps_avg_yearly": 19.88,
            "eps_latest_yearly": 18.48,
            "eps_growth_yearly": 568.44
        },
        "20061": {
            "year_quarter": 20061,
            "year": 2006,
            "quarter": 1,
            "eps": -0.26,
            "eps_growth_year": -168.42,
            "eps_4q": -0.13,
            "eps_4q_growth_year": -101.57,
            "roe": -2.26,
            "roe_4q": -0.9199999999999997,
            "gross_profit": 25903,
            "gross_margin": 17.03,
            "gross_margin_4q_avg": 15.05,
            "net_income": -8701,
            "net_income_4q": null,
            "revenue": 152082,
            "revenue_4q": null,
            "common_shares": 336483,
            "book_valuer_per_share": 11.34,
            "book_valuer_per_share_4q_avg": 13.17,
            "equity": 381584,
            "current_ratio": 181.01,
            "debt_ratio": 41.08,
            "inventory_turnover_ratio": 1.37,
            "account_receivable_turnover_ratio": null,
            "reinvestment_rate": null,
            "research_to_sale_ratio": null,
            "price_fair": 695.8,
            "eps_avg_yearly": 19.88,
            "eps_latest_yearly": 18.48,
            "eps_growth_yearly": 568.44
        },
        "20062": {
            "year_quarter": 20062,
            "year": 2006,
            "quarter": 2,
            "eps": -0.69,
            "eps_growth_year": null,
            "eps_4q": -0.64,
            "eps_4q_growth_year": -114.26,
            "roe": -6.34,
            "roe_4q": -5.8500000000000005,
            "gross_profit": 40061,
            "gross_margin": 12.33,
            "gross_margin_4q_avg": 15.27,
            "net_income": -23288,
            "net_income_4q": null,
            "revenue": 324979,
            "revenue_4q": null,
            "common_shares": 337183,
            "book_valuer_per_share": 10.46,
            "book_valuer_per_share_4q_avg": 11.35,
            "equity": 352759,
            "current_ratio": 144.98,
            "debt_ratio": 54.62,
            "inventory_turnover_ratio": 2.59,
            "account_receivable_turnover_ratio": null,
            "reinvestment_rate": null,
            "research_to_sale_ratio": null,
            "price_fair": 695.8,
            "eps_avg_yearly": 19.88,
            "eps_latest_yearly": 18.48,
            "eps_growth_yearly": 568.44
        },
        "20063": {
            "year_quarter": 20063,
            "year": 2006,
            "quarter": 3,
            "eps": -0.17,
            "eps_growth_year": -124.64,
            "eps_4q": -1.46,
            "eps_4q_growth_year": -343.47,
            "roe": -1.72,
            "roe_4q": -13.52,
            "gross_profit": 58758,
            "gross_margin": 15.74,
            "gross_margin_4q_avg": 14.76,
            "net_income": -6031,
            "net_income_4q": null,
            "revenue": 373394,
            "revenue_4q": null,
            "common_shares": 347857,
            "book_valuer_per_share": 9.97,
            "book_valuer_per_share_4q_avg": 10.85,
            "equity": 346904,
            "current_ratio": 150.17,
            "debt_ratio": 54.81,
            "inventory_turnover_ratio": 2.74,
            "account_receivable_turnover_ratio": null,
            "reinvestment_rate": null,
            "research_to_sale_ratio": null,
            "price_fair": 695.8,
            "eps_avg_yearly": 19.88,
            "eps_latest_yearly": 18.48,
            "eps_growth_yearly": 568.44
        },
        "20064": {
            "year_quarter": 20064,
            "year": 2006,
            "quarter": 4,
            "eps": -1.46,
            "eps_growth_year": null,
            "eps_4q": -2.55,
            "eps_4q_growth_year": -789.19,
            "roe": -15.56,
            "roe_4q": -25.880000000000003,
            "gross_profit": 35323,
            "gross_margin": 16.34,
            "gross_margin_4q_avg": 15.36,
            "net_income": -50606,
            "net_income_4q": null,
            "revenue": 216240,
            "revenue_4q": null,
            "common_shares": 347857,
            "book_valuer_per_share": 8.73,
            "book_valuer_per_share_4q_avg": 10.13,
            "equity": 303588,
            "current_ratio": 91.48,
            "debt_ratio": 59.42,
            "inventory_turnover_ratio": 1.59,
            "account_receivable_turnover_ratio": null,
            "reinvestment_rate": 88.99,
            "research_to_sale_ratio": null,
            "price_fair": 695.8,
            "eps_avg_yearly": 19.88,
            "eps_latest_yearly": 18.48,
            "eps_growth_yearly": 568.44
        },
        "20071": {
            "year_quarter": 20071,
            "year": 2007,
            "quarter": 1,
            "eps": 0.06,
            "eps_growth_year": null,
            "eps_4q": -2.31,
            "eps_4q_growth_year": null,
            "roe": 0.66,
            "roe_4q": -22.96,
            "gross_profit": 33693,
            "gross_margin": 17.31,
            "gross_margin_4q_avg": 15.43,
            "net_income": 2020,
            "net_income_4q": null,
            "revenue": 194627,
            "revenue_4q": null,
            "common_shares": 348262,
            "book_valuer_per_share": 8.84,
            "book_valuer_per_share_4q_avg": 9.5,
            "equity": 307907,
            "current_ratio": 131.87,
            "debt_ratio": 49.43,
            "inventory_turnover_ratio": 1.56,
            "account_receivable_turnover_ratio": null,
            "reinvestment_rate": 23.29,
            "research_to_sale_ratio": null,
            "price_fair": 695.8,
            "eps_avg_yearly": 19.88,
            "eps_latest_yearly": 18.48,
            "eps_growth_yearly": 568.44
        },
        "20072": {
            "year_quarter": 20072,
            "year": 2007,
            "quarter": 2,
            "eps": 0.26,
            "eps_growth_year": null,
            "eps_4q": -1.31,
            "eps_4q_growth_year": null,
            "roe": 2.88,
            "roe_4q": -13.74,
            "gross_profit": 61035,
            "gross_margin": 17.71,
            "gross_margin_4q_avg": 16.78,
            "net_income": 9033,
            "net_income_4q": null,
            "revenue": 344718,
            "revenue_4q": null,
            "common_shares": 349157,
            "book_valuer_per_share": 9.15,
            "book_valuer_per_share_4q_avg": 9.17,
            "equity": 319360,
            "current_ratio": 127.74,
            "debt_ratio": 57.97,
            "inventory_turnover_ratio": 3.52,
            "account_receivable_turnover_ratio": null,
            "reinvestment_rate": 18.27,
            "research_to_sale_ratio": null,
            "price_fair": 561.4,
            "eps_avg_yearly": 16.04,
            "eps_latest_yearly": 1.04,
            "eps_growth_yearly": 367.9
        },
        "20073": {
            "year_quarter": 20073,
            "year": 2007,
            "quarter": 3,
            "eps": 0.48,
            "eps_growth_year": null,
            "eps_4q": -0.65,
            "eps_4q_growth_year": null,
            "roe": 5.14,
            "roe_4q": -6.880000000000001,
            "gross_profit": 63830,
            "gross_margin": 18.23,
            "gross_margin_4q_avg": 17.4,
            "net_income": 16806,
            "net_income_4q": null,
            "revenue": 350094,
            "revenue_4q": null,
            "common_shares": 349607,
            "book_valuer_per_share": 9.57,
            "book_valuer_per_share_4q_avg": 9.07,
            "equity": 334573,
            "current_ratio": 127.45,
            "debt_ratio": 60.47,
            "inventory_turnover_ratio": 3.9,
            "account_receivable_turnover_ratio": null,
            "reinvestment_rate": 26.18,
            "research_to_sale_ratio": null,
            "price_fair": 396.2,
            "eps_avg_yearly": 11.32,
            "eps_latest_yearly": 1.92,
            "eps_growth_yearly": 407.26
        },
        "20074": {
            "year_quarter": 20074,
            "year": 2007,
            "quarter": 4,
            "eps": -0.29,
            "eps_growth_year": null,
            "eps_4q": 0.5,
            "eps_4q_growth_year": null,
            "roe": -3.1,
            "roe_4q": 5.58,
            "gross_profit": 47418,
            "gross_margin": 17.26,
            "gross_margin_4q_avg": 17.63,
            "net_income": -10259,
            "net_income_4q": null,
            "revenue": 274782,
            "revenue_4q": null,
            "common_shares": 349607,
            "book_valuer_per_share": 9.34,
            "book_valuer_per_share_4q_avg": 9.23,
            "equity": 326500,
            "current_ratio": 88.54,
            "debt_ratio": 63.01,
            "inventory_turnover_ratio": 2.35,
            "account_receivable_turnover_ratio": null,
            "reinvestment_rate": 137.36,
            "research_to_sale_ratio": null,
            "price_fair": 427.56,
            "eps_avg_yearly": 12.22,
            "eps_latest_yearly": 1.92,
            "eps_growth_yearly": 550.61
        },
        "20081": {
            "year_quarter": 20081,
            "year": 2008,
            "quarter": 1,
            "eps": -0.54,
            "eps_growth_year": -1000,
            "eps_4q": -0.1,
            "eps_4q_growth_year": null,
            "roe": -5.99,
            "roe_4q": -1.0700000000000003,
            "gross_profit": 37392,
            "gross_margin": 16.93,
            "gross_margin_4q_avg": 17.53,
            "net_income": -18977,
            "net_income_4q": null,
            "revenue": 220878,
            "revenue_4q": null,
            "common_shares": 349967,
            "book_valuer_per_share": 8.78,
            "book_valuer_per_share_4q_avg": 9.21,
            "equity": 307415,
            "current_ratio": 86.36,
            "debt_ratio": 64.06,
            "inventory_turnover_ratio": 1.34,
            "account_receivable_turnover_ratio": null,
            "reinvestment_rate": 187.3,
            "research_to_sale_ratio": null,
            "price_fair": 305.9,
            "eps_avg_yearly": 8.74,
            "eps_latest_yearly": 1.92,
            "eps_growth_yearly": 406.4
        },
        "20082": {
            "year_quarter": 20082,
            "year": 2008,
            "quarter": 2,
            "eps": -0.42,
            "eps_growth_year": -261.54,
            "eps_4q": -0.77,
            "eps_4q_growth_year": null,
            "roe": -4.82,
            "roe_4q": -8.77,
            "gross_profit": 27185,
            "gross_margin": 10.36,
            "gross_margin_4q_avg": 15.7,
            "net_income": -14596,
            "net_income_4q": null,
            "revenue": 262406,
            "revenue_4q": null,
            "common_shares": 350482,
            "book_valuer_per_share": 8.51,
            "book_valuer_per_share_4q_avg": 9.05,
            "equity": 298421,
            "current_ratio": 85.58,
            "debt_ratio": 65.75,
            "inventory_turnover_ratio": 1.59,
            "account_receivable_turnover_ratio": null,
            "reinvestment_rate": 13601.85,
            "research_to_sale_ratio": null,
            "price_fair": 250.13,
            "eps_avg_yearly": 7.15,
            "eps_latest_yearly": 1.92,
            "eps_growth_yearly": 606.18
        },
        "20083": {
            "year_quarter": 20083,
            "year": 2008,
            "quarter": 3,
            "eps": 0.08,
            "eps_growth_year": -83.33,
            "eps_4q": -1.17,
            "eps_4q_growth_year": null,
            "roe": 0.93,
            "roe_4q": -12.98,
            "gross_profit": 38121,
            "gross_margin": 12.1,
            "gross_margin_4q_avg": 14.16,
            "net_income": 2811,
            "net_income_4q": null,
            "revenue": 315119,
            "revenue_4q": null,
            "common_shares": 350482,
            "book_valuer_per_share": 8.66,
            "book_valuer_per_share_4q_avg": 8.82,
            "equity": 303515,
            "current_ratio": 90.65,
            "debt_ratio": 67.79,
            "inventory_turnover_ratio": 1.69,
            "account_receivable_turnover_ratio": null,
            "reinvestment_rate": null,
            "research_to_sale_ratio": null,
            "price_fair": 51.8,
            "eps_avg_yearly": 1.48,
            "eps_latest_yearly": 1.92,
            "eps_growth_yearly": 835.9
        },
        "20084": {
            "year_quarter": 20084,
            "year": 2008,
            "quarter": 4,
            "eps": -0.68,
            "eps_growth_year": null,
            "eps_4q": -1.56,
            "eps_4q_growth_year": -412,
            "roe": -8.12,
            "roe_4q": -18,
            "gross_profit": 14728,
            "gross_margin": 4.94,
            "gross_margin_4q_avg": 11.08,
            "net_income": -23766,
            "net_income_4q": null,
            "revenue": 298210,
            "revenue_4q": null,
            "common_shares": 350482,
            "book_valuer_per_share": 8.04,
            "book_valuer_per_share_4q_avg": 8.5,
            "equity": 281767,
            "current_ratio": 85.97,
            "debt_ratio": 69.78,
            "inventory_turnover_ratio": 1.37,
            "account_receivable_turnover_ratio": 5.17,
            "reinvestment_rate": null,
            "research_to_sale_ratio": null,
            "price_fair": 51.8,
            "eps_avg_yearly": 1.48,
            "eps_latest_yearly": 1.92,
            "eps_growth_yearly": 835.9
        },
        "20091": {
            "year_quarter": 20091,
            "year": 2009,
            "quarter": 1,
            "eps": -0.24,
            "eps_growth_year": null,
            "eps_4q": -1.25,
            "eps_4q_growth_year": null,
            "roe": -3,
            "roe_4q": -15.01,
            "gross_profit": 19754,
            "gross_margin": 7.98,
            "gross_margin_4q_avg": 8.85,
            "net_income": -8347,
            "net_income_4q": null,
            "revenue": 247539,
            "revenue_4q": null,
            "common_shares": 350482,
            "book_valuer_per_share": 7.84,
            "book_valuer_per_share_4q_avg": 8.26,
            "equity": 274878,
            "current_ratio": 82.5,
            "debt_ratio": 68.36,
            "inventory_turnover_ratio": 1.14,
            "account_receivable_turnover_ratio": 1.97,
            "reinvestment_rate": null,
            "research_to_sale_ratio": null,
            "price_fair": 51.8,
            "eps_avg_yearly": 1.48,
            "eps_latest_yearly": 1.92,
            "eps_growth_yearly": 835.9
        },
        "20092": {
            "year_quarter": 20092,
            "year": 2009,
            "quarter": 2,
            "eps": -1.12,
            "eps_growth_year": null,
            "eps_4q": -1.95,
            "eps_4q_growth_year": null,
            "roe": -15.36,
            "roe_4q": -25.549999999999997,
            "gross_profit": 31303,
            "gross_margin": 14.7,
            "gross_margin_4q_avg": 9.93,
            "net_income": -39174,
            "net_income_4q": null,
            "revenue": 212978,
            "revenue_4q": null,
            "common_shares": 350482,
            "book_valuer_per_share": 6.71,
            "book_valuer_per_share_4q_avg": 7.81,
            "equity": 235206,
            "current_ratio": 75.29,
            "debt_ratio": 68.85,
            "inventory_turnover_ratio": 1.26,
            "account_receivable_turnover_ratio": 1.71,
            "reinvestment_rate": null,
            "research_to_sale_ratio": null,
            "price_fair": 51.8,
            "eps_avg_yearly": 1.48,
            "eps_latest_yearly": 1.92,
            "eps_growth_yearly": 835.9
        },
        "20093": {
            "year_quarter": 20093,
            "year": 2009,
            "quarter": 3,
            "eps": 0.01,
            "eps_growth_year": -87.5,
            "eps_4q": -2.02,
            "eps_4q_growth_year": null,
            "roe": 0.16,
            "roe_4q": -26.32,
            "gross_profit": 36542,
            "gross_margin": 13.73,
            "gross_margin_4q_avg": 10.34,
            "net_income": 366,
            "net_income_4q": null,
            "revenue": 266229,
            "revenue_4q": null,
            "common_shares": 350482,
            "book_valuer_per_share": 6.7,
            "book_valuer_per_share_4q_avg": 7.32,
            "equity": 234778,
            "current_ratio": 91.55,
            "debt_ratio": 70.03,
            "inventory_turnover_ratio": 1.95,
            "account_receivable_turnover_ratio": 2.25,
            "reinvestment_rate": null,
            "research_to_sale_ratio": null,
            "price_fair": 51.8,
            "eps_avg_yearly": 1.48,
            "eps_latest_yearly": 1.92,
            "eps_growth_yearly": 835.9
        },
        "20094": {
            "year_quarter": 20094,
            "year": 2009,
            "quarter": 4,
            "eps": 0.17,
            "eps_growth_year": null,
            "eps_4q": -1.18,
            "eps_4q_growth_year": null,
            "roe": 2.44,
            "roe_4q": -15.76,
            "gross_profit": 28817,
            "gross_margin": 11.59,
            "gross_margin_4q_avg": 12,
            "net_income": 5796,
            "net_income_4q": null,
            "revenue": 248714,
            "revenue_4q": null,
            "common_shares": 350482,
            "book_valuer_per_share": 6.84,
            "book_valuer_per_share_4q_avg": 7.02,
            "equity": 239851,
            "current_ratio": 90.57,
            "debt_ratio": 67.84,
            "inventory_turnover_ratio": 2.07,
            "account_receivable_turnover_ratio": 4.22,
            "reinvestment_rate": null,
            "research_to_sale_ratio": null,
            "price_fair": 42.47,
            "eps_avg_yearly": 1.21,
            "eps_latest_yearly": 0.68,
            "eps_growth_yearly": 2690.6
        },
        "20101": {
            "year_quarter": 20101,
            "year": 2010,
            "quarter": 1,
            "eps": 0.57,
            "eps_growth_year": null,
            "eps_4q": -0.36,
            "eps_4q_growth_year": null,
            "roe": 7.86,
            "roe_4q": -4.899999999999999,
            "gross_profit": 53724,
            "gross_margin": 20.28,
            "gross_margin_4q_avg": 15.08,
            "net_income": 20090,
            "net_income_4q": null,
            "revenue": 264908,
            "revenue_4q": null,
            "common_shares": 355015,
            "book_valuer_per_share": 7.64,
            "book_valuer_per_share_4q_avg": 6.97,
            "equity": 271299,
            "current_ratio": 104.64,
            "debt_ratio": 67.19,
            "inventory_turnover_ratio": 1.79,
            "account_receivable_turnover_ratio": 1.98,
            "reinvestment_rate": null,
            "research_to_sale_ratio": 4.47,
            "price_fair": 51.8,
            "eps_avg_yearly": 1.48,
            "eps_latest_yearly": 2.28,
            "eps_growth_yearly": 2253.24
        },
        "20102": {
            "year_quarter": 20102,
            "year": 2010,
            "quarter": 2,
            "eps": 0.81,
            "eps_growth_year": null,
            "eps_4q": 1.53,
            "eps_4q_growth_year": null,
            "roe": 10.02,
            "roe_4q": 20.48,
            "gross_profit": 66309,
            "gross_margin": 18.22,
            "gross_margin_4q_avg": 15.96,
            "net_income": 29161,
            "net_income_4q": null,
            "revenue": 364017,
            "revenue_4q": null,
            "common_shares": 356282,
            "book_valuer_per_share": 8.72,
            "book_valuer_per_share_4q_avg": 7.48,
            "equity": 310509,
            "current_ratio": 110.46,
            "debt_ratio": 67.47,
            "inventory_turnover_ratio": 2.01,
            "account_receivable_turnover_ratio": 1.89,
            "reinvestment_rate": null,
            "research_to_sale_ratio": 3.14,
            "price_fair": 64.12,
            "eps_avg_yearly": 1.83,
            "eps_latest_yearly": 3.24,
            "eps_growth_yearly": 1836.28
        },
        "20103": {
            "year_quarter": 20103,
            "year": 2010,
            "quarter": 3,
            "eps": 1.07,
            "eps_growth_year": 10625.55,
            "eps_4q": 2.45,
            "eps_4q_growth_year": null,
            "roe": 11.92,
            "roe_4q": 32.239999999999995,
            "gross_profit": 78609,
            "gross_margin": 17.37,
            "gross_margin_4q_avg": 16.87,
            "net_income": 42769,
            "net_income_4q": null,
            "revenue": 452441,
            "revenue_4q": null,
            "common_shares": 398758,
            "book_valuer_per_share": 10.21,
            "book_valuer_per_share_4q_avg": 8.35,
            "equity": 406936,
            "current_ratio": 130.42,
            "debt_ratio": 58.99,
            "inventory_turnover_ratio": 2.4,
            "account_receivable_turnover_ratio": 2.31,
            "reinvestment_rate": null,
            "research_to_sale_ratio": 2.52,
            "price_fair": 78.4,
            "eps_avg_yearly": 2.24,
            "eps_latest_yearly": 4.28,
            "eps_growth_yearly": 1551.63
        },
        "20104": {
            "year_quarter": 20104,
            "year": 2010,
            "quarter": 4,
            "eps": -0.28,
            "eps_growth_year": -262.53,
            "eps_4q": 1.93,
            "eps_4q_growth_year": null,
            "roe": -2.79,
            "roe_4q": 27.009999999999998,
            "gross_profit": 32164,
            "gross_margin": 17.79,
            "gross_margin_4q_avg": 18.42,
            "net_income": -11519,
            "net_income_4q": null,
            "revenue": 180817,
            "revenue_4q": null,
            "common_shares": 398758,
            "book_valuer_per_share": 10.01,
            "book_valuer_per_share_4q_avg": 9.15,
            "equity": 417419,
            "current_ratio": 150.66,
            "debt_ratio": 41.09,
            "inventory_turnover_ratio": 0.99,
            "account_receivable_turnover_ratio": 1.38,
            "reinvestment_rate": -572.54,
            "research_to_sale_ratio": 6.94,
            "price_fair": 78.4,
            "eps_avg_yearly": 2.24,
            "eps_latest_yearly": 4.28,
            "eps_growth_yearly": 1551.63
        },
        "20111": {
            "year_quarter": 20111,
            "year": 2011,
            "quarter": 1,
            "eps": -0.53,
            "eps_growth_year": -192.98,
            "eps_4q": 0.91,
            "eps_4q_growth_year": null,
            "roe": -5.34,
            "roe_4q": 13.81,
            "gross_profit": 19480,
            "gross_margin": 11.13,
            "gross_margin_4q_avg": 16.13,
            "net_income": -22118,
            "net_income_4q": null,
            "revenue": 175074,
            "revenue_4q": null,
            "common_shares": 416985,
            "book_valuer_per_share": 9.79,
            "book_valuer_per_share_4q_avg": 9.68,
            "equity": 410274,
            "current_ratio": 219.37,
            "debt_ratio": 47.56,
            "inventory_turnover_ratio": 1.08,
            "account_receivable_turnover_ratio": 1.82,
            "reinvestment_rate": null,
            "research_to_sale_ratio": 6.14,
            "price_fair": 78.4,
            "eps_avg_yearly": 2.24,
            "eps_latest_yearly": 4.28,
            "eps_growth_yearly": 1551.63
        },
        "20112": {
            "year_quarter": 20112,
            "year": 2011,
            "quarter": 2,
            "eps": -0.52,
            "eps_growth_year": -164.17,
            "eps_4q": -0.3,
            "eps_4q_growth_year": -119.6,
            "roe": -5.44,
            "roe_4q": -1.6500000000000004,
            "gross_profit": 14030,
            "gross_margin": 7.51,
            "gross_margin_4q_avg": 13.45,
            "net_income": -21762,
            "net_income_4q": null,
            "revenue": 186870,
            "revenue_4q": null,
            "common_shares": 419025,
            "book_valuer_per_share": 9.27,
            "book_valuer_per_share_4q_avg": 9.82,
            "equity": 389562,
            "current_ratio": 196.22,
            "debt_ratio": 51.49,
            "inventory_turnover_ratio": 1.2,
            "account_receivable_turnover_ratio": 1.88,
            "reinvestment_rate": null,
            "research_to_sale_ratio": 5.83,
            "price_fair": 86.8,
            "eps_avg_yearly": 2.48,
            "eps_latest_yearly": 4.28,
            "eps_growth_yearly": 1595.29
        },
        "20113": {
            "year_quarter": 20113,
            "year": 2011,
            "quarter": 3,
            "eps": 0.62,
            "eps_growth_year": -41.82,
            "eps_4q": -0.69,
            "eps_4q_growth_year": -128.29,
            "roe": 6.42,
            "roe_4q": -7.15,
            "gross_profit": 40512,
            "gross_margin": 15.36,
            "gross_margin_4q_avg": 12.95,
            "net_income": 26229,
            "net_income_4q": null,
            "revenue": 263810,
            "revenue_4q": null,
            "common_shares": 420358,
            "book_valuer_per_share": 10.18,
            "book_valuer_per_share_4q_avg": 9.81,
            "equity": 427945,
            "current_ratio": 185.92,
            "debt_ratio": 52.75,
            "inventory_turnover_ratio": 1.43,
            "account_receivable_turnover_ratio": 1.74,
            "reinvestment_rate": null,
            "research_to_sale_ratio": 4.42,
            "price_fair": 91.7,
            "eps_avg_yearly": 2.62,
            "eps_latest_yearly": 4.28,
            "eps_growth_yearly": 1909.5
        },
        "20114": {
            "year_quarter": 20114,
            "year": 2011,
            "quarter": 4,
            "eps": -0.3,
            "eps_growth_year": null,
            "eps_4q": -0.71,
            "eps_4q_growth_year": -137.03,
            "roe": -2.94,
            "roe_4q": -7.300000000000001,
            "gross_profit": 15531,
            "gross_margin": 9.14,
            "gross_margin_4q_avg": 10.79,
            "net_income": -12404,
            "net_income_4q": null,
            "revenue": 169878,
            "revenue_4q": null,
            "common_shares": 420358,
            "book_valuer_per_share": 9.89,
            "book_valuer_per_share_4q_avg": 9.78,
            "equity": 415735,
            "current_ratio": 227.12,
            "debt_ratio": 45.82,
            "inventory_turnover_ratio": 0.99,
            "account_receivable_turnover_ratio": 1.14,
            "reinvestment_rate": null,
            "research_to_sale_ratio": 6.84,
            "price_fair": 91.7,
            "eps_avg_yearly": 2.62,
            "eps_latest_yearly": 4.28,
            "eps_growth_yearly": 1909.5
        },
        "20121": {
            "year_quarter": 20121,
            "year": 2012,
            "quarter": 1,
            "eps": -0.48,
            "eps_growth_year": null,
            "eps_4q": -0.66,
            "eps_4q_growth_year": -172.4,
            "roe": -4.92,
            "roe_4q": -6.88,
            "gross_profit": 10388,
            "gross_margin": 7.62,
            "gross_margin_4q_avg": 9.91,
            "net_income": -19876,
            "net_income_4q": null,
            "revenue": 136244,
            "revenue_4q": null,
            "common_shares": 420358,
            "book_valuer_per_share": 9.33,
            "book_valuer_per_share_4q_avg": 9.67,
            "equity": 392275,
            "current_ratio": 216.43,
            "debt_ratio": 47.63,
            "inventory_turnover_ratio": 0.82,
            "account_receivable_turnover_ratio": 1.55,
            "reinvestment_rate": null,
            "research_to_sale_ratio": 7.2,
            "price_fair": 91.7,
            "eps_avg_yearly": 2.62,
            "eps_latest_yearly": 4.28,
            "eps_growth_yearly": 1909.5
        },
        "20122": {
            "year_quarter": 20122,
            "year": 2012,
            "quarter": 2,
            "eps": 0.49,
            "eps_growth_year": null,
            "eps_4q": 0.35,
            "eps_4q_growth_year": null,
            "roe": 5.12,
            "roe_4q": 3.68,
            "gross_profit": 47201,
            "gross_margin": 14.84,
            "gross_margin_4q_avg": 11.74,
            "net_income": 20656,
            "net_income_4q": null,
            "revenue": 317961,
            "revenue_4q": null,
            "common_shares": 420558,
            "book_valuer_per_share": 9.87,
            "book_valuer_per_share_4q_avg": 9.82,
            "equity": 415182,
            "current_ratio": 184.47,
            "debt_ratio": 53.36,
            "inventory_turnover_ratio": 1.75,
            "account_receivable_turnover_ratio": 1.84,
            "reinvestment_rate": null,
            "research_to_sale_ratio": 2.81,
            "price_fair": 91.7,
            "eps_avg_yearly": 2.62,
            "eps_latest_yearly": 4.28,
            "eps_growth_yearly": 1909.5
        },
        "20123": {
            "year_quarter": 20123,
            "year": 2012,
            "quarter": 3,
            "eps": 0.73,
            "eps_growth_year": 17.23,
            "eps_4q": 0.46,
            "eps_4q_growth_year": null,
            "roe": 7.17,
            "roe_4q": 4.43,
            "gross_profit": 71901,
            "gross_margin": 18.43,
            "gross_margin_4q_avg": 12.51,
            "net_income": 30768,
            "net_income_4q": null,
            "revenue": 390103,
            "revenue_4q": null,
            "common_shares": 420558,
            "book_valuer_per_share": 10.52,
            "book_valuer_per_share_4q_avg": 9.9,
            "equity": 442675,
            "current_ratio": 126.8,
            "debt_ratio": 59.41,
            "inventory_turnover_ratio": 1.5,
            "account_receivable_turnover_ratio": 1.52,
            "reinvestment_rate": 299.11,
            "research_to_sale_ratio": 3.17,
            "price_fair": 93.8,
            "eps_avg_yearly": 2.68,
            "eps_latest_yearly": 2.92,
            "eps_growth_yearly": 1566.78
        },
        "20124": {
            "year_quarter": 20124,
            "year": 2012,
            "quarter": 4,
            "eps": 1.11,
            "eps_growth_year": null,
            "eps_4q": 1.82,
            "eps_4q_growth_year": null,
            "roe": 9.81,
            "roe_4q": 17.18,
            "gross_profit": 99879,
            "gross_margin": 20.16,
            "gross_margin_4q_avg": 15.26,
            "net_income": 49419,
            "net_income_4q": null,
            "revenue": 495533,
            "revenue_4q": null,
            "common_shares": 420828,
            "book_valuer_per_share": 12.67,
            "book_valuer_per_share_4q_avg": 10.6,
            "equity": 564854,
            "current_ratio": 170.85,
            "debt_ratio": 43.84,
            "inventory_turnover_ratio": 1.56,
            "account_receivable_turnover_ratio": 1.69,
            "reinvestment_rate": 69.16,
            "research_to_sale_ratio": 2.51,
            "price_fair": 104.07,
            "eps_avg_yearly": 2.97,
            "eps_latest_yearly": 4.44,
            "eps_growth_yearly": 1340.36
        },
        "20131": {
            "year_quarter": 20131,
            "year": 2013,
            "quarter": 1,
            "eps": 1.22,
            "eps_growth_year": null,
            "eps_4q": 3.37,
            "eps_4q_growth_year": null,
            "roe": 8.86,
            "roe_4q": 30.960000000000004,
            "gross_profit": 89518,
            "gross_margin": 22.87,
            "gross_margin_4q_avg": 19.08,
            "net_income": 54586,
            "net_income_4q": null,
            "revenue": 391409,
            "revenue_4q": null,
            "common_shares": 420828,
            "book_valuer_per_share": 14.49,
            "book_valuer_per_share_4q_avg": 11.89,
            "equity": 667962,
            "current_ratio": 194.79,
            "debt_ratio": 39.59,
            "inventory_turnover_ratio": 1.28,
            "account_receivable_turnover_ratio": 1.54,
            "reinvestment_rate": -77.62,
            "research_to_sale_ratio": 2.53,
            "price_fair": 113.6,
            "eps_avg_yearly": 3.25,
            "eps_latest_yearly": 4.88,
            "eps_growth_yearly": 1154.54
        },
        "20132": {
            "year_quarter": 20132,
            "year": 2013,
            "quarter": 2,
            "eps": 0.13,
            "eps_growth_year": -73.53,
            "eps_4q": 3,
            "eps_4q_growth_year": 763.59,
            "roe": 0.86,
            "roe_4q": 26.700000000000003,
            "gross_profit": 39502,
            "gross_margin": 11.4,
            "gross_margin_4q_avg": 18.22,
            "net_income": 5910,
            "net_income_4q": null,
            "revenue": 346605,
            "revenue_4q": null,
            "common_shares": 461757,
            "book_valuer_per_share": 14.89,
            "book_valuer_per_share_4q_avg": 13.14,
            "equity": 698513,
            "current_ratio": 208.24,
            "debt_ratio": 37.09,
            "inventory_turnover_ratio": 1.25,
            "account_receivable_turnover_ratio": 2.56,
            "reinvestment_rate": -56.43,
            "research_to_sale_ratio": 3.59,
            "price_fair": 101.68,
            "eps_avg_yearly": 2.91,
            "eps_latest_yearly": 0.52,
            "eps_growth_yearly": 965.55
        },
        "20133": {
            "year_quarter": 20133,
            "year": 2013,
            "quarter": 3,
            "eps": -0.61,
            "eps_growth_year": -183.39,
            "eps_4q": 1.73,
            "eps_4q_growth_year": 279.73,
            "roe": -4.08,
            "roe_4q": 15.45,
            "gross_profit": 3189,
            "gross_margin": 0.99,
            "gross_margin_4q_avg": 13.86,
            "net_income": -28170,
            "net_income_4q": null,
            "revenue": 323415,
            "revenue_4q": null,
            "common_shares": 469125,
            "book_valuer_per_share": 14.39,
            "book_valuer_per_share_4q_avg": 14.11,
            "equity": 680748,
            "current_ratio": 208.13,
            "debt_ratio": 37.08,
            "inventory_turnover_ratio": 1.29,
            "account_receivable_turnover_ratio": 2.25,
            "reinvestment_rate": -63.43,
            "research_to_sale_ratio": 3.03,
            "price_fair": 101.68,
            "eps_avg_yearly": 2.91,
            "eps_latest_yearly": 0.52,
            "eps_growth_yearly": 965.55
        },
        "20134": {
            "year_quarter": 20134,
            "year": 2013,
            "quarter": 4,
            "eps": -0.11,
            "eps_growth_year": -109.57,
            "eps_4q": 0.58,
            "eps_4q_growth_year": -68.3,
            "roe": -0.74,
            "roe_4q": 4.899999999999999,
            "gross_profit": 41176,
            "gross_margin": 14.54,
            "gross_margin_4q_avg": 12.45,
            "net_income": -5030,
            "net_income_4q": null,
            "revenue": 283216,
            "revenue_4q": null,
            "common_shares": 474076,
            "book_valuer_per_share": 14.41,
            "book_valuer_per_share_4q_avg": 14.55,
            "equity": 682930,
            "current_ratio": 222.34,
            "debt_ratio": 34.43,
            "inventory_turnover_ratio": 1.01,
            "account_receivable_turnover_ratio": 1.71,
            "reinvestment_rate": -109.61,
            "research_to_sale_ratio": 3.86,
            "price_fair": 112.8,
            "eps_avg_yearly": 3.22,
            "eps_latest_yearly": 0.52,
            "eps_growth_yearly": 189.2
        },
        "20141": {
            "year_quarter": 20141,
            "year": 2014,
            "quarter": 1,
            "eps": -0.14,
            "eps_growth_year": -111.48,
            "eps_4q": -0.72,
            "eps_4q_growth_year": -121.24,
            "roe": -0.98,
            "roe_4q": -4.9399999999999995,
            "gross_profit": 16137,
            "gross_margin": 10.92,
            "gross_margin_4q_avg": 9.46,
            "net_income": -6662,
            "net_income_4q": null,
            "revenue": 147830,
            "revenue_4q": null,
            "common_shares": 474076,
            "book_valuer_per_share": 14.31,
            "book_valuer_per_share_4q_avg": 14.5,
            "equity": 678427,
            "current_ratio": 294.42,
            "debt_ratio": 24.7,
            "inventory_turnover_ratio": 0.58,
            "account_receivable_turnover_ratio": 1.39,
            "reinvestment_rate": -36.88,
            "research_to_sale_ratio": 6.32,
            "price_fair": 118.3,
            "eps_avg_yearly": 3.38,
            "eps_latest_yearly": 0.52,
            "eps_growth_yearly": 63.87
        },
        "20142": {
            "year_quarter": 20142,
            "year": 2014,
            "quarter": 2,
            "eps": -0.56,
            "eps_growth_year": -530.77,
            "eps_4q": -1.4,
            "eps_4q_growth_year": -146.54,
            "roe": -4.04,
            "roe_4q": -9.84,
            "gross_profit": 6579,
            "gross_margin": 5.27,
            "gross_margin_4q_avg": 7.93,
            "net_income": -26313,
            "net_income_4q": null,
            "revenue": 124953,
            "revenue_4q": null,
            "common_shares": 474076,
            "book_valuer_per_share": 13.17,
            "book_valuer_per_share_4q_avg": 14.07,
            "equity": 624409,
            "current_ratio": 293.94,
            "debt_ratio": 23.93,
            "inventory_turnover_ratio": 0.57,
            "account_receivable_turnover_ratio": 2.49,
            "reinvestment_rate": -185.93,
            "research_to_sale_ratio": 7,
            "price_fair": 119.28,
            "eps_avg_yearly": 3.41,
            "eps_latest_yearly": 0.52,
            "eps_growth_yearly": 42.96
        },
        "20143": {
            "year_quarter": 20143,
            "year": 2014,
            "quarter": 3,
            "eps": -0.15,
            "eps_growth_year": null,
            "eps_4q": -0.95,
            "eps_4q_growth_year": -154.88,
            "roe": -1.12,
            "roe_4q": -6.880000000000001,
            "gross_profit": 16661,
            "gross_margin": 8.1,
            "gross_margin_4q_avg": 9.71,
            "net_income": -6958,
            "net_income_4q": null,
            "revenue": 205674,
            "revenue_4q": null,
            "common_shares": 474076,
            "book_valuer_per_share": 13.11,
            "book_valuer_per_share_4q_avg": 13.75,
            "equity": 621301,
            "current_ratio": 254.58,
            "debt_ratio": 28.29,
            "inventory_turnover_ratio": 0.94,
            "account_receivable_turnover_ratio": 2.03,
            "reinvestment_rate": -508.59,
            "research_to_sale_ratio": 4.57,
            "price_fair": 100.8,
            "eps_avg_yearly": 3.19,
            "eps_latest_yearly": 0.52,
            "eps_growth_yearly": 21.6
        },
        "20144": {
            "year_quarter": 20144,
            "year": 2014,
            "quarter": 4,
            "eps": -0.27,
            "eps_growth_year": null,
            "eps_4q": -1.11,
            "eps_4q_growth_year": -293.22,
            "roe": -2.07,
            "roe_4q": -8.21,
            "gross_profit": 7956,
            "gross_margin": 5.68,
            "gross_margin_4q_avg": 7.49,
            "net_income": -12807,
            "net_income_4q": null,
            "revenue": 140071,
            "revenue_4q": null,
            "common_shares": 474076,
            "book_valuer_per_share": 13.06,
            "book_valuer_per_share_4q_avg": 13.41,
            "equity": 619003,
            "current_ratio": 272.07,
            "debt_ratio": 26.12,
            "inventory_turnover_ratio": 0.64,
            "account_receivable_turnover_ratio": 0.97,
            "reinvestment_rate": -455.68,
            "research_to_sale_ratio": 7.08,
            "price_fair": 100.8,
            "eps_avg_yearly": 3.19,
            "eps_latest_yearly": 0.52,
            "eps_growth_yearly": 21.6
        },
        "20151": {
            "year_quarter": 20151,
            "year": 2015,
            "quarter": 1,
            "eps": -0.32,
            "eps_growth_year": null,
            "eps_4q": -1.3,
            "eps_4q_growth_year": null,
            "roe": -2.52,
            "roe_4q": -9.75,
            "gross_profit": 15718,
            "gross_margin": 9.62,
            "gross_margin_4q_avg": 7.17,
            "net_income": -15395,
            "net_income_4q": null,
            "revenue": 163448,
            "revenue_4q": null,
            "common_shares": 474076,
            "book_valuer_per_share": 12.67,
            "book_valuer_per_share_4q_avg": 13,
            "equity": 600539,
            "current_ratio": 270.56,
            "debt_ratio": 25.91,
            "inventory_turnover_ratio": 0.72,
            "account_receivable_turnover_ratio": 1.67,
            "reinvestment_rate": -552.51,
            "research_to_sale_ratio": 2.53,
            "price_fair": 100.8,
            "eps_avg_yearly": 3.19,
            "eps_latest_yearly": 0.52,
            "eps_growth_yearly": 21.6
        },
        "20152": {
            "year_quarter": 20152,
            "year": 2015,
            "quarter": 2,
            "eps": -0.39,
            "eps_growth_year": null,
            "eps_4q": -1.13,
            "eps_4q_growth_year": null,
            "roe": -3.16,
            "roe_4q": -8.870000000000001,
            "gross_profit": 12444,
            "gross_margin": 7.58,
            "gross_margin_4q_avg": 7.75,
            "net_income": -18630,
            "net_income_4q": null,
            "revenue": 164107,
            "revenue_4q": null,
            "common_shares": 474076,
            "book_valuer_per_share": 12.24,
            "book_valuer_per_share_4q_avg": 12.77,
            "equity": 580195,
            "current_ratio": 246.2,
            "debt_ratio": 28,
            "inventory_turnover_ratio": 0.74,
            "account_receivable_turnover_ratio": 2.13,
            "reinvestment_rate": -457.71,
            "research_to_sale_ratio": 3.42,
            "price_fair": 100.8,
            "eps_avg_yearly": 3.19,
            "eps_latest_yearly": 0.52,
            "eps_growth_yearly": 21.6
        },
        "20153": {
            "year_quarter": 20153,
            "year": 2015,
            "quarter": 3,
            "eps": 0.01,
            "eps_growth_year": null,
            "eps_4q": -0.98,
            "eps_4q_growth_year": null,
            "roe": 0.08,
            "roe_4q": -7.67,
            "gross_profit": 21552,
            "gross_margin": 8.95,
            "gross_margin_4q_avg": 7.96,
            "net_income": 461,
            "net_income_4q": null,
            "revenue": 240688,
            "revenue_4q": null,
            "common_shares": 474076,
            "book_valuer_per_share": 12.3,
            "book_valuer_per_share_4q_avg": 12.57,
            "equity": 582984,
            "current_ratio": 248.3,
            "debt_ratio": 27.69,
            "inventory_turnover_ratio": 1.2,
            "account_receivable_turnover_ratio": 2.72,
            "reinvestment_rate": -1770.22,
            "research_to_sale_ratio": 2.97,
            "price_fair": 100.8,
            "eps_avg_yearly": 3.19,
            "eps_latest_yearly": 0.52,
            "eps_growth_yearly": 21.6
        },
        "20154": {
            "year_quarter": 20154,
            "year": 2015,
            "quarter": 4,
            "eps": -0.6,
            "eps_growth_year": null,
            "eps_4q": -1.31,
            "eps_4q_growth_year": null,
            "roe": -5.02,
            "roe_4q": -10.62,
            "gross_profit": 6760,
            "gross_margin": 5.81,
            "gross_margin_4q_avg": 7.99,
            "net_income": -28465,
            "net_income_4q": null,
            "revenue": 116361,
            "revenue_4q": null,
            "common_shares": 474076,
            "book_valuer_per_share": 11.63,
            "book_valuer_per_share_4q_avg": 12.21,
            "equity": 551142,
            "current_ratio": 307.61,
            "debt_ratio": 20.8,
            "inventory_turnover_ratio": 0.74,
            "account_receivable_turnover_ratio": 1.85,
            "reinvestment_rate": null,
            "research_to_sale_ratio": 7.94,
            "price_fair": 100.8,
            "eps_avg_yearly": 3.19,
            "eps_latest_yearly": 0.52,
            "eps_growth_yearly": 21.6
        },
        "20161": {
            "year_quarter": 20161,
            "year": 2016,
            "quarter": 1,
            "eps": -0.62,
            "eps_growth_year": null,
            "eps_4q": -1.61,
            "eps_4q_growth_year": null,
            "roe": -5.53,
            "roe_4q": -13.63,
            "gross_profit": 548,
            "gross_margin": 0.63,
            "gross_margin_4q_avg": 5.74,
            "net_income": -29628,
            "net_income_4q": null,
            "revenue": 86794,
            "revenue_4q": null,
            "common_shares": 474076,
            "book_valuer_per_share": 10.96,
            "book_valuer_per_share_4q_avg": 11.78,
            "equity": 519528,
            "current_ratio": 271.31,
            "debt_ratio": 22.24,
            "inventory_turnover_ratio": 0.59,
            "account_receivable_turnover_ratio": 2.39,
            "reinvestment_rate": null,
            "research_to_sale_ratio": 8.51,
            "price_fair": 100.8,
            "eps_avg_yearly": 3.19,
            "eps_latest_yearly": 0.52,
            "eps_growth_yearly": 21.6
        },
        "20162": {
            "year_quarter": 20162,
            "year": 2016,
            "quarter": 2,
            "eps": -0.47,
            "eps_growth_year": null,
            "eps_4q": -1.69,
            "eps_4q_growth_year": null,
            "roe": -4.44,
            "roe_4q": -14.91,
            "gross_profit": 15079,
            "gross_margin": 8.6,
            "gross_margin_4q_avg": 6,
            "net_income": -22468,
            "net_income_4q": null,
            "revenue": 175371,
            "revenue_4q": null,
            "common_shares": 474076,
            "book_valuer_per_share": 10.39,
            "book_valuer_per_share_4q_avg": 11.32,
            "equity": 492346,
            "current_ratio": 199.04,
            "debt_ratio": 31.71,
            "inventory_turnover_ratio": 0.99,
            "account_receivable_turnover_ratio": 2.22,
            "reinvestment_rate": null,
            "research_to_sale_ratio": 4.07,
            "price_fair": 100.8,
            "eps_avg_yearly": 3.19,
            "eps_latest_yearly": 0.52,
            "eps_growth_yearly": 21.6
        },
        "20163": {
            "year_quarter": 20163,
            "year": 2016,
            "quarter": 3,
            "eps": -0.21,
            "eps_growth_year": -2200,
            "eps_4q": -1.91,
            "eps_4q_growth_year": null,
            "roe": -2.09,
            "roe_4q": -17.08,
            "gross_profit": 26463,
            "gross_margin": 12.14,
            "gross_margin_4q_avg": 6.8,
            "net_income": -10125,
            "net_income_4q": null,
            "revenue": 217990,
            "revenue_4q": null,
            "common_shares": 474076,
            "book_valuer_per_share": 10.06,
            "book_valuer_per_share_4q_avg": 10.76,
            "equity": 476956,
            "current_ratio": 202.34,
            "debt_ratio": 31.09,
            "inventory_turnover_ratio": 1.25,
            "account_receivable_turnover_ratio": 2.42,
            "reinvestment_rate": null,
            "research_to_sale_ratio": 3.07,
            "price_fair": 9.84,
            "eps_avg_yearly": 3.28,
            "eps_latest_yearly": 0.52,
            "eps_growth_yearly": -36.51
        },
        "20164": {
            "year_quarter": 20164,
            "year": 2016,
            "quarter": 4,
            "eps": -0.28,
            "eps_growth_year": null,
            "eps_4q": -1.59,
            "eps_4q_growth_year": null,
            "roe": -2.82,
            "roe_4q": -14.880000000000003,
            "gross_profit": 15795,
            "gross_margin": 10.41,
            "gross_margin_4q_avg": 7.95,
            "net_income": -13211,
            "net_income_4q": null,
            "revenue": 151734,
            "revenue_4q": null,
            "common_shares": 474076,
            "book_valuer_per_share": 9.69,
            "book_valuer_per_share_4q_avg": 10.28,
            "equity": 459285,
            "current_ratio": 214.61,
            "debt_ratio": 28.44,
            "inventory_turnover_ratio": 1.03,
            "account_receivable_turnover_ratio": 2.07,
            "reinvestment_rate": null,
            "research_to_sale_ratio": 3.78,
            "price_fair": 8.1,
            "eps_avg_yearly": 2.7,
            "eps_latest_yearly": 0.52,
            "eps_growth_yearly": -158.87
        },
        "20171": {
            "year_quarter": 20171,
            "year": 2017,
            "quarter": 1,
            "eps": -0.55,
            "eps_growth_year": null,
            "eps_4q": -1.52,
            "eps_4q_growth_year": null,
            "roe": -5.92,
            "roe_4q": -15.27,
            "gross_profit": 11509,
            "gross_margin": 8.7,
            "gross_margin_4q_avg": 9.96,
            "net_income": -26232,
            "net_income_4q": null,
            "revenue": 132267,
            "revenue_4q": null,
            "common_shares": 474076,
            "book_valuer_per_share": 9,
            "book_valuer_per_share_4q_avg": 9.79,
            "equity": 426695,
            "current_ratio": 206.02,
            "debt_ratio": 28.71,
            "inventory_turnover_ratio": 0.98,
            "account_receivable_turnover_ratio": 2.14,
            "reinvestment_rate": null,
            "research_to_sale_ratio": 3.78,
            "price_fair": 1.56,
            "eps_avg_yearly": 0.52,
            "eps_latest_yearly": 0.52,
            "eps_growth_yearly": -357.38
        },
        "20172": {
            "year_quarter": 20172,
            "year": 2017,
            "quarter": 2,
            "eps": -0.31,
            "eps_growth_year": null,
            "eps_4q": -1.36,
            "eps_4q_growth_year": null,
            "roe": -3.51,
            "roe_4q": -14.34,
            "gross_profit": 15407,
            "gross_margin": 12.57,
            "gross_margin_4q_avg": 10.96,
            "net_income": -14775,
            "net_income_4q": null,
            "revenue": 122539,
            "revenue_4q": null,
            "common_shares": 474076,
            "book_valuer_per_share": 8.76,
            "book_valuer_per_share_4q_avg": 9.38,
            "equity": 415305,
            "current_ratio": 204.92,
            "debt_ratio": 28.44,
            "inventory_turnover_ratio": 0.95,
            "account_receivable_turnover_ratio": 2.83,
            "reinvestment_rate": null,
            "research_to_sale_ratio": 4.34,
            "price_fair": 0,
            "eps_avg_yearly": 0,
            "eps_latest_yearly": 0,
            "eps_growth_yearly": 0
        },
        "20173": {
            "year_quarter": 20173,
            "year": 2017,
            "quarter": 3,
            "eps": -0.18,
            "eps_growth_year": null,
            "eps_4q": -1.32,
            "eps_4q_growth_year": null,
            "roe": -2.03,
            "roe_4q": -14.28,
            "gross_profit": 17712,
            "gross_margin": 12.09,
            "gross_margin_4q_avg": 10.94,
            "net_income": -8372,
            "net_income_4q": null,
            "revenue": 146529,
            "revenue_4q": null,
            "common_shares": 474076,
            "book_valuer_per_share": 8.64,
            "book_valuer_per_share_4q_avg": 9.02,
            "equity": 409709,
            "current_ratio": 184.08,
            "debt_ratio": 32.64,
            "inventory_turnover_ratio": 1.16,
            "account_receivable_turnover_ratio": 2.1,
            "reinvestment_rate": null,
            "research_to_sale_ratio": 3.59,
            "price_fair": 0,
            "eps_avg_yearly": 0,
            "eps_latest_yearly": 0,
            "eps_growth_yearly": 0
        },
        "20174": {
            "year_quarter": 20174,
            "year": 2017,
            "quarter": 4,
            "eps": -0.39,
            "eps_growth_year": null,
            "eps_4q": -1.44,
            "eps_4q_growth_year": null,
            "roe": -4.65,
            "roe_4q": -16.11,
            "gross_profit": 8446,
            "gross_margin": 6.34,
            "gross_margin_4q_avg": 9.93,
            "net_income": -18667,
            "net_income_4q": null,
            "revenue": 133124,
            "revenue_4q": null,
            "common_shares": 474076,
            "book_valuer_per_share": 8.29,
            "book_valuer_per_share_4q_avg": 8.67,
            "equity": 393040,
            "current_ratio": 184.16,
            "debt_ratio": 31.48,
            "inventory_turnover_ratio": 1.26,
            "account_receivable_turnover_ratio": 1.8,
            "reinvestment_rate": null,
            "research_to_sale_ratio": 3.46,
            "price_fair": 0,
            "eps_avg_yearly": 0,
            "eps_latest_yearly": 0,
            "eps_growth_yearly": 0
        },
        "20181": {
            "year_quarter": 20181,
            "year": 2018,
            "quarter": 1,
            "eps": -0.36,
            "eps_growth_year": null,
            "eps_4q": -1.24,
            "eps_4q_growth_year": null,
            "roe": -4.37,
            "roe_4q": -14.559999999999999,
            "gross_profit": 4721,
            "gross_margin": 5.3,
            "gross_margin_4q_avg": 9.08,
            "net_income": -16953,
            "net_income_4q": null,
            "revenue": 89031,
            "revenue_4q": null,
            "common_shares": 474076,
            "book_valuer_per_share": 8.07,
            "book_valuer_per_share_4q_avg": 8.44,
            "equity": 382519,
            "current_ratio": 157.57,
            "debt_ratio": 37.47,
            "inventory_turnover_ratio": 0.77,
            "account_receivable_turnover_ratio": 1.47,
            "reinvestment_rate": null,
            "research_to_sale_ratio": 5.42,
            "price_fair": 0,
            "eps_avg_yearly": 0,
            "eps_latest_yearly": 0,
            "eps_growth_yearly": 0
        },
        "20182": {
            "year_quarter": 20182,
            "year": 2018,
            "quarter": 2,
            "eps": -0.13,
            "eps_growth_year": null,
            "eps_4q": -1.06,
            "eps_4q_growth_year": null,
            "roe": -1.64,
            "roe_4q": -12.69,
            "gross_profit": 16381,
            "gross_margin": 7.56,
            "gross_margin_4q_avg": 7.82,
            "net_income": -6195,
            "net_income_4q": null,
            "revenue": 216596,
            "revenue_4q": null,
            "common_shares": 474076,
            "book_valuer_per_share": 7.86,
            "book_valuer_per_share_4q_avg": 8.22,
            "equity": 372447,
            "current_ratio": 139.37,
            "debt_ratio": 46.67,
            "inventory_turnover_ratio": 1.49,
            "account_receivable_turnover_ratio": 2.11,
            "reinvestment_rate": null,
            "research_to_sale_ratio": 2.42,
            "price_fair": 0,
            "eps_avg_yearly": 0,
            "eps_latest_yearly": 0,
            "eps_growth_yearly": 0
        },
        "20183": {
            "year_quarter": 20183,
            "year": 2018,
            "quarter": 3,
            "eps": -0.12,
            "eps_growth_year": null,
            "eps_4q": -1.01,
            "eps_4q_growth_year": null,
            "roe": -1.63,
            "roe_4q": -12.29,
            "gross_profit": 24985,
            "gross_margin": 12.44,
            "gross_margin_4q_avg": 7.91,
            "net_income": -5961,
            "net_income_4q": null,
            "revenue": 200835,
            "revenue_4q": null,
            "common_shares": 474076,
            "book_valuer_per_share": 7.6,
            "book_valuer_per_share_4q_avg": 7.96,
            "equity": 360484,
            "current_ratio": 138.61,
            "debt_ratio": 47.33,
            "inventory_turnover_ratio": 1.44,
            "account_receivable_turnover_ratio": 1.75,
            "reinvestment_rate": null,
            "research_to_sale_ratio": 2.71,
            "price_fair": 0,
            "eps_avg_yearly": 0,
            "eps_latest_yearly": 0,
            "eps_growth_yearly": 0
        },
        "20184": {
            "year_quarter": 20184,
            "year": 2018,
            "quarter": 4,
            "eps": -0.2,
            "eps_growth_year": null,
            "eps_4q": -0.81,
            "eps_4q_growth_year": null,
            "roe": -2.63,
            "roe_4q": -10.27,
            "gross_profit": 16174,
            "gross_margin": 14.55,
            "gross_margin_4q_avg": 9.96,
            "net_income": -9349,
            "net_income_4q": null,
            "revenue": 111136,
            "revenue_4q": null,
            "common_shares": 474076,
            "book_valuer_per_share": 7.4,
            "book_valuer_per_share_4q_avg": 7.73,
            "equity": 350590,
            "current_ratio": 147.83,
            "debt_ratio": 41.2,
            "inventory_turnover_ratio": 0.86,
            "account_receivable_turnover_ratio": 1.44,
            "reinvestment_rate": null,
            "research_to_sale_ratio": 4.52,
            "price_fair": 0,
            "eps_avg_yearly": 0,
            "eps_latest_yearly": 0,
            "eps_growth_yearly": 0
        },
        "20191": {
            "year_quarter": 20191,
            "year": 2019,
            "quarter": 1,
            "eps": -0.38,
            "eps_growth_year": null,
            "eps_4q": -0.84,
            "eps_4q_growth_year": null,
            "roe": -5.33,
            "roe_4q": -11.23,
            "gross_profit": 9929,
            "gross_margin": 9.38,
            "gross_margin_4q_avg": 10.98,
            "net_income": -18230,
            "net_income_4q": null,
            "revenue": 105853,
            "revenue_4q": null,
            "common_shares": 474076,
            "book_valuer_per_share": 7.04,
            "book_valuer_per_share_4q_avg": 7.48,
            "equity": 333885,
            "current_ratio": 135.94,
            "debt_ratio": 39.29,
            "inventory_turnover_ratio": 1.03,
            "account_receivable_turnover_ratio": 1.62,
            "reinvestment_rate": null,
            "research_to_sale_ratio": 4.83,
            "price_fair": 0,
            "eps_avg_yearly": 0,
            "eps_latest_yearly": 0,
            "eps_growth_yearly": 0
        },
        "20192": {
            "year_quarter": 20192,
            "year": 2019,
            "quarter": 2,
            "eps": -0.47,
            "eps_growth_year": null,
            "eps_4q": -1.18,
            "eps_4q_growth_year": null,
            "roe": -6.93,
            "roe_4q": -16.52,
            "gross_profit": 9527,
            "gross_margin": 8.93,
            "gross_margin_4q_avg": 11.33,
            "net_income": -22258,
            "net_income_4q": null,
            "revenue": 106651,
            "revenue_4q": null,
            "common_shares": 474076,
            "book_valuer_per_share": 6.5,
            "book_valuer_per_share_4q_avg": 7.14,
            "equity": 308248,
            "current_ratio": 139.91,
            "debt_ratio": 37.71,
            "inventory_turnover_ratio": 1.36,
            "account_receivable_turnover_ratio": 1.57,
            "reinvestment_rate": null,
            "research_to_sale_ratio": 4.11,
            "price_fair": 0,
            "eps_avg_yearly": 0,
            "eps_latest_yearly": 0,
            "eps_growth_yearly": 0
        },
        "20193": {
            "year_quarter": 20193,
            "year": 2019,
            "quarter": 3,
            "eps": -0.31,
            "eps_growth_year": null,
            "eps_4q": -1.36,
            "eps_4q_growth_year": null,
            "roe": -4.91,
            "roe_4q": -19.8,
            "gross_profit": 14193,
            "gross_margin": 12.45,
            "gross_margin_4q_avg": 11.33,
            "net_income": -14695,
            "net_income_4q": null,
            "revenue": 113981,
            "revenue_4q": null,
            "common_shares": 474076,
            "book_valuer_per_share": 6.12,
            "book_valuer_per_share_4q_avg": 6.77,
            "equity": 289929,
            "current_ratio": 129.6,
            "debt_ratio": 52.68,
            "inventory_turnover_ratio": 1.49,
            "account_receivable_turnover_ratio": 1.35,
            "reinvestment_rate": null,
            "research_to_sale_ratio": 4.81,
            "price_fair": 0,
            "eps_avg_yearly": 0,
            "eps_latest_yearly": 0,
            "eps_growth_yearly": 0
        },
        "20194": {
            "year_quarter": 20194,
            "year": 2019,
            "quarter": 4,
            "eps": -0.45,
            "eps_growth_year": null,
            "eps_4q": -1.61,
            "eps_4q_growth_year": null,
            "roe": -7.65,
            "roe_4q": -24.82,
            "gross_profit": 12076,
            "gross_margin": 12.75,
            "gross_margin_4q_avg": 10.88,
            "net_income": -21256,
            "net_income_4q": null,
            "revenue": 94679,
            "revenue_4q": null,
            "common_shares": 474076,
            "book_valuer_per_share": 5.61,
            "book_valuer_per_share_4q_avg": 6.32,
            "equity": 265969,
            "current_ratio": 117.22,
            "debt_ratio": 53.36,
            "inventory_turnover_ratio": 1.13,
            "account_receivable_turnover_ratio": 1.26,
            "reinvestment_rate": null,
            "research_to_sale_ratio": 5.08,
            "price_fair": 0,
            "eps_avg_yearly": 0,
            "eps_latest_yearly": 0,
            "eps_growth_yearly": 0
        },
        "20201": {
            "year_quarter": 20201,
            "year": 2020,
            "quarter": 1,
            "eps": -0.17,
            "eps_growth_year": null,
            "eps_4q": -1.4,
            "eps_4q_growth_year": null,
            "roe": -3.08,
            "roe_4q": -22.57,
            "gross_profit": 18295,
            "gross_margin": 17.32,
            "gross_margin_4q_avg": 12.86,
            "net_income": -8028,
            "net_income_4q": null,
            "revenue": 105610,
            "revenue_4q": null,
            "common_shares": 474076,
            "book_valuer_per_share": 5.37,
            "book_valuer_per_share_4q_avg": 5.9,
            "equity": 254572,
            "current_ratio": 147.29,
            "debt_ratio": 58.59,
            "inventory_turnover_ratio": 1.36,
            "account_receivable_turnover_ratio": 1.52,
            "reinvestment_rate": null,
            "research_to_sale_ratio": 4.17,
            "price_fair": 0,
            "eps_avg_yearly": 0,
            "eps_latest_yearly": 0,
            "eps_growth_yearly": 0
        },
        "20202": {
            "year_quarter": 20202,
            "year": 2020,
            "quarter": 2,
            "eps": 0.36,
            "eps_growth_year": null,
            "eps_4q": -0.57,
            "eps_4q_growth_year": null,
            "roe": 6.47,
            "roe_4q": -9.170000000000002,
            "gross_profit": 49681,
            "gross_margin": 23.56,
            "gross_margin_4q_avg": 16.52,
            "net_income": 16927,
            "net_income_4q": null,
            "revenue": 210866,
            "revenue_4q": null,
            "common_shares": 474076,
            "book_valuer_per_share": 5.67,
            "book_valuer_per_share_4q_avg": 5.69,
            "equity": 268826,
            "current_ratio": 135.38,
            "debt_ratio": 63.8,
            "inventory_turnover_ratio": 2.43,
            "account_receivable_turnover_ratio": 2.04,
            "reinvestment_rate": null,
            "research_to_sale_ratio": 2.42,
            "price_fair": 0,
            "eps_avg_yearly": 0,
            "eps_latest_yearly": 0,
            "eps_growth_yearly": 0
        },
        "20203": {
            "year_quarter": 20203,
            "year": 2020,
            "quarter": 3,
            "eps": 4.53,
            "eps_growth_year": null,
            "eps_4q": 4.27,
            "eps_4q_growth_year": null,
            "roe": 58.09,
            "roe_4q": 53.830000000000005,
            "gross_profit": 37227,
            "gross_margin": 16.02,
            "gross_margin_4q_avg": 17.41,
            "net_income": 214748,
            "net_income_4q": null,
            "revenue": 232326,
            "revenue_4q": null,
            "common_shares": 474076,
            "book_valuer_per_share": 9.92,
            "book_valuer_per_share_4q_avg": 6.64,
            "equity": 470480,
            "current_ratio": 209.75,
            "debt_ratio": 48.68,
            "inventory_turnover_ratio": 2.35,
            "account_receivable_turnover_ratio": 1.71,
            "reinvestment_rate": -190.74,
            "research_to_sale_ratio": 2.56,
            "price_fair": 634.2,
            "eps_avg_yearly": 18.12,
            "eps_latest_yearly": 18.12,
            "eps_growth_yearly": 4633.33
        },
        "20204": {
            "year_quarter": 20204,
            "year": 2020,
            "quarter": 4,
            "eps": -0.37,
            "eps_growth_year": null,
            "eps_4q": 4.34,
            "eps_4q_growth_year": null,
            "roe": -3.88,
            "roe_4q": 57.6,
            "gross_profit": 21860,
            "gross_margin": 9.7,
            "gross_margin_4q_avg": 16.65,
            "net_income": -17667,
            "net_income_4q": null,
            "revenue": 225353,
            "revenue_4q": null,
            "common_shares": 474076,
            "book_valuer_per_share": 9.3,
            "book_valuer_per_share_4q_avg": 7.57,
            "equity": 440848,
            "current_ratio": 172.41,
            "debt_ratio": 56.31,
            "inventory_turnover_ratio": 1.45,
            "account_receivable_turnover_ratio": 1.91,
            "reinvestment_rate": -193.02,
            "research_to_sale_ratio": 2.6,
            "price_fair": 634.2,
            "eps_avg_yearly": 18.12,
            "eps_latest_yearly": 18.12,
            "eps_growth_yearly": 4633.33
        },
        "20211": {
            "year_quarter": 20211,
            "year": 2021,
            "quarter": 1,
            "eps": 0.46,
            "eps_growth_year": null,
            "eps_4q": 4.97,
            "eps_4q_growth_year": null,
            "roe": 4.78,
            "roe_4q": 65.46000000000001,
            "gross_profit": 17604,
            "gross_margin": 8.33,
            "gross_margin_4q_avg": 14.4,
            "net_income": 21627,
            "net_income_4q": null,
            "revenue": 211416,
            "revenue_4q": null,
            "common_shares": 474076,
            "book_valuer_per_share": 9.78,
            "book_valuer_per_share_4q_avg": 8.67,
            "equity": 463819,
            "current_ratio": 167.41,
            "debt_ratio": 54.45,
            "inventory_turnover_ratio": 0.88,
            "account_receivable_turnover_ratio": 1.8,
            "reinvestment_rate": -41.24,
            "research_to_sale_ratio": 2.81,
            "price_fair": 634.2,
            "eps_avg_yearly": 18.12,
            "eps_latest_yearly": 18.12,
            "eps_growth_yearly": 4633.33
        },
        "20212": {
            "year_quarter": 20212,
            "year": 2021,
            "quarter": 2,
            "eps": -0.61,
            "eps_growth_year": -269.44,
            "eps_4q": 4,
            "eps_4q_growth_year": null,
            "roe": -6.44,
            "roe_4q": 52.550000000000004,
            "gross_profit": 20362,
            "gross_margin": 10.36,
            "gross_margin_4q_avg": 11.1,
            "net_income": -28853,
            "net_income_4q": null,
            "revenue": 196454,
            "revenue_4q": null,
            "common_shares": 474076,
            "book_valuer_per_share": 9.11,
            "book_valuer_per_share_4q_avg": 9.53,
            "equity": 432065,
            "current_ratio": 165.29,
            "debt_ratio": 54.26,
            "inventory_turnover_ratio": 0.7,
            "account_receivable_turnover_ratio": 1.43,
            "reinvestment_rate": -47.19,
            "research_to_sale_ratio": 3.66,
            "price_fair": 634.2,
            "eps_avg_yearly": 18.12,
            "eps_latest_yearly": 18.12,
            "eps_growth_yearly": 4633.33
        },
        "20213": {
            "year_quarter": 20213,
            "year": 2021,
            "quarter": 3,
            "eps": -0.47,
            "eps_growth_year": -110.38,
            "eps_4q": -0.99,
            "eps_4q_growth_year": -123.25,
            "roe": -5.26,
            "roe_4q": -10.799999999999999,
            "gross_profit": 6847,
            "gross_margin": 3.93,
            "gross_margin_4q_avg": 8.08,
            "net_income": -22163,
            "net_income_4q": null,
            "revenue": 174390,
            "revenue_4q": null,
            "common_shares": 474076,
            "book_valuer_per_share": 8.66,
            "book_valuer_per_share_4q_avg": 9.21,
            "equity": 410591,
            "current_ratio": 155.31,
            "debt_ratio": 56.49,
            "inventory_turnover_ratio": 0.58,
            "account_receivable_turnover_ratio": 1.92,
            "reinvestment_rate": -60.23,
            "research_to_sale_ratio": 3.03,
            "price_fair": 634.2,
            "eps_avg_yearly": 18.12,
            "eps_latest_yearly": 18.12,
            "eps_growth_yearly": 4633.33
        },
        "20214": {
            "year_quarter": 20214,
            "year": 2021,
            "quarter": 4,
            "eps": -0.7,
            "eps_growth_year": null,
            "eps_4q": -1.32,
            "eps_4q_growth_year": -130.27,
            "roe": -8.36,
            "roe_4q": -15.279999999999998,
            "gross_profit": 950,
            "gross_margin": 0.41,
            "gross_margin_4q_avg": 5.76,
            "net_income": -32952,
            "net_income_4q": null,
            "revenue": 229619,
            "revenue_4q": null,
            "common_shares": 474076,
            "book_valuer_per_share": 7.98,
            "book_valuer_per_share_4q_avg": 8.88,
            "equity": 378176,
            "current_ratio": 166.29,
            "debt_ratio": 51.29,
            "inventory_turnover_ratio": 0.82,
            "account_receivable_turnover_ratio": 2.94,
            "reinvestment_rate": -76.96,
            "research_to_sale_ratio": 1.92,
            "price_fair": 634.2,
            "eps_avg_yearly": 18.12,
            "eps_latest_yearly": 18.12,
            "eps_growth_yearly": 4633.33
        },
        "20221": {
            "year_quarter": 20221,
            "year": 2022,
            "quarter": 1,
            "eps": -0.24,
            "eps_growth_year": -152.17,
            "eps_4q": -2.01,
            "eps_4q_growth_year": -140.5,
            "roe": -3.08,
            "roe_4q": -23.14,
            "gross_profit": 9980,
            "gross_margin": 6.79,
            "gross_margin_4q_avg": 5.37,
            "net_income": -11458,
            "net_income_4q": null,
            "revenue": 146996,
            "revenue_4q": null,
            "common_shares": 474076,
            "book_valuer_per_share": 7.74,
            "book_valuer_per_share_4q_avg": 8.37,
            "equity": 366709,
            "current_ratio": 166.1,
            "debt_ratio": 50.66,
            "inventory_turnover_ratio": 0.57,
            "account_receivable_turnover_ratio": 1.87,
            "reinvestment_rate": -42.82,
            "research_to_sale_ratio": 2.72,
            "price_fair": 634.2,
            "eps_avg_yearly": 18.12,
            "eps_latest_yearly": 18.12,
            "eps_growth_yearly": 4633.33
        },
        "20222": {
            "year_quarter": 20222,
            "year": 2022,
            "quarter": 2,
            "eps": 0.01,
            "eps_growth_year": null,
            "eps_4q": -1.4,
            "eps_4q_growth_year": -134.89,
            "roe": 0.09,
            "roe_4q": -16.61,
            "gross_profit": 24647,
            "gross_margin": 13.67,
            "gross_margin_4q_avg": 6.2,
            "net_income": 337,
            "net_income_4q": null,
            "revenue": 180335,
            "revenue_4q": null,
            "common_shares": 474076,
            "book_valuer_per_share": 7.7,
            "book_valuer_per_share_4q_avg": 8.02,
            "equity": 365153,
            "current_ratio": 152.33,
            "debt_ratio": 54.47,
            "inventory_turnover_ratio": 0.61,
            "account_receivable_turnover_ratio": 1.95,
            "reinvestment_rate": -41.44,
            "research_to_sale_ratio": 2.93,
            "price_fair": 634.2,
            "eps_avg_yearly": 18.12,
            "eps_latest_yearly": 18.12,
            "eps_growth_yearly": 4633.33
        },
        "20223": {
            "year_quarter": 20223,
            "year": 2022,
            "quarter": 3,
            "eps": 0.16,
            "eps_growth_year": null,
            "eps_4q": -0.77,
            "eps_4q_growth_year": null,
            "roe": 2.07,
            "roe_4q": -9.28,
            "gross_profit": 28659,
            "gross_margin": 11.86,
            "gross_margin_4q_avg": 8.18,
            "net_income": 7768,
            "net_income_4q": null,
            "revenue": 241542,
            "revenue_4q": null,
            "common_shares": 474076,
            "book_valuer_per_share": 8.1,
            "book_valuer_per_share_4q_avg": 7.88,
            "equity": 383833,
            "current_ratio": 151.05,
            "debt_ratio": 54.92,
            "inventory_turnover_ratio": 0.75,
            "account_receivable_turnover_ratio": 2.16,
            "reinvestment_rate": -12.08,
            "research_to_sale_ratio": 1.64,
            "price_fair": 328.3,
            "eps_avg_yearly": 9.38,
            "eps_latest_yearly": 0.64,
            "eps_growth_yearly": 5316.67
        },
        "20224": {
            "year_quarter": 20224,
            "year": 2022,
            "quarter": 4,
            "eps": -0.3,
            "eps_growth_year": null,
            "eps_4q": -0.37,
            "eps_4q_growth_year": null,
            "roe": -3.75,
            "roe_4q": -4.67,
            "gross_profit": 34439,
            "gross_margin": 15.06,
            "gross_margin_4q_avg": 11.85,
            "net_income": -14195,
            "net_income_4q": null,
            "revenue": 228669,
            "revenue_4q": null,
            "common_shares": 474076,
            "book_valuer_per_share": 7.86,
            "book_valuer_per_share_4q_avg": 7.85,
            "equity": 372578,
            "current_ratio": 153.07,
            "debt_ratio": 53.41,
            "inventory_turnover_ratio": 0.72,
            "account_receivable_turnover_ratio": 1.95,
            "reinvestment_rate": -8.95,
            "research_to_sale_ratio": 1.79,
            "price_fair": 328.3,
            "eps_avg_yearly": 9.38,
            "eps_latest_yearly": 0.64,
            "eps_growth_yearly": 5316.67
        },
        "20231": {
            "year_quarter": 20231,
            "year": 2023,
            "quarter": 1,
            "eps": -0.25,
            "eps_growth_year": null,
            "eps_4q": -0.38,
            "eps_4q_growth_year": null,
            "roe": -3.3,
            "roe_4q": -4.890000000000001,
            "gross_profit": 16955,
            "gross_margin": 13.02,
            "gross_margin_4q_avg": 13.4,
            "net_income": -12044,
            "net_income_4q": null,
            "revenue": 130252,
            "revenue_4q": null,
            "common_shares": 474076,
            "book_valuer_per_share": 7.54,
            "book_valuer_per_share_4q_avg": 7.8,
            "equity": 357373,
            "current_ratio": 162.08,
            "debt_ratio": 48.66,
            "inventory_turnover_ratio": 0.51,
            "account_receivable_turnover_ratio": 1,
            "reinvestment_rate": -8.49,
            "research_to_sale_ratio": 2.9,
            "price_fair": 328.3,
            "eps_avg_yearly": 9.38,
            "eps_latest_yearly": 0.64,
            "eps_growth_yearly": 5316.67
        },
        "20232": {
            "year_quarter": 20232,
            "year": 2023,
            "quarter": 2,
            "eps": -0.38,
            "eps_growth_year": -3900,
            "eps_4q": -0.76,
            "eps_4q_growth_year": null,
            "roe": -5.08,
            "roe_4q": -10.059999999999999,
            "gross_profit": 13595,
            "gross_margin": 9.59,
            "gross_margin_4q_avg": 12.38,
            "net_income": -17785,
            "net_income_4q": null,
            "revenue": 141813,
            "revenue_4q": null,
            "common_shares": 474076,
            "book_valuer_per_share": 7.24,
            "book_valuer_per_share_4q_avg": 7.69,
            "equity": 343308,
            "current_ratio": 151.21,
            "debt_ratio": 50.98,
            "inventory_turnover_ratio": 0.64,
            "account_receivable_turnover_ratio": 1.28,
            "reinvestment_rate": -0.19,
            "research_to_sale_ratio": 2.97,
            "price_fair": 328.3,
            "eps_avg_yearly": 9.38,
            "eps_latest_yearly": 0.64,
            "eps_growth_yearly": 5316.67
        },
        "20233": {
            "year_quarter": 20233,
            "year": 2023,
            "quarter": 3,
            "eps": 0.5,
            "eps_growth_year": 212.5,
            "eps_4q": -0.43,
            "eps_4q_growth_year": null,
            "roe": 6.66,
            "roe_4q": -5.47,
            "gross_profit": 49057,
            "gross_margin": 23,
            "gross_margin_4q_avg": 15.17,
            "net_income": 23561,
            "net_income_4q": null,
            "revenue": 213281,
            "revenue_4q": null,
            "common_shares": 474076,
            "book_valuer_per_share": 7.68,
            "book_valuer_per_share_4q_avg": 7.58,
            "equity": 363872,
            "current_ratio": 156.22,
            "debt_ratio": 49.77,
            "inventory_turnover_ratio": 0.96,
            "account_receivable_turnover_ratio": 1.8,
            "reinvestment_rate": 0.09,
            "research_to_sale_ratio": 1.77,
            "price_fair": 328.3,
            "eps_avg_yearly": 9.38,
            "eps_latest_yearly": 0.64,
            "eps_growth_yearly": 5316.67
        }
    },
    "months": {
        "2004-01": {
            "month": "2004-01",
            "price": "267.00",
            "revenue": 182775
        },
        "2004-02": {
            "month": "2004-02",
            "price": "260.00",
            "revenue": 82894
        },
        "2004-03": {
            "month": "2004-03",
            "price": "261.40",
            "revenue": 87606
        },
        "2004-04": {
            "month": "2004-04",
            "price": "270.40",
            "revenue": 194573
        },
        "2004-05": {
            "month": "2004-05",
            "price": "288.71",
            "revenue": 104092
        },
        "2004-06": {
            "month": "2004-06",
            "price": "274.19",
            "revenue": 151866
        },
        "2004-07": {
            "month": "2004-07",
            "price": "161.68",
            "revenue": 83837
        },
        "2004-08": {
            "month": "2004-08",
            "price": "141.67",
            "revenue": 246810
        },
        "2004-09": {
            "month": "2004-09",
            "price": "156.17",
            "revenue": 200073
        },
        "2004-11": {
            "month": "2004-11",
            "price": "147.27",
            "revenue": 81629
        },
        "2004-12": {
            "month": "2004-12",
            "price": "141.50",
            "revenue": 48570
        },
        "2005-01": {
            "month": "2005-01",
            "price": "121.83",
            "revenue": 60612
        },
        "2005-02": {
            "month": "2005-02",
            "price": "126.19",
            "revenue": 41664
        },
        "2005-03": {
            "month": "2005-03",
            "price": "125.59",
            "revenue": 100916
        },
        "2005-04": {
            "month": "2005-04",
            "price": "122.20",
            "revenue": 120145
        },
        "2005-05": {
            "month": "2005-05",
            "price": "104.88",
            "revenue": 87310
        },
        "2005-06": {
            "month": "2005-06",
            "price": "94.41",
            "revenue": 56621
        },
        "2005-07": {
            "month": "2005-07",
            "price": "76.96",
            "revenue": 142705
        },
        "2005-08": {
            "month": "2005-08",
            "price": "56.74",
            "revenue": 80057
        },
        "2005-09": {
            "month": "2005-09",
            "price": "28.15",
            "revenue": 112997
        },
        "2005-10": {
            "month": "2005-10",
            "price": "21.84",
            "revenue": 100185
        },
        "2005-11": {
            "month": "2005-11",
            "price": "22.80",
            "revenue": 60109
        },
        "2005-12": {
            "month": "2005-12",
            "price": "23.93",
            "revenue": 44879
        },
        "2006-01": {
            "month": "2006-01",
            "price": "22.69",
            "revenue": 60016
        },
        "2006-02": {
            "month": "2006-02",
            "price": "21.35",
            "revenue": 40890
        },
        "2006-03": {
            "month": "2006-03",
            "price": "19.34",
            "revenue": 51185
        },
        "2006-04": {
            "month": "2006-04",
            "price": "20.80",
            "revenue": 128002
        },
        "2006-05": {
            "month": "2006-05",
            "price": "26.39",
            "revenue": 100595
        },
        "2006-06": {
            "month": "2006-06",
            "price": "23.56",
            "revenue": 96383
        },
        "2006-07": {
            "month": "2006-07",
            "price": "22.11",
            "revenue": 106228
        },
        "2006-08": {
            "month": "2006-08",
            "price": "20.78",
            "revenue": 120104
        },
        "2006-09": {
            "month": "2006-09",
            "price": "18.90",
            "revenue": 147062
        },
        "2006-10": {
            "month": "2006-10",
            "price": "20.57",
            "revenue": 95207
        },
        "2006-11": {
            "month": "2006-11",
            "price": "19.63",
            "revenue": 50991
        },
        "2006-12": {
            "month": "2006-12",
            "price": "20.64",
            "revenue": 70042
        },
        "2007-01": {
            "month": "2007-01",
            "price": "22.46",
            "revenue": 67396
        },
        "2007-02": {
            "month": "2007-02",
            "price": "22.36",
            "revenue": 35184
        },
        "2007-03": {
            "month": "2007-03",
            "price": "27.83",
            "revenue": 92047
        },
        "2007-04": {
            "month": "2007-04",
            "price": "32.43",
            "revenue": 152493
        },
        "2007-05": {
            "month": "2007-05",
            "price": "32.31",
            "revenue": 91064
        },
        "2007-06": {
            "month": "2007-06",
            "price": "32.76",
            "revenue": 101077
        },
        "2007-07": {
            "month": "2007-07",
            "price": "50.38",
            "revenue": 74357
        },
        "2007-08": {
            "month": "2007-08",
            "price": "44.00",
            "revenue": 109631
        },
        "2007-09": {
            "month": "2007-09",
            "price": "40.75",
            "revenue": 166191
        },
        "2007-10": {
            "month": "2007-10",
            "price": "32.14",
            "revenue": 99090
        },
        "2007-11": {
            "month": "2007-11",
            "price": "26.68",
            "revenue": 76715
        },
        "2007-12": {
            "month": "2007-12",
            "price": "24.94",
            "revenue": 98977
        },
        "2008-01": {
            "month": "2008-01",
            "price": "26.15",
            "revenue": 60277
        },
        "2008-02": {
            "month": "2008-02",
            "price": "24.37",
            "revenue": 63523
        },
        "2008-03": {
            "month": "2008-03",
            "price": "24.15",
            "revenue": 88306
        },
        "2008-04": {
            "month": "2008-04",
            "price": "28.61",
            "revenue": 88978
        },
        "2008-05": {
            "month": "2008-05",
            "price": "29.40",
            "revenue": 102077
        },
        "2008-06": {
            "month": "2008-06",
            "price": "21.91",
            "revenue": 58108
        },
        "2008-07": {
            "month": "2008-07",
            "price": "16.87",
            "revenue": 73532
        },
        "2008-08": {
            "month": "2008-08",
            "price": "15.61",
            "revenue": 91418
        },
        "2008-09": {
            "month": "2008-09",
            "price": "12.59",
            "revenue": 147037
        },
        "2008-10": {
            "month": "2008-10",
            "price": "9.29",
            "revenue": 120716
        },
        "2008-11": {
            "month": "2008-11",
            "price": "7.79",
            "revenue": 87376
        },
        "2008-12": {
            "month": "2008-12",
            "price": "7.63",
            "revenue": 83566
        },
        "2009-01": {
            "month": "2009-01",
            "price": "7.48",
            "revenue": 60264
        },
        "2009-02": {
            "month": "2009-02",
            "price": "7.27",
            "revenue": 64528
        },
        "2009-03": {
            "month": "2009-03",
            "price": "8.75",
            "revenue": 120330
        },
        "2009-04": {
            "month": "2009-04",
            "price": "16.92",
            "revenue": 57754
        },
        "2009-05": {
            "month": "2009-05",
            "price": "16.66",
            "revenue": 71642
        },
        "2009-06": {
            "month": "2009-06",
            "price": "14.02",
            "revenue": 77837
        },
        "2009-07": {
            "month": "2009-07",
            "price": "16.03",
            "revenue": 71738
        },
        "2009-08": {
            "month": "2009-08",
            "price": "15.64",
            "revenue": 61576
        },
        "2009-09": {
            "month": "2009-09",
            "price": "15.58",
            "revenue": 129257
        },
        "2009-10": {
            "month": "2009-10",
            "price": "15.97",
            "revenue": 72184
        },
        "2009-11": {
            "month": "2009-11",
            "price": "15.53",
            "revenue": 78200
        },
        "2009-12": {
            "month": "2009-12",
            "price": "16.03",
            "revenue": 83214
        },
        "2010-01": {
            "month": "2010-01",
            "price": "16.21",
            "revenue": 73340
        },
        "2010-02": {
            "month": "2010-02",
            "price": "15.38",
            "revenue": 102481
        },
        "2010-03": {
            "month": "2010-03",
            "price": "20.23",
            "revenue": 89087
        },
        "2010-04": {
            "month": "2010-04",
            "price": "21.66",
            "revenue": 107833
        },
        "2010-05": {
            "month": "2010-05",
            "price": "23.45",
            "revenue": 97481
        },
        "2010-06": {
            "month": "2010-06",
            "price": "23.82",
            "revenue": 158704
        },
        "2010-07": {
            "month": "2010-07",
            "price": "25.21",
            "revenue": 178983
        },
        "2010-08": {
            "month": "2010-08",
            "price": "30.22",
            "revenue": 133807
        },
        "2010-09": {
            "month": "2010-09",
            "price": "40.50",
            "revenue": 139651
        },
        "2010-10": {
            "month": "2010-10",
            "price": "38.86",
            "revenue": 74626
        },
        "2010-11": {
            "month": "2010-11",
            "price": "35.25",
            "revenue": 55326
        },
        "2010-12": {
            "month": "2010-12",
            "price": "31.62",
            "revenue": 50864
        },
        "2011-01": {
            "month": "2011-01",
            "price": "29.59",
            "revenue": 70631
        },
        "2011-02": {
            "month": "2011-02",
            "price": "28.61",
            "revenue": 58594
        },
        "2011-03": {
            "month": "2011-03",
            "price": "27.23",
            "revenue": 45849
        },
        "2011-04": {
            "month": "2011-04",
            "price": "27.18",
            "revenue": 53423
        },
        "2011-05": {
            "month": "2011-05",
            "price": "26.49",
            "revenue": 58677
        },
        "2011-06": {
            "month": "2011-06",
            "price": "21.12",
            "revenue": 74770
        },
        "2011-07": {
            "month": "2011-07",
            "price": "18.75",
            "revenue": 63757
        },
        "2011-08": {
            "month": "2011-08",
            "price": "15.35",
            "revenue": 101276
        },
        "2011-09": {
            "month": "2011-09",
            "price": "13.50",
            "revenue": 98777
        },
        "2011-10": {
            "month": "2011-10",
            "price": "13.81",
            "revenue": 76580
        },
        "2011-11": {
            "month": "2011-11",
            "price": "14.41",
            "revenue": 56936
        },
        "2011-12": {
            "month": "2011-12",
            "price": "12.36",
            "revenue": 36362
        },
        "2012-01": {
            "month": "2012-01",
            "price": "12.42",
            "revenue": 56409
        },
        "2012-02": {
            "month": "2012-02",
            "price": "15.43",
            "revenue": 44305
        },
        "2012-03": {
            "month": "2012-03",
            "price": "15.16",
            "revenue": 35530
        },
        "2012-04": {
            "month": "2012-04",
            "price": "14.12",
            "revenue": 56072
        },
        "2012-05": {
            "month": "2012-05",
            "price": "15.10",
            "revenue": 69111
        },
        "2012-06": {
            "month": "2012-06",
            "price": "19.52",
            "revenue": 192778
        },
        "2012-07": {
            "month": "2012-07",
            "price": "24.84",
            "revenue": 67648
        },
        "2012-08": {
            "month": "2012-08",
            "price": "26.22",
            "revenue": 115770
        },
        "2012-09": {
            "month": "2012-09",
            "price": "28.09",
            "revenue": 206686
        },
        "2012-10": {
            "month": "2012-10",
            "price": "27.19",
            "revenue": 130870
        },
        "2012-11": {
            "month": "2012-11",
            "price": "27.76",
            "revenue": 193965
        },
        "2012-12": {
            "month": "2012-12",
            "price": "40.92",
            "revenue": 170698
        },
        "2013-01": {
            "month": "2013-01",
            "price": "45.78",
            "revenue": 132661
        },
        "2013-02": {
            "month": "2013-02",
            "price": "50.86",
            "revenue": 82948
        },
        "2013-03": {
            "month": "2013-03",
            "price": "57.16",
            "revenue": 175801
        },
        "2013-04": {
            "month": "2013-04",
            "price": "58.01",
            "revenue": 129643
        },
        "2013-05": {
            "month": "2013-05",
            "price": "53.01",
            "revenue": 100579
        },
        "2013-06": {
            "month": "2013-06",
            "price": "52.45",
            "revenue": 116384
        },
        "2013-07": {
            "month": "2013-07",
            "price": "47.40",
            "revenue": 76612
        },
        "2013-08": {
            "month": "2013-08",
            "price": "44.83",
            "revenue": 119504
        },
        "2013-09": {
            "month": "2013-09",
            "price": "45.62",
            "revenue": 127299
        },
        "2013-10": {
            "month": "2013-10",
            "price": "48.85",
            "revenue": 80222
        },
        "2013-11": {
            "month": "2013-11",
            "price": "40.70",
            "revenue": 120232
        },
        "2013-12": {
            "month": "2013-12",
            "price": "39.65",
            "revenue": 82763
        },
        "2014-01": {
            "month": "2014-01",
            "price": "36.59",
            "revenue": 66530
        },
        "2014-02": {
            "month": "2014-02",
            "price": "38.13",
            "revenue": 39086
        },
        "2014-03": {
            "month": "2014-03",
            "price": "35.02",
            "revenue": 42205
        },
        "2014-04": {
            "month": "2014-04",
            "price": "30.24",
            "revenue": 38404
        },
        "2014-05": {
            "month": "2014-05",
            "price": "33.29",
            "revenue": 51162
        },
        "2014-06": {
            "month": "2014-06",
            "price": "33.42",
            "revenue": 35388
        },
        "2014-07": {
            "month": "2014-07",
            "price": "35.23",
            "revenue": 51231
        },
        "2014-08": {
            "month": "2014-08",
            "price": "29.81",
            "revenue": 81998
        },
        "2014-09": {
            "month": "2014-09",
            "price": "28.79",
            "revenue": 72445
        },
        "2014-10": {
            "month": "2014-10",
            "price": "24.92",
            "revenue": 55421
        },
        "2014-11": {
            "month": "2014-11",
            "price": "21.52",
            "revenue": 47790
        },
        "2014-12": {
            "month": "2014-12",
            "price": "24.77",
            "revenue": 36860
        },
        "2015-01": {
            "month": "2015-01",
            "price": "24.54",
            "revenue": 55513
        },
        "2015-02": {
            "month": "2015-02",
            "price": "24.66",
            "revenue": 53426
        },
        "2015-03": {
            "month": "2015-03",
            "price": "32.88",
            "revenue": 54508
        },
        "2015-04": {
            "month": "2015-04",
            "price": "33.37",
            "revenue": 57077
        },
        "2015-05": {
            "month": "2015-05",
            "price": "28.12",
            "revenue": 65234
        },
        "2015-06": {
            "month": "2015-06",
            "price": "26.79",
            "revenue": 41797
        },
        "2015-07": {
            "month": "2015-07",
            "price": "27.95",
            "revenue": 71495
        },
        "2015-08": {
            "month": "2015-08",
            "price": "24.63",
            "revenue": 85860
        },
        "2015-09": {
            "month": "2015-09",
            "price": "25.00",
            "revenue": 83333
        },
        "2015-10": {
            "month": "2015-10",
            "price": "26.04",
            "revenue": 39526
        },
        "2015-11": {
            "month": "2015-11",
            "price": "26.42",
            "revenue": 30407
        },
        "2015-12": {
            "month": "2015-12",
            "price": "25.63",
            "revenue": 46428
        },
        "2016-01": {
            "month": "2016-01",
            "price": "23.25",
            "revenue": 39169
        },
        "2016-02": {
            "month": "2016-02",
            "price": "24.85",
            "revenue": 20025
        },
        "2016-03": {
            "month": "2016-03",
            "price": "24.59",
            "revenue": 27600
        },
        "2016-04": {
            "month": "2016-04",
            "price": "21.74",
            "revenue": 31519
        },
        "2016-05": {
            "month": "2016-05",
            "price": "19.58",
            "revenue": 48016
        },
        "2016-06": {
            "month": "2016-06",
            "price": "20.07",
            "revenue": 95836
        },
        "2016-07": {
            "month": "2016-07",
            "price": "22.25",
            "revenue": 98025
        },
        "2016-08": {
            "month": "2016-08",
            "price": "22.12",
            "revenue": 71159
        },
        "2016-09": {
            "month": "2016-09",
            "price": "20.66",
            "revenue": 48807
        },
        "2016-10": {
            "month": "2016-10",
            "price": "19.34",
            "revenue": 32187
        },
        "2016-11": {
            "month": "2016-11",
            "price": "18.32",
            "revenue": 56977
        },
        "2016-12": {
            "month": "2016-12",
            "price": "19.58",
            "revenue": 62570
        },
        "2017-01": {
            "month": "2017-01",
            "price": "19.36",
            "revenue": 60091
        },
        "2017-02": {
            "month": "2017-02",
            "price": "19.65",
            "revenue": 28665
        },
        "2017-03": {
            "month": "2017-03",
            "price": "19.54",
            "revenue": 43511
        },
        "2017-04": {
            "month": "2017-04",
            "price": "17.44",
            "revenue": 33224
        },
        "2017-05": {
            "month": "2017-05",
            "price": "15.43",
            "revenue": 52143
        },
        "2017-06": {
            "month": "2017-06",
            "price": "15.15",
            "revenue": 37173
        },
        "2017-07": {
            "month": "2017-07",
            "price": "15.18",
            "revenue": 40639
        },
        "2017-08": {
            "month": "2017-08",
            "price": "13.65",
            "revenue": 51225
        },
        "2017-09": {
            "month": "2017-09",
            "price": "13.33",
            "revenue": 54664
        },
        "2017-10": {
            "month": "2017-10",
            "price": "12.72",
            "revenue": 56126
        },
        "2017-11": {
            "month": "2017-11",
            "price": "12.40",
            "revenue": 33233
        },
        "2017-12": {
            "month": "2017-12",
            "price": "11.96",
            "revenue": 43765
        },
        "2018-01": {
            "month": "2018-01",
            "price": "12.52",
            "revenue": 18894
        },
        "2018-02": {
            "month": "2018-02",
            "price": "11.83",
            "revenue": 26882
        },
        "2018-03": {
            "month": "2018-03",
            "price": "13.73",
            "revenue": 43255
        },
        "2018-04": {
            "month": "2018-04",
            "price": "15.03",
            "revenue": 59246
        },
        "2018-05": {
            "month": "2018-05",
            "price": "14.01",
            "revenue": 89974
        },
        "2018-06": {
            "month": "2018-06",
            "price": "14.43",
            "revenue": 67376
        },
        "2018-07": {
            "month": "2018-07",
            "price": "13.60",
            "revenue": 56901
        },
        "2018-08": {
            "month": "2018-08",
            "price": "12.40",
            "revenue": 69675
        },
        "2018-09": {
            "month": "2018-09",
            "price": "12.22",
            "revenue": 74258
        },
        "2018-10": {
            "month": "2018-10",
            "price": "11.16",
            "revenue": 51566
        },
        "2018-11": {
            "month": "2018-11",
            "price": "10.35",
            "revenue": 22526
        },
        "2018-12": {
            "month": "2018-12",
            "price": "10.22",
            "revenue": 37044
        },
        "2019-01": {
            "month": "2019-01",
            "price": "10.33",
            "revenue": 29587
        },
        "2019-02": {
            "month": "2019-02",
            "price": "10.59",
            "revenue": 33684
        },
        "2019-03": {
            "month": "2019-03",
            "price": "10.91",
            "revenue": 42581
        },
        "2019-04": {
            "month": "2019-04",
            "price": "10.53",
            "revenue": 25582
        },
        "2019-05": {
            "month": "2019-05",
            "price": "9.64",
            "revenue": 21170
        },
        "2019-06": {
            "month": "2019-06",
            "price": "9.67",
            "revenue": 59899
        },
        "2019-07": {
            "month": "2019-07",
            "price": "9.91",
            "revenue": 41973
        },
        "2019-08": {
            "month": "2019-08",
            "price": "9.22",
            "revenue": 28417
        },
        "2019-09": {
            "month": "2019-09",
            "price": "9.31",
            "revenue": 43592
        },
        "2019-10": {
            "month": "2019-10",
            "price": "8.88",
            "revenue": 22173
        },
        "2019-11": {
            "month": "2019-11",
            "price": "8.07",
            "revenue": 28827
        },
        "2019-12": {
            "month": "2019-12",
            "price": "8.18",
            "revenue": 43680
        },
        "2020-01": {
            "month": "2020-01",
            "price": "9.01",
            "revenue": 49802
        },
        "2020-02": {
            "month": "2020-02",
            "price": "12.26",
            "revenue": 13942
        },
        "2020-03": {
            "month": "2020-03",
            "price": "10.60",
            "revenue": 41865
        },
        "2020-04": {
            "month": "2020-04",
            "price": "10.15",
            "revenue": 63849
        },
        "2020-05": {
            "month": "2020-05",
            "price": "16.00",
            "revenue": 63718
        },
        "2020-06": {
            "month": "2020-06",
            "price": "24.38",
            "revenue": 83300
        },
        "2020-07": {
            "month": "2020-07",
            "price": "35.68",
            "revenue": 80382
        },
        "2020-08": {
            "month": "2020-08",
            "price": "35.52",
            "revenue": 72298
        },
        "2020-09": {
            "month": "2020-09",
            "price": "28.65",
            "revenue": 79646
        },
        "2020-10": {
            "month": "2020-10",
            "price": "26.01",
            "revenue": 82548
        },
        "2020-11": {
            "month": "2020-11",
            "price": "26.83",
            "revenue": 80921
        },
        "2020-12": {
            "month": "2020-12",
            "price": "26.11",
            "revenue": 61884
        },
        "2021-01": {
            "month": "2021-01",
            "price": "24.23",
            "revenue": 64276
        },
        "2021-02": {
            "month": "2021-02",
            "price": "22.84",
            "revenue": 55898
        },
        "2021-03": {
            "month": "2021-03",
            "price": "22.95",
            "revenue": 91242
        },
        "2021-04": {
            "month": "2021-04",
            "price": "22.00",
            "revenue": 81691
        },
        "2021-05": {
            "month": "2021-05",
            "price": "22.92",
            "revenue": 68987
        },
        "2021-06": {
            "month": "2021-06",
            "price": "22.76",
            "revenue": 45776
        },
        "2021-07": {
            "month": "2021-07",
            "price": "19.50",
            "revenue": 82209
        },
        "2021-08": {
            "month": "2021-08",
            "price": "15.85",
            "revenue": 54051
        },
        "2021-09": {
            "month": "2021-09",
            "price": "15.58",
            "revenue": 38130
        },
        "2021-10": {
            "month": "2021-10",
            "price": "13.94",
            "revenue": 75257
        },
        "2021-11": {
            "month": "2021-11",
            "price": "14.24",
            "revenue": 84934
        },
        "2021-12": {
            "month": "2021-12",
            "price": "16.04",
            "revenue": 69428
        },
        "2022-01": {
            "month": "2022-01",
            "price": "16.50",
            "revenue": 63078
        },
        "2022-02": {
            "month": "2022-02",
            "price": "15.10",
            "revenue": 31490
        },
        "2022-03": {
            "month": "2022-03",
            "price": "14.41",
            "revenue": 52053
        },
        "2022-04": {
            "month": "2022-04",
            "price": "16.21",
            "revenue": 44675
        },
        "2022-05": {
            "month": "2022-05",
            "price": "14.72",
            "revenue": 41304
        },
        "2022-06": {
            "month": "2022-06",
            "price": "14.30",
            "revenue": 94731
        },
        "2022-07": {
            "month": "2022-07",
            "price": "13.46",
            "revenue": 101089
        },
        "2022-08": {
            "month": "2022-08",
            "price": "15.13",
            "revenue": 86009
        },
        "2022-09": {
            "month": "2022-09",
            "price": "16.18",
            "revenue": 54443
        },
        "2022-10": {
            "month": "2022-10",
            "price": "14.18",
            "revenue": 67440
        },
        "2022-11": {
            "month": "2022-11",
            "price": "14.23",
            "revenue": 65924
        },
        "2022-12": {
            "month": "2022-12",
            "price": "15.23",
            "revenue": 95305
        },
        "2023-01": {
            "month": "2023-01",
            "price": "15.00",
            "revenue": 62657
        },
        "2023-02": {
            "month": "2023-02",
            "price": "15.56",
            "revenue": 32231
        },
        "2023-03": {
            "month": "2023-03",
            "price": "15.24",
            "revenue": 35495
        },
        "2023-04": {
            "month": "2023-04",
            "price": "14.98",
            "revenue": 58165
        },
        "2023-05": {
            "month": "2023-05",
            "price": "14.55",
            "revenue": 25842
        },
        "2023-06": {
            "month": "2023-06",
            "price": "14.28",
            "revenue": 58073
        },
        "2023-07": {
            "month": "2023-07",
            "price": "13.90",
            "revenue": 65713
        },
        "2023-08": {
            "month": "2023-08",
            "price": "12.84",
            "revenue": 68107
        },
        "2023-09": {
            "month": "2023-09",
            "price": "12.21",
            "revenue": 79462
        },
        "2023-10": {
            "month": "2023-10",
            "price": "12.48",
            "revenue": 33902
        },
        "2023-11": {
            "month": "2023-11",
            "price": "14.20",
            "revenue": 26889
        },
        "2023-12": {
            "month": "2023-12",
            "price": "17.34",
            "revenue": 55002
        }
    }
}
