{
    "summary": {
        "stock_name": "和康生",
        "stock_id": "1783",
        "category": "生技醫療",
        "main_business": "生物高分子材料應用於生物醫材及醫美保養品的研發、製造及銷售",
        "website_url": "http://www.mbi.com.tw",
        "ceo": "陳敬亭",
        "pe_ratio": 25,
        "report_year_from": 2003,
        "report_year_to": 2023,
        "age": 21,
        "eps_negative_percentage": 27,
        "eps_growth_avg": {
            "last_all": 14.05,
            "last_2y": 28.84,
            "last_4y": 19.67,
            "last_8y": 33.06,
            "last_12y": null,
            "last_16y": null,
            "last_20y": null,
            "at_2006_last_3y": null,
            "at_2007_last_3y": null,
            "at_2008_last_3y": null,
            "at_2009_last_3y": null,
            "at_2010_last_3y": null,
            "at_2011_last_3y": null,
            "at_2012_last_3y": null,
            "at_2013_last_3y": null,
            "at_2014_last_3y": null,
            "at_2015_last_3y": null,
            "at_2016_last_3y": null,
            "at_2017_last_3y": -100,
            "at_2018_last_3y": 100,
            "at_2019_last_3y": 53.05,
            "at_2020_last_3y": 37.28,
            "at_2021_last_3y": 36.11,
            "at_2022_last_3y": 22.18,
            "at_2023_last_3y": 23.07,
            "at_2024_last_3y": 23.07,
            "at_2006_last_all": null,
            "at_2007_last_all": null,
            "at_2008_last_all": null,
            "at_2009_last_all": null,
            "at_2010_last_all": null,
            "at_2011_last_all": null,
            "at_2012_last_all": null,
            "at_2013_last_all": null,
            "at_2014_last_all": null,
            "at_2015_last_all": -100,
            "at_2016_last_all": -100,
            "at_2017_last_all": -100,
            "at_2018_last_all": 0,
            "at_2019_last_all": 2.03,
            "at_2020_last_all": 2.96,
            "at_2021_last_all": 8.89,
            "at_2022_last_all": 14.79,
            "at_2023_last_all": 14.05,
            "at_2024_last_all": 14.05
        },
        "latest_eps": 1.86,
        "latest_price": 45.7,
        "latest_roe": 12.48,
        "latest_gross_margin": 68.95,
        "latest_equity": 1361103,
        "latest_revenue": 148742,
        "latest_gross_profit": 102558,
        "latest_net_income": 17664,
        "latest_debt_ratio": 8.83,
        "latest_current_ratio": 471.61,
        "latest_account_receivable_turnover_ratio": 1.5,
        "latest_inventory_turnover_ratio": 0.51,
        "latest_reinvestment_rate": -13.89,
        "latest_research_to_sale_ratio": 12.14
    },
    "eps_dividends": {
        "2001": {
            "cash": 0,
            "stock": 0,
            "eps": 0
        },
        "2002": {
            "cash": 0,
            "stock": 0,
            "eps": 0
        },
        "2003": {
            "cash": 0,
            "stock": 0,
            "eps": 0
        },
        "2004": {
            "cash": 0,
            "stock": 0,
            "eps": 0
        },
        "2005": {
            "cash": 0,
            "stock": 0,
            "eps": 0
        },
        "2006": {
            "cash": 0,
            "stock": 0,
            "eps": 0
        },
        "2007": {
            "cash": 0,
            "stock": 0,
            "eps": 0
        },
        "2008": {
            "cash": 0,
            "stock": 0,
            "eps": 0
        },
        "2009": {
            "cash": 0,
            "stock": 0,
            "eps": 0
        },
        "2010": {
            "cash": 0,
            "stock": 0,
            "eps": 0
        },
        "2011": {
            "cash": 0,
            "stock": 0,
            "eps": 0
        },
        "2012": {
            "cash": 0,
            "stock": 0,
            "eps": 0
        },
        "2013": {
            "cash": 0,
            "stock": 0,
            "eps": 0.07
        },
        "2014": {
            "cash": 0,
            "stock": 0,
            "eps": -0.27
        },
        "2015": {
            "cash": 0,
            "stock": 0,
            "eps": -0.88
        },
        "2016": {
            "cash": 0,
            "stock": 0,
            "eps": -0.18
        },
        "2017": {
            "cash": 0,
            "stock": 0,
            "eps": 0.22
        },
        "2018": {
            "cash": 0.15,
            "stock": 0,
            "eps": 0.82
        },
        "2019": {
            "cash": 0.68,
            "stock": 0,
            "eps": 0.87
        },
        "2020": {
            "cash": 0.78,
            "stock": 0,
            "eps": 0.92
        },
        "2021": {
            "cash": 0.73,
            "stock": 0,
            "eps": 1.22
        },
        "2022": {
            "cash": 0,
            "stock": 1,
            "eps": 1.76
        },
        "2023": {
            "cash": 0.5,
            "stock": 0.5,
            "eps": 1.93
        }
    },
    "dividends": {
        "2018-08-24": {
            "cash": 0.15,
            "stock": 0
        },
        "2019-08-23": {
            "cash": 0.68,
            "stock": 0
        },
        "2020-08-28": {
            "cash": 0.78,
            "stock": 0
        },
        "2021-09-13": {
            "cash": 0.73,
            "stock": 0
        },
        "2022-03-21": {
            "cash": 0,
            "stock": 1
        },
        "2023-10-12": {
            "cash": 0.5,
            "stock": 0.5
        }
    },
    "prices": {
        "200101": "無",
        "200102": "無",
        "200103": "無",
        "200104": "無",
        "200105": "無",
        "200106": "無",
        "200107": "無",
        "200108": "無",
        "200109": "無",
        "200110": "無",
        "200111": "無",
        "200112": "無",
        "200201": "無",
        "200202": "無",
        "200203": "無",
        "200204": "無",
        "200205": "無",
        "200206": "無",
        "200207": "無",
        "200208": "無",
        "200209": "無",
        "200210": "無",
        "200211": "無",
        "200212": "無",
        "200301": "無",
        "200302": "無",
        "200303": "無",
        "200304": "無",
        "200305": "無",
        "200306": "無",
        "200307": "無",
        "200308": "無",
        "200309": "無",
        "200310": "無",
        "200311": "無",
        "200312": "無",
        "200401": "無",
        "200402": "無",
        "200403": "無",
        "200404": "無",
        "200405": "無",
        "200406": "無",
        "200407": "無",
        "200408": "無",
        "200409": "無",
        "200410": "無",
        "200411": "無",
        "200412": "無",
        "200501": "無",
        "200502": "無",
        "200503": "無",
        "200504": "無",
        "200505": "無",
        "200506": "無",
        "200507": "無",
        "200508": "無",
        "200509": "無",
        "200510": "無",
        "200511": "無",
        "200512": "無",
        "200601": "無",
        "200602": "無",
        "200603": "無",
        "200604": "無",
        "200605": "無",
        "200606": "無",
        "200607": "無",
        "200608": "無",
        "200609": "無",
        "200610": "無",
        "200611": "無",
        "200612": "無",
        "200701": "無",
        "200702": "無",
        "200703": "無",
        "200704": "無",
        "200705": "無",
        "200706": "無",
        "200707": "無",
        "200708": "無",
        "200709": "無",
        "200710": "無",
        "200711": "無",
        "200712": "無",
        "200801": "無",
        "200802": "無",
        "200803": "無",
        "200804": "無",
        "200805": "無",
        "200806": "無",
        "200807": "無",
        "200808": "無",
        "200809": "無",
        "200810": "無",
        "200811": "無",
        "200812": "無",
        "200901": "無",
        "200902": "無",
        "200903": "無",
        "200904": "無",
        "200905": "無",
        "200906": "無",
        "200907": "無",
        "200908": "無",
        "200909": "無",
        "200910": "無",
        "200911": "無",
        "200912": "無",
        "201001": "無",
        "201002": "無",
        "201003": "無",
        "201004": "無",
        "201005": "無",
        "201006": "無",
        "201007": "無",
        "201008": "無",
        "201009": "無",
        "201010": "無",
        "201011": "無",
        "201012": "無",
        "201101": "無",
        "201102": "無",
        "201103": "無",
        "201104": "無",
        "201105": "24.44",
        "201106": "24.31",
        "201107": "19.34",
        "201108": "20.17",
        "201109": "19.76",
        "201110": "18.16",
        "201111": "17.30",
        "201112": "15.53",
        "201201": "15.00",
        "201202": "18.88",
        "201203": "18.73",
        "201204": "17.81",
        "201205": "18.98",
        "201206": "18.44",
        "201207": "17.38",
        "201208": "18.18",
        "201209": "19.84",
        "201210": "19.58",
        "201211": "19.44",
        "201212": "20.99",
        "201301": "22.30",
        "201302": "23.78",
        "201303": "24.36",
        "201304": "32.34",
        "201305": "35.54",
        "201306": "32.98",
        "201307": "29.47",
        "201308": "30.88",
        "201309": "35.63",
        "201310": "41.85",
        "201311": "39.60",
        "201312": "51.31",
        "201401": "54.11",
        "201402": "56.61",
        "201403": "55.67",
        "201404": "50.86",
        "201405": "53.11",
        "201406": "55.93",
        "201407": "55.83",
        "201408": "47.30",
        "201409": "48.28",
        "201410": "46.18",
        "201411": "41.87",
        "201412": "41.03",
        "201501": "37.60",
        "201502": "34.05",
        "201503": "34.32",
        "201504": "36.74",
        "201505": "31.52",
        "201506": "26.67",
        "201507": "25.99",
        "201508": "20.36",
        "201509": "20.12",
        "201510": "24.17",
        "201511": "25.94",
        "201512": "23.90",
        "201601": "20.80",
        "201602": "22.17",
        "201603": "24.02",
        "201604": "23.28",
        "201605": "20.90",
        "201606": "21.13",
        "201607": "23.33",
        "201608": "24.26",
        "201609": "25.71",
        "201610": "24.75",
        "201611": "24.50",
        "201612": "24.12",
        "201701": "24.29",
        "201702": "25.05",
        "201703": "23.82",
        "201704": "21.55",
        "201705": "20.76",
        "201706": "22.12",
        "201707": "23.55",
        "201708": "23.50",
        "201709": "23.40",
        "201710": "23.10",
        "201711": "24.21",
        "201712": "23.19",
        "201801": "22.26",
        "201802": "20.22",
        "201803": "22.55",
        "201804": "32.41",
        "201805": "29.60",
        "201806": "33.32",
        "201807": "30.66",
        "201808": "30.57",
        "201809": "27.71",
        "201810": "24.47",
        "201811": "21.05",
        "201812": "22.80",
        "201901": "24.04",
        "201902": "26.77",
        "201903": "26.80",
        "201904": "26.97",
        "201905": "23.99",
        "201906": "24.32",
        "201907": "26.56",
        "201908": "25.16",
        "201909": "25.89",
        "201910": "25.20",
        "201911": "24.65",
        "201912": "24.91",
        "202001": "24.14",
        "202002": "23.04",
        "202003": "17.90",
        "202004": "21.51",
        "202005": "26.84",
        "202006": "29.16",
        "202007": "27.90",
        "202008": "25.53",
        "202009": "23.83",
        "202010": "22.94",
        "202011": "22.94",
        "202012": "22.82",
        "202101": "22.79",
        "202102": "23.48",
        "202103": "28.47",
        "202104": "33.38",
        "202105": "33.23",
        "202106": "35.40",
        "202107": "41.01",
        "202108": "66.74",
        "202109": "58.06",
        "202110": "52.38",
        "202111": "55.58",
        "202112": "54.31",
        "202201": "47.42",
        "202202": "43.69",
        "202203": "41.70",
        "202204": "41.90",
        "202205": "37.22",
        "202206": "41.39",
        "202207": "43.35",
        "202208": "43.25",
        "202209": "45.27",
        "202210": "37.23",
        "202211": "40.61",
        "202212": "47.18",
        "202301": "48.12",
        "202302": "59.58",
        "202303": "56.99",
        "202304": "58.44",
        "202305": "62.41",
        "202306": "59.66",
        "202307": "62.50",
        "202308": "58.20",
        "202309": "56.44",
        "202310": "50.29",
        "202311": "47.82",
        "202312": "48.18",
        "202401": "45.96",
        "202402": "47.35",
        "202403": "45.50",
        "202404": "無"
    },
    "quarters": {
        "20011": {
            "year_quarter": 20011,
            "year": 2001,
            "quarter": 1,
            "eps": null,
            "eps_growth_year": null,
            "eps_4q": null,
            "eps_4q_growth_year": null,
            "roe": null,
            "roe_4q": 0,
            "gross_profit": null,
            "gross_margin": null,
            "gross_margin_4q_avg": 0,
            "net_income": null,
            "net_income_4q": null,
            "revenue": null,
            "revenue_4q": null,
            "common_shares": null,
            "book_valuer_per_share": null,
            "book_valuer_per_share_4q_avg": 0,
            "equity": null,
            "current_ratio": null,
            "debt_ratio": null,
            "inventory_turnover_ratio": null,
            "account_receivable_turnover_ratio": null,
            "reinvestment_rate": null,
            "research_to_sale_ratio": null,
            "price_fair": 0,
            "eps_avg_yearly": 0,
            "eps_latest_yearly": 0,
            "eps_growth_yearly": 0
        },
        "20012": {
            "year_quarter": 20012,
            "year": 2001,
            "quarter": 2,
            "eps": null,
            "eps_growth_year": null,
            "eps_4q": null,
            "eps_4q_growth_year": null,
            "roe": null,
            "roe_4q": 0,
            "gross_profit": null,
            "gross_margin": null,
            "gross_margin_4q_avg": 0,
            "net_income": null,
            "net_income_4q": null,
            "revenue": null,
            "revenue_4q": null,
            "common_shares": null,
            "book_valuer_per_share": null,
            "book_valuer_per_share_4q_avg": 0,
            "equity": null,
            "current_ratio": null,
            "debt_ratio": null,
            "inventory_turnover_ratio": null,
            "account_receivable_turnover_ratio": null,
            "reinvestment_rate": null,
            "research_to_sale_ratio": null,
            "price_fair": 0,
            "eps_avg_yearly": 0,
            "eps_latest_yearly": 0,
            "eps_growth_yearly": 0
        },
        "20013": {
            "year_quarter": 20013,
            "year": 2001,
            "quarter": 3,
            "eps": null,
            "eps_growth_year": null,
            "eps_4q": null,
            "eps_4q_growth_year": null,
            "roe": null,
            "roe_4q": 0,
            "gross_profit": null,
            "gross_margin": null,
            "gross_margin_4q_avg": 0,
            "net_income": null,
            "net_income_4q": null,
            "revenue": null,
            "revenue_4q": null,
            "common_shares": null,
            "book_valuer_per_share": null,
            "book_valuer_per_share_4q_avg": 0,
            "equity": null,
            "current_ratio": null,
            "debt_ratio": null,
            "inventory_turnover_ratio": null,
            "account_receivable_turnover_ratio": null,
            "reinvestment_rate": null,
            "research_to_sale_ratio": null,
            "price_fair": 0,
            "eps_avg_yearly": 0,
            "eps_latest_yearly": 0,
            "eps_growth_yearly": 0
        },
        "20014": {
            "year_quarter": 20014,
            "year": 2001,
            "quarter": 4,
            "eps": null,
            "eps_growth_year": null,
            "eps_4q": null,
            "eps_4q_growth_year": null,
            "roe": null,
            "roe_4q": 0,
            "gross_profit": null,
            "gross_margin": null,
            "gross_margin_4q_avg": 0,
            "net_income": null,
            "net_income_4q": null,
            "revenue": null,
            "revenue_4q": null,
            "common_shares": 198000,
            "book_valuer_per_share": 2.96,
            "book_valuer_per_share_4q_avg": 0.74,
            "equity": 58657,
            "current_ratio": 634.62,
            "debt_ratio": 8.51,
            "inventory_turnover_ratio": null,
            "account_receivable_turnover_ratio": null,
            "reinvestment_rate": null,
            "research_to_sale_ratio": null,
            "price_fair": 0,
            "eps_avg_yearly": 0,
            "eps_latest_yearly": 0,
            "eps_growth_yearly": 0
        },
        "20021": {
            "year_quarter": 20021,
            "year": 2002,
            "quarter": 1,
            "eps": null,
            "eps_growth_year": null,
            "eps_4q": null,
            "eps_4q_growth_year": null,
            "roe": null,
            "roe_4q": 0,
            "gross_profit": null,
            "gross_margin": null,
            "gross_margin_4q_avg": 0,
            "net_income": null,
            "net_income_4q": null,
            "revenue": null,
            "revenue_4q": null,
            "common_shares": null,
            "book_valuer_per_share": null,
            "book_valuer_per_share_4q_avg": 0.74,
            "equity": null,
            "current_ratio": null,
            "debt_ratio": null,
            "inventory_turnover_ratio": null,
            "account_receivable_turnover_ratio": null,
            "reinvestment_rate": null,
            "research_to_sale_ratio": null,
            "price_fair": 0,
            "eps_avg_yearly": 0,
            "eps_latest_yearly": 0,
            "eps_growth_yearly": 0
        },
        "20022": {
            "year_quarter": 20022,
            "year": 2002,
            "quarter": 2,
            "eps": null,
            "eps_growth_year": null,
            "eps_4q": null,
            "eps_4q_growth_year": null,
            "roe": null,
            "roe_4q": 0,
            "gross_profit": null,
            "gross_margin": null,
            "gross_margin_4q_avg": 0,
            "net_income": null,
            "net_income_4q": null,
            "revenue": null,
            "revenue_4q": null,
            "common_shares": null,
            "book_valuer_per_share": null,
            "book_valuer_per_share_4q_avg": 0.74,
            "equity": null,
            "current_ratio": null,
            "debt_ratio": null,
            "inventory_turnover_ratio": null,
            "account_receivable_turnover_ratio": null,
            "reinvestment_rate": null,
            "research_to_sale_ratio": null,
            "price_fair": 0,
            "eps_avg_yearly": 0,
            "eps_latest_yearly": 0,
            "eps_growth_yearly": 0
        },
        "20023": {
            "year_quarter": 20023,
            "year": 2002,
            "quarter": 3,
            "eps": null,
            "eps_growth_year": null,
            "eps_4q": null,
            "eps_4q_growth_year": null,
            "roe": null,
            "roe_4q": 0,
            "gross_profit": null,
            "gross_margin": null,
            "gross_margin_4q_avg": 0,
            "net_income": null,
            "net_income_4q": null,
            "revenue": null,
            "revenue_4q": null,
            "common_shares": null,
            "book_valuer_per_share": null,
            "book_valuer_per_share_4q_avg": 0.74,
            "equity": null,
            "current_ratio": null,
            "debt_ratio": null,
            "inventory_turnover_ratio": null,
            "account_receivable_turnover_ratio": null,
            "reinvestment_rate": null,
            "research_to_sale_ratio": null,
            "price_fair": 0,
            "eps_avg_yearly": 0,
            "eps_latest_yearly": 0,
            "eps_growth_yearly": 0
        },
        "20024": {
            "year_quarter": 20024,
            "year": 2002,
            "quarter": 4,
            "eps": null,
            "eps_growth_year": null,
            "eps_4q": null,
            "eps_4q_growth_year": null,
            "roe": null,
            "roe_4q": 0,
            "gross_profit": null,
            "gross_margin": null,
            "gross_margin_4q_avg": 0,
            "net_income": null,
            "net_income_4q": null,
            "revenue": null,
            "revenue_4q": null,
            "common_shares": 260000,
            "book_valuer_per_share": 5.09,
            "book_valuer_per_share_4q_avg": 1.27,
            "equity": 132258,
            "current_ratio": 256.19,
            "debt_ratio": 24.6,
            "inventory_turnover_ratio": null,
            "account_receivable_turnover_ratio": null,
            "reinvestment_rate": null,
            "research_to_sale_ratio": null,
            "price_fair": 0,
            "eps_avg_yearly": 0,
            "eps_latest_yearly": 0,
            "eps_growth_yearly": 0
        },
        "20031": {
            "year_quarter": 20031,
            "year": 2003,
            "quarter": 1,
            "eps": null,
            "eps_growth_year": null,
            "eps_4q": null,
            "eps_4q_growth_year": null,
            "roe": null,
            "roe_4q": 0,
            "gross_profit": null,
            "gross_margin": null,
            "gross_margin_4q_avg": 0,
            "net_income": null,
            "net_income_4q": null,
            "revenue": null,
            "revenue_4q": null,
            "common_shares": null,
            "book_valuer_per_share": null,
            "book_valuer_per_share_4q_avg": 1.27,
            "equity": null,
            "current_ratio": null,
            "debt_ratio": null,
            "inventory_turnover_ratio": null,
            "account_receivable_turnover_ratio": null,
            "reinvestment_rate": null,
            "research_to_sale_ratio": null,
            "price_fair": 0,
            "eps_avg_yearly": 0,
            "eps_latest_yearly": 0,
            "eps_growth_yearly": 0
        },
        "20032": {
            "year_quarter": 20032,
            "year": 2003,
            "quarter": 2,
            "eps": null,
            "eps_growth_year": null,
            "eps_4q": null,
            "eps_4q_growth_year": null,
            "roe": null,
            "roe_4q": 0,
            "gross_profit": null,
            "gross_margin": null,
            "gross_margin_4q_avg": 0,
            "net_income": null,
            "net_income_4q": null,
            "revenue": null,
            "revenue_4q": null,
            "common_shares": null,
            "book_valuer_per_share": null,
            "book_valuer_per_share_4q_avg": 1.27,
            "equity": null,
            "current_ratio": null,
            "debt_ratio": null,
            "inventory_turnover_ratio": null,
            "account_receivable_turnover_ratio": null,
            "reinvestment_rate": null,
            "research_to_sale_ratio": null,
            "price_fair": 0,
            "eps_avg_yearly": 0,
            "eps_latest_yearly": 0,
            "eps_growth_yearly": 0
        },
        "20033": {
            "year_quarter": 20033,
            "year": 2003,
            "quarter": 3,
            "eps": null,
            "eps_growth_year": null,
            "eps_4q": null,
            "eps_4q_growth_year": null,
            "roe": null,
            "roe_4q": 0,
            "gross_profit": null,
            "gross_margin": null,
            "gross_margin_4q_avg": 0,
            "net_income": null,
            "net_income_4q": null,
            "revenue": null,
            "revenue_4q": null,
            "common_shares": null,
            "book_valuer_per_share": null,
            "book_valuer_per_share_4q_avg": 1.27,
            "equity": null,
            "current_ratio": null,
            "debt_ratio": null,
            "inventory_turnover_ratio": null,
            "account_receivable_turnover_ratio": null,
            "reinvestment_rate": null,
            "research_to_sale_ratio": null,
            "price_fair": 0,
            "eps_avg_yearly": 0,
            "eps_latest_yearly": 0,
            "eps_growth_yearly": 0
        },
        "20034": {
            "year_quarter": 20034,
            "year": 2003,
            "quarter": 4,
            "eps": null,
            "eps_growth_year": null,
            "eps_4q": null,
            "eps_4q_growth_year": null,
            "roe": null,
            "roe_4q": 0,
            "gross_profit": null,
            "gross_margin": null,
            "gross_margin_4q_avg": 0,
            "net_income": null,
            "net_income_4q": null,
            "revenue": null,
            "revenue_4q": null,
            "common_shares": 300000,
            "book_valuer_per_share": 6.03,
            "book_valuer_per_share_4q_avg": 1.51,
            "equity": 180847,
            "current_ratio": 394.29,
            "debt_ratio": 17.41,
            "inventory_turnover_ratio": null,
            "account_receivable_turnover_ratio": null,
            "reinvestment_rate": null,
            "research_to_sale_ratio": null,
            "price_fair": 0,
            "eps_avg_yearly": 0,
            "eps_latest_yearly": 0,
            "eps_growth_yearly": 0
        },
        "20041": {
            "year_quarter": 20041,
            "year": 2004,
            "quarter": 1,
            "eps": null,
            "eps_growth_year": null,
            "eps_4q": null,
            "eps_4q_growth_year": null,
            "roe": null,
            "roe_4q": 0,
            "gross_profit": null,
            "gross_margin": null,
            "gross_margin_4q_avg": 0,
            "net_income": null,
            "net_income_4q": null,
            "revenue": null,
            "revenue_4q": null,
            "common_shares": null,
            "book_valuer_per_share": null,
            "book_valuer_per_share_4q_avg": 1.51,
            "equity": null,
            "current_ratio": null,
            "debt_ratio": null,
            "inventory_turnover_ratio": null,
            "account_receivable_turnover_ratio": null,
            "reinvestment_rate": null,
            "research_to_sale_ratio": null,
            "price_fair": 0,
            "eps_avg_yearly": 0,
            "eps_latest_yearly": 0,
            "eps_growth_yearly": 0
        },
        "20042": {
            "year_quarter": 20042,
            "year": 2004,
            "quarter": 2,
            "eps": null,
            "eps_growth_year": null,
            "eps_4q": null,
            "eps_4q_growth_year": null,
            "roe": null,
            "roe_4q": 0,
            "gross_profit": null,
            "gross_margin": null,
            "gross_margin_4q_avg": 0,
            "net_income": null,
            "net_income_4q": null,
            "revenue": null,
            "revenue_4q": null,
            "common_shares": null,
            "book_valuer_per_share": null,
            "book_valuer_per_share_4q_avg": 1.51,
            "equity": null,
            "current_ratio": null,
            "debt_ratio": null,
            "inventory_turnover_ratio": null,
            "account_receivable_turnover_ratio": null,
            "reinvestment_rate": null,
            "research_to_sale_ratio": null,
            "price_fair": 0,
            "eps_avg_yearly": 0,
            "eps_latest_yearly": 0,
            "eps_growth_yearly": 0
        },
        "20043": {
            "year_quarter": 20043,
            "year": 2004,
            "quarter": 3,
            "eps": null,
            "eps_growth_year": null,
            "eps_4q": null,
            "eps_4q_growth_year": null,
            "roe": null,
            "roe_4q": 0,
            "gross_profit": null,
            "gross_margin": null,
            "gross_margin_4q_avg": 0,
            "net_income": null,
            "net_income_4q": null,
            "revenue": null,
            "revenue_4q": null,
            "common_shares": null,
            "book_valuer_per_share": null,
            "book_valuer_per_share_4q_avg": 1.51,
            "equity": null,
            "current_ratio": null,
            "debt_ratio": null,
            "inventory_turnover_ratio": null,
            "account_receivable_turnover_ratio": null,
            "reinvestment_rate": null,
            "research_to_sale_ratio": null,
            "price_fair": 0,
            "eps_avg_yearly": 0,
            "eps_latest_yearly": 0,
            "eps_growth_yearly": 0
        },
        "20044": {
            "year_quarter": 20044,
            "year": 2004,
            "quarter": 4,
            "eps": null,
            "eps_growth_year": null,
            "eps_4q": null,
            "eps_4q_growth_year": null,
            "roe": null,
            "roe_4q": 0,
            "gross_profit": null,
            "gross_margin": null,
            "gross_margin_4q_avg": 0,
            "net_income": null,
            "net_income_4q": null,
            "revenue": null,
            "revenue_4q": null,
            "common_shares": 300000,
            "book_valuer_per_share": 5.06,
            "book_valuer_per_share_4q_avg": 1.27,
            "equity": 151738,
            "current_ratio": 330.91,
            "debt_ratio": 18.25,
            "inventory_turnover_ratio": null,
            "account_receivable_turnover_ratio": null,
            "reinvestment_rate": null,
            "research_to_sale_ratio": null,
            "price_fair": 0,
            "eps_avg_yearly": 0,
            "eps_latest_yearly": 0,
            "eps_growth_yearly": 0
        },
        "20051": {
            "year_quarter": 20051,
            "year": 2005,
            "quarter": 1,
            "eps": null,
            "eps_growth_year": null,
            "eps_4q": null,
            "eps_4q_growth_year": null,
            "roe": null,
            "roe_4q": 0,
            "gross_profit": null,
            "gross_margin": null,
            "gross_margin_4q_avg": 0,
            "net_income": null,
            "net_income_4q": null,
            "revenue": null,
            "revenue_4q": null,
            "common_shares": null,
            "book_valuer_per_share": null,
            "book_valuer_per_share_4q_avg": 1.27,
            "equity": null,
            "current_ratio": null,
            "debt_ratio": null,
            "inventory_turnover_ratio": null,
            "account_receivable_turnover_ratio": null,
            "reinvestment_rate": null,
            "research_to_sale_ratio": null,
            "price_fair": 0,
            "eps_avg_yearly": 0,
            "eps_latest_yearly": 0,
            "eps_growth_yearly": 0
        },
        "20052": {
            "year_quarter": 20052,
            "year": 2005,
            "quarter": 2,
            "eps": null,
            "eps_growth_year": null,
            "eps_4q": null,
            "eps_4q_growth_year": null,
            "roe": null,
            "roe_4q": 0,
            "gross_profit": null,
            "gross_margin": null,
            "gross_margin_4q_avg": 0,
            "net_income": null,
            "net_income_4q": null,
            "revenue": null,
            "revenue_4q": null,
            "common_shares": null,
            "book_valuer_per_share": null,
            "book_valuer_per_share_4q_avg": 1.27,
            "equity": null,
            "current_ratio": null,
            "debt_ratio": null,
            "inventory_turnover_ratio": null,
            "account_receivable_turnover_ratio": null,
            "reinvestment_rate": null,
            "research_to_sale_ratio": null,
            "price_fair": 0,
            "eps_avg_yearly": 0,
            "eps_latest_yearly": 0,
            "eps_growth_yearly": 0
        },
        "20053": {
            "year_quarter": 20053,
            "year": 2005,
            "quarter": 3,
            "eps": null,
            "eps_growth_year": null,
            "eps_4q": null,
            "eps_4q_growth_year": null,
            "roe": null,
            "roe_4q": 0,
            "gross_profit": null,
            "gross_margin": null,
            "gross_margin_4q_avg": 0,
            "net_income": null,
            "net_income_4q": null,
            "revenue": null,
            "revenue_4q": null,
            "common_shares": null,
            "book_valuer_per_share": null,
            "book_valuer_per_share_4q_avg": 1.27,
            "equity": null,
            "current_ratio": null,
            "debt_ratio": null,
            "inventory_turnover_ratio": null,
            "account_receivable_turnover_ratio": null,
            "reinvestment_rate": null,
            "research_to_sale_ratio": null,
            "price_fair": 0,
            "eps_avg_yearly": 0,
            "eps_latest_yearly": 0,
            "eps_growth_yearly": 0
        },
        "20054": {
            "year_quarter": 20054,
            "year": 2005,
            "quarter": 4,
            "eps": null,
            "eps_growth_year": null,
            "eps_4q": null,
            "eps_4q_growth_year": null,
            "roe": null,
            "roe_4q": 0,
            "gross_profit": null,
            "gross_margin": null,
            "gross_margin_4q_avg": 0,
            "net_income": null,
            "net_income_4q": null,
            "revenue": null,
            "revenue_4q": null,
            "common_shares": 300000,
            "book_valuer_per_share": 3.91,
            "book_valuer_per_share_4q_avg": 0.98,
            "equity": 117237,
            "current_ratio": 281.33,
            "debt_ratio": 20.22,
            "inventory_turnover_ratio": null,
            "account_receivable_turnover_ratio": null,
            "reinvestment_rate": null,
            "research_to_sale_ratio": null,
            "price_fair": 0,
            "eps_avg_yearly": 0,
            "eps_latest_yearly": 0,
            "eps_growth_yearly": 0
        },
        "20061": {
            "year_quarter": 20061,
            "year": 2006,
            "quarter": 1,
            "eps": null,
            "eps_growth_year": null,
            "eps_4q": null,
            "eps_4q_growth_year": null,
            "roe": null,
            "roe_4q": 0,
            "gross_profit": null,
            "gross_margin": null,
            "gross_margin_4q_avg": 0,
            "net_income": null,
            "net_income_4q": null,
            "revenue": null,
            "revenue_4q": null,
            "common_shares": null,
            "book_valuer_per_share": null,
            "book_valuer_per_share_4q_avg": 0.98,
            "equity": null,
            "current_ratio": null,
            "debt_ratio": null,
            "inventory_turnover_ratio": null,
            "account_receivable_turnover_ratio": null,
            "reinvestment_rate": null,
            "research_to_sale_ratio": null,
            "price_fair": 0,
            "eps_avg_yearly": 0,
            "eps_latest_yearly": 0,
            "eps_growth_yearly": 0
        },
        "20062": {
            "year_quarter": 20062,
            "year": 2006,
            "quarter": 2,
            "eps": null,
            "eps_growth_year": null,
            "eps_4q": null,
            "eps_4q_growth_year": null,
            "roe": null,
            "roe_4q": 0,
            "gross_profit": null,
            "gross_margin": null,
            "gross_margin_4q_avg": 0,
            "net_income": null,
            "net_income_4q": null,
            "revenue": null,
            "revenue_4q": null,
            "common_shares": null,
            "book_valuer_per_share": null,
            "book_valuer_per_share_4q_avg": 0.98,
            "equity": null,
            "current_ratio": null,
            "debt_ratio": null,
            "inventory_turnover_ratio": null,
            "account_receivable_turnover_ratio": null,
            "reinvestment_rate": null,
            "research_to_sale_ratio": null,
            "price_fair": 0,
            "eps_avg_yearly": 0,
            "eps_latest_yearly": 0,
            "eps_growth_yearly": 0
        },
        "20063": {
            "year_quarter": 20063,
            "year": 2006,
            "quarter": 3,
            "eps": null,
            "eps_growth_year": null,
            "eps_4q": null,
            "eps_4q_growth_year": null,
            "roe": null,
            "roe_4q": 0,
            "gross_profit": null,
            "gross_margin": null,
            "gross_margin_4q_avg": 0,
            "net_income": null,
            "net_income_4q": null,
            "revenue": null,
            "revenue_4q": null,
            "common_shares": null,
            "book_valuer_per_share": null,
            "book_valuer_per_share_4q_avg": 0.98,
            "equity": null,
            "current_ratio": null,
            "debt_ratio": null,
            "inventory_turnover_ratio": null,
            "account_receivable_turnover_ratio": null,
            "reinvestment_rate": null,
            "research_to_sale_ratio": null,
            "price_fair": 0,
            "eps_avg_yearly": 0,
            "eps_latest_yearly": 0,
            "eps_growth_yearly": 0
        },
        "20064": {
            "year_quarter": 20064,
            "year": 2006,
            "quarter": 4,
            "eps": null,
            "eps_growth_year": null,
            "eps_4q": null,
            "eps_4q_growth_year": null,
            "roe": null,
            "roe_4q": 0,
            "gross_profit": null,
            "gross_margin": null,
            "gross_margin_4q_avg": 0,
            "net_income": null,
            "net_income_4q": null,
            "revenue": null,
            "revenue_4q": null,
            "common_shares": 370000,
            "book_valuer_per_share": 5.18,
            "book_valuer_per_share_4q_avg": 1.3,
            "equity": 191660,
            "current_ratio": 403.52,
            "debt_ratio": 18.2,
            "inventory_turnover_ratio": null,
            "account_receivable_turnover_ratio": null,
            "reinvestment_rate": null,
            "research_to_sale_ratio": null,
            "price_fair": 0,
            "eps_avg_yearly": 0,
            "eps_latest_yearly": 0,
            "eps_growth_yearly": 0
        },
        "20071": {
            "year_quarter": 20071,
            "year": 2007,
            "quarter": 1,
            "eps": null,
            "eps_growth_year": null,
            "eps_4q": null,
            "eps_4q_growth_year": null,
            "roe": null,
            "roe_4q": 0,
            "gross_profit": null,
            "gross_margin": null,
            "gross_margin_4q_avg": 0,
            "net_income": null,
            "net_income_4q": null,
            "revenue": null,
            "revenue_4q": null,
            "common_shares": null,
            "book_valuer_per_share": null,
            "book_valuer_per_share_4q_avg": 1.3,
            "equity": null,
            "current_ratio": null,
            "debt_ratio": null,
            "inventory_turnover_ratio": null,
            "account_receivable_turnover_ratio": null,
            "reinvestment_rate": null,
            "research_to_sale_ratio": null,
            "price_fair": 0,
            "eps_avg_yearly": 0,
            "eps_latest_yearly": 0,
            "eps_growth_yearly": 0
        },
        "20072": {
            "year_quarter": 20072,
            "year": 2007,
            "quarter": 2,
            "eps": null,
            "eps_growth_year": null,
            "eps_4q": null,
            "eps_4q_growth_year": null,
            "roe": null,
            "roe_4q": 0,
            "gross_profit": null,
            "gross_margin": null,
            "gross_margin_4q_avg": 0,
            "net_income": null,
            "net_income_4q": null,
            "revenue": null,
            "revenue_4q": null,
            "common_shares": null,
            "book_valuer_per_share": null,
            "book_valuer_per_share_4q_avg": 1.3,
            "equity": null,
            "current_ratio": null,
            "debt_ratio": null,
            "inventory_turnover_ratio": null,
            "account_receivable_turnover_ratio": null,
            "reinvestment_rate": null,
            "research_to_sale_ratio": null,
            "price_fair": 0,
            "eps_avg_yearly": 0,
            "eps_latest_yearly": 0,
            "eps_growth_yearly": 0
        },
        "20073": {
            "year_quarter": 20073,
            "year": 2007,
            "quarter": 3,
            "eps": null,
            "eps_growth_year": null,
            "eps_4q": null,
            "eps_4q_growth_year": null,
            "roe": null,
            "roe_4q": 0,
            "gross_profit": null,
            "gross_margin": null,
            "gross_margin_4q_avg": 0,
            "net_income": null,
            "net_income_4q": null,
            "revenue": null,
            "revenue_4q": null,
            "common_shares": null,
            "book_valuer_per_share": null,
            "book_valuer_per_share_4q_avg": 1.3,
            "equity": null,
            "current_ratio": null,
            "debt_ratio": null,
            "inventory_turnover_ratio": null,
            "account_receivable_turnover_ratio": null,
            "reinvestment_rate": null,
            "research_to_sale_ratio": null,
            "price_fair": 0,
            "eps_avg_yearly": 0,
            "eps_latest_yearly": 0,
            "eps_growth_yearly": 0
        },
        "20074": {
            "year_quarter": 20074,
            "year": 2007,
            "quarter": 4,
            "eps": null,
            "eps_growth_year": null,
            "eps_4q": null,
            "eps_4q_growth_year": null,
            "roe": null,
            "roe_4q": 0,
            "gross_profit": null,
            "gross_margin": null,
            "gross_margin_4q_avg": 0,
            "net_income": null,
            "net_income_4q": null,
            "revenue": null,
            "revenue_4q": null,
            "common_shares": 411200,
            "book_valuer_per_share": 6.06,
            "book_valuer_per_share_4q_avg": 1.52,
            "equity": 249229,
            "current_ratio": 920.34,
            "debt_ratio": 8.61,
            "inventory_turnover_ratio": null,
            "account_receivable_turnover_ratio": null,
            "reinvestment_rate": null,
            "research_to_sale_ratio": null,
            "price_fair": 0,
            "eps_avg_yearly": 0,
            "eps_latest_yearly": 0,
            "eps_growth_yearly": 0
        },
        "20081": {
            "year_quarter": 20081,
            "year": 2008,
            "quarter": 1,
            "eps": null,
            "eps_growth_year": null,
            "eps_4q": null,
            "eps_4q_growth_year": null,
            "roe": null,
            "roe_4q": 0,
            "gross_profit": null,
            "gross_margin": null,
            "gross_margin_4q_avg": 0,
            "net_income": null,
            "net_income_4q": null,
            "revenue": null,
            "revenue_4q": null,
            "common_shares": null,
            "book_valuer_per_share": null,
            "book_valuer_per_share_4q_avg": 1.52,
            "equity": null,
            "current_ratio": null,
            "debt_ratio": null,
            "inventory_turnover_ratio": null,
            "account_receivable_turnover_ratio": null,
            "reinvestment_rate": null,
            "research_to_sale_ratio": null,
            "price_fair": 0,
            "eps_avg_yearly": 0,
            "eps_latest_yearly": 0,
            "eps_growth_yearly": 0
        },
        "20082": {
            "year_quarter": 20082,
            "year": 2008,
            "quarter": 2,
            "eps": null,
            "eps_growth_year": null,
            "eps_4q": null,
            "eps_4q_growth_year": null,
            "roe": null,
            "roe_4q": 0,
            "gross_profit": null,
            "gross_margin": null,
            "gross_margin_4q_avg": 0,
            "net_income": null,
            "net_income_4q": null,
            "revenue": null,
            "revenue_4q": null,
            "common_shares": null,
            "book_valuer_per_share": null,
            "book_valuer_per_share_4q_avg": 1.52,
            "equity": null,
            "current_ratio": null,
            "debt_ratio": null,
            "inventory_turnover_ratio": null,
            "account_receivable_turnover_ratio": null,
            "reinvestment_rate": null,
            "research_to_sale_ratio": null,
            "price_fair": 0,
            "eps_avg_yearly": 0,
            "eps_latest_yearly": 0,
            "eps_growth_yearly": 0
        },
        "20083": {
            "year_quarter": 20083,
            "year": 2008,
            "quarter": 3,
            "eps": null,
            "eps_growth_year": null,
            "eps_4q": null,
            "eps_4q_growth_year": null,
            "roe": null,
            "roe_4q": 0,
            "gross_profit": null,
            "gross_margin": null,
            "gross_margin_4q_avg": 0,
            "net_income": null,
            "net_income_4q": null,
            "revenue": null,
            "revenue_4q": null,
            "common_shares": null,
            "book_valuer_per_share": null,
            "book_valuer_per_share_4q_avg": 1.52,
            "equity": null,
            "current_ratio": null,
            "debt_ratio": null,
            "inventory_turnover_ratio": null,
            "account_receivable_turnover_ratio": null,
            "reinvestment_rate": null,
            "research_to_sale_ratio": null,
            "price_fair": 0,
            "eps_avg_yearly": 0,
            "eps_latest_yearly": 0,
            "eps_growth_yearly": 0
        },
        "20084": {
            "year_quarter": 20084,
            "year": 2008,
            "quarter": 4,
            "eps": null,
            "eps_growth_year": null,
            "eps_4q": null,
            "eps_4q_growth_year": null,
            "roe": null,
            "roe_4q": 0,
            "gross_profit": null,
            "gross_margin": null,
            "gross_margin_4q_avg": 0,
            "net_income": null,
            "net_income_4q": null,
            "revenue": null,
            "revenue_4q": null,
            "common_shares": 411200,
            "book_valuer_per_share": 5.24,
            "book_valuer_per_share_4q_avg": 1.31,
            "equity": 215637,
            "current_ratio": 648.29,
            "debt_ratio": 12.09,
            "inventory_turnover_ratio": null,
            "account_receivable_turnover_ratio": null,
            "reinvestment_rate": null,
            "research_to_sale_ratio": null,
            "price_fair": 0,
            "eps_avg_yearly": 0,
            "eps_latest_yearly": 0,
            "eps_growth_yearly": 0
        },
        "20091": {
            "year_quarter": 20091,
            "year": 2009,
            "quarter": 1,
            "eps": null,
            "eps_growth_year": null,
            "eps_4q": null,
            "eps_4q_growth_year": null,
            "roe": null,
            "roe_4q": 0,
            "gross_profit": null,
            "gross_margin": null,
            "gross_margin_4q_avg": 0,
            "net_income": null,
            "net_income_4q": null,
            "revenue": null,
            "revenue_4q": null,
            "common_shares": null,
            "book_valuer_per_share": null,
            "book_valuer_per_share_4q_avg": 1.31,
            "equity": null,
            "current_ratio": null,
            "debt_ratio": null,
            "inventory_turnover_ratio": null,
            "account_receivable_turnover_ratio": null,
            "reinvestment_rate": null,
            "research_to_sale_ratio": null,
            "price_fair": 0,
            "eps_avg_yearly": 0,
            "eps_latest_yearly": 0,
            "eps_growth_yearly": 0
        },
        "20092": {
            "year_quarter": 20092,
            "year": 2009,
            "quarter": 2,
            "eps": null,
            "eps_growth_year": null,
            "eps_4q": null,
            "eps_4q_growth_year": null,
            "roe": null,
            "roe_4q": 0,
            "gross_profit": null,
            "gross_margin": null,
            "gross_margin_4q_avg": 0,
            "net_income": null,
            "net_income_4q": null,
            "revenue": null,
            "revenue_4q": null,
            "common_shares": null,
            "book_valuer_per_share": null,
            "book_valuer_per_share_4q_avg": 1.31,
            "equity": null,
            "current_ratio": null,
            "debt_ratio": null,
            "inventory_turnover_ratio": null,
            "account_receivable_turnover_ratio": null,
            "reinvestment_rate": null,
            "research_to_sale_ratio": null,
            "price_fair": 0,
            "eps_avg_yearly": 0,
            "eps_latest_yearly": 0,
            "eps_growth_yearly": 0
        },
        "20093": {
            "year_quarter": 20093,
            "year": 2009,
            "quarter": 3,
            "eps": null,
            "eps_growth_year": null,
            "eps_4q": null,
            "eps_4q_growth_year": null,
            "roe": null,
            "roe_4q": 0,
            "gross_profit": null,
            "gross_margin": null,
            "gross_margin_4q_avg": 0,
            "net_income": null,
            "net_income_4q": null,
            "revenue": null,
            "revenue_4q": null,
            "common_shares": null,
            "book_valuer_per_share": null,
            "book_valuer_per_share_4q_avg": 1.31,
            "equity": null,
            "current_ratio": null,
            "debt_ratio": null,
            "inventory_turnover_ratio": null,
            "account_receivable_turnover_ratio": null,
            "reinvestment_rate": null,
            "research_to_sale_ratio": null,
            "price_fair": 0,
            "eps_avg_yearly": 0,
            "eps_latest_yearly": 0,
            "eps_growth_yearly": 0
        },
        "20094": {
            "year_quarter": 20094,
            "year": 2009,
            "quarter": 4,
            "eps": null,
            "eps_growth_year": null,
            "eps_4q": null,
            "eps_4q_growth_year": null,
            "roe": null,
            "roe_4q": 0,
            "gross_profit": null,
            "gross_margin": null,
            "gross_margin_4q_avg": 0,
            "net_income": null,
            "net_income_4q": null,
            "revenue": null,
            "revenue_4q": null,
            "common_shares": 411200,
            "book_valuer_per_share": 7.61,
            "book_valuer_per_share_4q_avg": 1.9,
            "equity": 313034,
            "current_ratio": 943.37,
            "debt_ratio": 8.88,
            "inventory_turnover_ratio": null,
            "account_receivable_turnover_ratio": null,
            "reinvestment_rate": null,
            "research_to_sale_ratio": null,
            "price_fair": 0,
            "eps_avg_yearly": 0,
            "eps_latest_yearly": 0,
            "eps_growth_yearly": 0
        },
        "20101": {
            "year_quarter": 20101,
            "year": 2010,
            "quarter": 1,
            "eps": null,
            "eps_growth_year": null,
            "eps_4q": null,
            "eps_4q_growth_year": null,
            "roe": null,
            "roe_4q": 0,
            "gross_profit": null,
            "gross_margin": null,
            "gross_margin_4q_avg": 0,
            "net_income": null,
            "net_income_4q": null,
            "revenue": null,
            "revenue_4q": null,
            "common_shares": null,
            "book_valuer_per_share": null,
            "book_valuer_per_share_4q_avg": 1.9,
            "equity": null,
            "current_ratio": null,
            "debt_ratio": null,
            "inventory_turnover_ratio": null,
            "account_receivable_turnover_ratio": null,
            "reinvestment_rate": null,
            "research_to_sale_ratio": null,
            "price_fair": 0,
            "eps_avg_yearly": 0,
            "eps_latest_yearly": 0,
            "eps_growth_yearly": 0
        },
        "20102": {
            "year_quarter": 20102,
            "year": 2010,
            "quarter": 2,
            "eps": null,
            "eps_growth_year": null,
            "eps_4q": null,
            "eps_4q_growth_year": null,
            "roe": null,
            "roe_4q": 0,
            "gross_profit": null,
            "gross_margin": null,
            "gross_margin_4q_avg": 0,
            "net_income": null,
            "net_income_4q": null,
            "revenue": null,
            "revenue_4q": null,
            "common_shares": 501200,
            "book_valuer_per_share": null,
            "book_valuer_per_share_4q_avg": 1.9,
            "equity": 406195,
            "current_ratio": null,
            "debt_ratio": null,
            "inventory_turnover_ratio": null,
            "account_receivable_turnover_ratio": null,
            "reinvestment_rate": null,
            "research_to_sale_ratio": null,
            "price_fair": 0,
            "eps_avg_yearly": 0,
            "eps_latest_yearly": 0,
            "eps_growth_yearly": 0
        },
        "20103": {
            "year_quarter": 20103,
            "year": 2010,
            "quarter": 3,
            "eps": null,
            "eps_growth_year": null,
            "eps_4q": null,
            "eps_4q_growth_year": null,
            "roe": null,
            "roe_4q": 0,
            "gross_profit": null,
            "gross_margin": null,
            "gross_margin_4q_avg": 0,
            "net_income": null,
            "net_income_4q": null,
            "revenue": null,
            "revenue_4q": null,
            "common_shares": null,
            "book_valuer_per_share": null,
            "book_valuer_per_share_4q_avg": 1.9,
            "equity": null,
            "current_ratio": null,
            "debt_ratio": null,
            "inventory_turnover_ratio": null,
            "account_receivable_turnover_ratio": null,
            "reinvestment_rate": null,
            "research_to_sale_ratio": null,
            "price_fair": 0,
            "eps_avg_yearly": 0,
            "eps_latest_yearly": 0,
            "eps_growth_yearly": 0
        },
        "20104": {
            "year_quarter": 20104,
            "year": 2010,
            "quarter": 4,
            "eps": null,
            "eps_growth_year": null,
            "eps_4q": null,
            "eps_4q_growth_year": null,
            "roe": null,
            "roe_4q": 0,
            "gross_profit": null,
            "gross_margin": null,
            "gross_margin_4q_avg": 0,
            "net_income": null,
            "net_income_4q": null,
            "revenue": null,
            "revenue_4q": null,
            "common_shares": 501200,
            "book_valuer_per_share": 7.89,
            "book_valuer_per_share_4q_avg": 1.97,
            "equity": 395389,
            "current_ratio": 1105.12,
            "debt_ratio": 8,
            "inventory_turnover_ratio": null,
            "account_receivable_turnover_ratio": null,
            "reinvestment_rate": null,
            "research_to_sale_ratio": null,
            "price_fair": 0,
            "eps_avg_yearly": 0,
            "eps_latest_yearly": 0,
            "eps_growth_yearly": 0
        },
        "20111": {
            "year_quarter": 20111,
            "year": 2011,
            "quarter": 1,
            "eps": null,
            "eps_growth_year": null,
            "eps_4q": null,
            "eps_4q_growth_year": null,
            "roe": null,
            "roe_4q": 0,
            "gross_profit": null,
            "gross_margin": null,
            "gross_margin_4q_avg": 0,
            "net_income": null,
            "net_income_4q": null,
            "revenue": null,
            "revenue_4q": null,
            "common_shares": null,
            "book_valuer_per_share": null,
            "book_valuer_per_share_4q_avg": 1.97,
            "equity": null,
            "current_ratio": null,
            "debt_ratio": null,
            "inventory_turnover_ratio": null,
            "account_receivable_turnover_ratio": null,
            "reinvestment_rate": null,
            "research_to_sale_ratio": null,
            "price_fair": 0,
            "eps_avg_yearly": 0,
            "eps_latest_yearly": 0,
            "eps_growth_yearly": 0
        },
        "20112": {
            "year_quarter": 20112,
            "year": 2011,
            "quarter": 2,
            "eps": null,
            "eps_growth_year": null,
            "eps_4q": null,
            "eps_4q_growth_year": null,
            "roe": null,
            "roe_4q": 0,
            "gross_profit": null,
            "gross_margin": null,
            "gross_margin_4q_avg": 0,
            "net_income": null,
            "net_income_4q": null,
            "revenue": null,
            "revenue_4q": null,
            "common_shares": 501200,
            "book_valuer_per_share": 7.61,
            "book_valuer_per_share_4q_avg": 3.88,
            "equity": 382687,
            "current_ratio": 712.58,
            "debt_ratio": 24.77,
            "inventory_turnover_ratio": null,
            "account_receivable_turnover_ratio": null,
            "reinvestment_rate": null,
            "research_to_sale_ratio": null,
            "price_fair": 0,
            "eps_avg_yearly": 0,
            "eps_latest_yearly": 0,
            "eps_growth_yearly": 0
        },
        "20113": {
            "year_quarter": 20113,
            "year": 2011,
            "quarter": 3,
            "eps": null,
            "eps_growth_year": null,
            "eps_4q": null,
            "eps_4q_growth_year": null,
            "roe": null,
            "roe_4q": 0,
            "gross_profit": null,
            "gross_margin": null,
            "gross_margin_4q_avg": 0,
            "net_income": null,
            "net_income_4q": null,
            "revenue": null,
            "revenue_4q": null,
            "common_shares": null,
            "book_valuer_per_share": null,
            "book_valuer_per_share_4q_avg": 3.88,
            "equity": null,
            "current_ratio": null,
            "debt_ratio": null,
            "inventory_turnover_ratio": null,
            "account_receivable_turnover_ratio": null,
            "reinvestment_rate": null,
            "research_to_sale_ratio": null,
            "price_fair": 0,
            "eps_avg_yearly": 0,
            "eps_latest_yearly": 0,
            "eps_growth_yearly": 0
        },
        "20114": {
            "year_quarter": 20114,
            "year": 2011,
            "quarter": 4,
            "eps": null,
            "eps_growth_year": null,
            "eps_4q": null,
            "eps_4q_growth_year": null,
            "roe": null,
            "roe_4q": 0,
            "gross_profit": null,
            "gross_margin": null,
            "gross_margin_4q_avg": 0,
            "net_income": null,
            "net_income_4q": null,
            "revenue": null,
            "revenue_4q": null,
            "common_shares": 506200,
            "book_valuer_per_share": 7.27,
            "book_valuer_per_share_4q_avg": 3.72,
            "equity": 369251,
            "current_ratio": 832.37,
            "debt_ratio": 24.12,
            "inventory_turnover_ratio": null,
            "account_receivable_turnover_ratio": null,
            "reinvestment_rate": null,
            "research_to_sale_ratio": null,
            "price_fair": 0,
            "eps_avg_yearly": 0,
            "eps_latest_yearly": 0,
            "eps_growth_yearly": 0
        },
        "20121": {
            "year_quarter": 20121,
            "year": 2012,
            "quarter": 1,
            "eps": null,
            "eps_growth_year": null,
            "eps_4q": null,
            "eps_4q_growth_year": null,
            "roe": null,
            "roe_4q": 0,
            "gross_profit": null,
            "gross_margin": null,
            "gross_margin_4q_avg": 0,
            "net_income": null,
            "net_income_4q": null,
            "revenue": null,
            "revenue_4q": null,
            "common_shares": null,
            "book_valuer_per_share": null,
            "book_valuer_per_share_4q_avg": 3.72,
            "equity": null,
            "current_ratio": null,
            "debt_ratio": null,
            "inventory_turnover_ratio": null,
            "account_receivable_turnover_ratio": null,
            "reinvestment_rate": null,
            "research_to_sale_ratio": null,
            "price_fair": 0,
            "eps_avg_yearly": 0,
            "eps_latest_yearly": 0,
            "eps_growth_yearly": 0
        },
        "20122": {
            "year_quarter": 20122,
            "year": 2012,
            "quarter": 2,
            "eps": null,
            "eps_growth_year": null,
            "eps_4q": null,
            "eps_4q_growth_year": null,
            "roe": null,
            "roe_4q": 0,
            "gross_profit": null,
            "gross_margin": null,
            "gross_margin_4q_avg": 0,
            "net_income": null,
            "net_income_4q": null,
            "revenue": null,
            "revenue_4q": null,
            "common_shares": 509820,
            "book_valuer_per_share": 7.41,
            "book_valuer_per_share_4q_avg": 3.67,
            "equity": 377561,
            "current_ratio": 735.41,
            "debt_ratio": 24.79,
            "inventory_turnover_ratio": null,
            "account_receivable_turnover_ratio": null,
            "reinvestment_rate": null,
            "research_to_sale_ratio": null,
            "price_fair": 0,
            "eps_avg_yearly": 0,
            "eps_latest_yearly": 0,
            "eps_growth_yearly": 0
        },
        "20123": {
            "year_quarter": 20123,
            "year": 2012,
            "quarter": 3,
            "eps": null,
            "eps_growth_year": null,
            "eps_4q": null,
            "eps_4q_growth_year": null,
            "roe": null,
            "roe_4q": 0,
            "gross_profit": 25857,
            "gross_margin": null,
            "gross_margin_4q_avg": 0,
            "net_income": -749,
            "net_income_4q": null,
            "revenue": 56390,
            "revenue_4q": null,
            "common_shares": 509820,
            "book_valuer_per_share": null,
            "book_valuer_per_share_4q_avg": 3.67,
            "equity": 380083,
            "current_ratio": null,
            "debt_ratio": null,
            "inventory_turnover_ratio": null,
            "account_receivable_turnover_ratio": null,
            "reinvestment_rate": null,
            "research_to_sale_ratio": null,
            "price_fair": 0,
            "eps_avg_yearly": 0,
            "eps_latest_yearly": 0,
            "eps_growth_yearly": 0
        },
        "20124": {
            "year_quarter": 20124,
            "year": 2012,
            "quarter": 4,
            "eps": null,
            "eps_growth_year": null,
            "eps_4q": null,
            "eps_4q_growth_year": null,
            "roe": null,
            "roe_4q": 0,
            "gross_profit": 24927,
            "gross_margin": null,
            "gross_margin_4q_avg": 0,
            "net_income": -2229,
            "net_income_4q": null,
            "revenue": 49061,
            "revenue_4q": null,
            "common_shares": 512810,
            "book_valuer_per_share": 7.41,
            "book_valuer_per_share_4q_avg": 3.71,
            "equity": 385662,
            "current_ratio": 831.81,
            "debt_ratio": 23.75,
            "inventory_turnover_ratio": null,
            "account_receivable_turnover_ratio": null,
            "reinvestment_rate": null,
            "research_to_sale_ratio": null,
            "price_fair": 0,
            "eps_avg_yearly": 0,
            "eps_latest_yearly": 0,
            "eps_growth_yearly": 0
        },
        "20131": {
            "year_quarter": 20131,
            "year": 2013,
            "quarter": 1,
            "eps": null,
            "eps_growth_year": null,
            "eps_4q": null,
            "eps_4q_growth_year": null,
            "roe": null,
            "roe_4q": 0,
            "gross_profit": 21517,
            "gross_margin": null,
            "gross_margin_4q_avg": 0,
            "net_income": -1969,
            "net_income_4q": null,
            "revenue": 50284,
            "revenue_4q": null,
            "common_shares": 620540,
            "book_valuer_per_share": 9.82,
            "book_valuer_per_share_4q_avg": 6.16,
            "equity": 609669,
            "current_ratio": 1386.23,
            "debt_ratio": 16.52,
            "inventory_turnover_ratio": null,
            "account_receivable_turnover_ratio": null,
            "reinvestment_rate": null,
            "research_to_sale_ratio": null,
            "price_fair": 0,
            "eps_avg_yearly": 0,
            "eps_latest_yearly": 0,
            "eps_growth_yearly": 0
        },
        "20132": {
            "year_quarter": 20132,
            "year": 2013,
            "quarter": 2,
            "eps": 0.03,
            "eps_growth_year": null,
            "eps_4q": 0.03,
            "eps_4q_growth_year": null,
            "roe": 0.35,
            "roe_4q": 0.35,
            "gross_profit": 29991,
            "gross_margin": 47.15,
            "gross_margin_4q_avg": 11.79,
            "net_income": 2121,
            "net_income_4q": null,
            "revenue": 63612,
            "revenue_4q": null,
            "common_shares": 621060,
            "book_valuer_per_share": 9.87,
            "book_valuer_per_share_4q_avg": 6.78,
            "equity": 614617,
            "current_ratio": 1519.25,
            "debt_ratio": 15.96,
            "inventory_turnover_ratio": 0.53,
            "account_receivable_turnover_ratio": 1.77,
            "reinvestment_rate": null,
            "research_to_sale_ratio": null,
            "price_fair": 0,
            "eps_avg_yearly": 0,
            "eps_latest_yearly": 0,
            "eps_growth_yearly": 0
        },
        "20133": {
            "year_quarter": 20133,
            "year": 2013,
            "quarter": 3,
            "eps": 0.01,
            "eps_growth_year": null,
            "eps_4q": 0.04,
            "eps_4q_growth_year": null,
            "roe": 0.1,
            "roe_4q": 0.44999999999999996,
            "gross_profit": 25840,
            "gross_margin": 47.16,
            "gross_margin_4q_avg": 23.58,
            "net_income": 601,
            "net_income_4q": null,
            "revenue": 54790,
            "revenue_4q": null,
            "common_shares": 622940,
            "book_valuer_per_share": 9.89,
            "book_valuer_per_share_4q_avg": 9.25,
            "equity": 615969,
            "current_ratio": 1341.31,
            "debt_ratio": 16.34,
            "inventory_turnover_ratio": 0.45,
            "account_receivable_turnover_ratio": 0.82,
            "reinvestment_rate": null,
            "research_to_sale_ratio": 15.62,
            "price_fair": 0.12,
            "eps_avg_yearly": 0.04,
            "eps_latest_yearly": 0.04,
            "eps_growth_yearly": -266.67
        },
        "20134": {
            "year_quarter": 20134,
            "year": 2013,
            "quarter": 4,
            "eps": 0.03,
            "eps_growth_year": null,
            "eps_4q": 0.06,
            "eps_4q_growth_year": null,
            "roe": 0.24,
            "roe_4q": 0.69,
            "gross_profit": 29861,
            "gross_margin": 46.47,
            "gross_margin_4q_avg": 35.2,
            "net_income": 1831,
            "net_income_4q": null,
            "revenue": 64261,
            "revenue_4q": null,
            "common_shares": 700840,
            "book_valuer_per_share": 12.68,
            "book_valuer_per_share_4q_avg": 10.57,
            "equity": 888393,
            "current_ratio": 1611.59,
            "debt_ratio": 12.42,
            "inventory_turnover_ratio": 0.49,
            "account_receivable_turnover_ratio": 0.92,
            "reinvestment_rate": null,
            "research_to_sale_ratio": 10.68,
            "price_fair": 2.8,
            "eps_avg_yearly": 0.08,
            "eps_latest_yearly": 0.12,
            "eps_growth_yearly": 266.67
        },
        "20141": {
            "year_quarter": 20141,
            "year": 2014,
            "quarter": 1,
            "eps": 0.04,
            "eps_growth_year": null,
            "eps_4q": 0.1,
            "eps_4q_growth_year": null,
            "roe": 0.28,
            "roe_4q": 0.97,
            "gross_profit": 28634,
            "gross_margin": 46.9,
            "gross_margin_4q_avg": 46.92,
            "net_income": 2464,
            "net_income_4q": null,
            "revenue": 61057,
            "revenue_4q": null,
            "common_shares": 700840,
            "book_valuer_per_share": 12.72,
            "book_valuer_per_share_4q_avg": 11.29,
            "equity": 891619,
            "current_ratio": 1318.01,
            "debt_ratio": 13.04,
            "inventory_turnover_ratio": 0.41,
            "account_receivable_turnover_ratio": 0.8,
            "reinvestment_rate": null,
            "research_to_sale_ratio": 10.6,
            "price_fair": 3.73,
            "eps_avg_yearly": 0.11,
            "eps_latest_yearly": 0.16,
            "eps_growth_yearly": 222.22
        },
        "20142": {
            "year_quarter": 20142,
            "year": 2014,
            "quarter": 2,
            "eps": -0.03,
            "eps_growth_year": -188.11,
            "eps_4q": 0.04,
            "eps_4q_growth_year": 27.07,
            "roe": -0.21,
            "roe_4q": 0.41000000000000003,
            "gross_profit": 26080,
            "gross_margin": 38.7,
            "gross_margin_4q_avg": 44.81,
            "net_income": -1858,
            "net_income_4q": null,
            "revenue": 67386,
            "revenue_4q": null,
            "common_shares": 700840,
            "book_valuer_per_share": 12.72,
            "book_valuer_per_share_4q_avg": 12,
            "equity": 892856,
            "current_ratio": 1315.17,
            "debt_ratio": 12.69,
            "inventory_turnover_ratio": 0.5,
            "account_receivable_turnover_ratio": 0.93,
            "reinvestment_rate": null,
            "research_to_sale_ratio": 9.22,
            "price_fair": 3.73,
            "eps_avg_yearly": 0.11,
            "eps_latest_yearly": 0.16,
            "eps_growth_yearly": 222.22
        },
        "20143": {
            "year_quarter": 20143,
            "year": 2014,
            "quarter": 3,
            "eps": -0.02,
            "eps_growth_year": -300,
            "eps_4q": 0.02,
            "eps_4q_growth_year": -58.88,
            "roe": -0.13,
            "roe_4q": 0.18000000000000005,
            "gross_profit": 26205,
            "gross_margin": 41.55,
            "gross_margin_4q_avg": 43.41,
            "net_income": -1173,
            "net_income_4q": null,
            "revenue": 63074,
            "revenue_4q": null,
            "common_shares": 700840,
            "book_valuer_per_share": 12.72,
            "book_valuer_per_share_4q_avg": 12.71,
            "equity": 894513,
            "current_ratio": 1090.3,
            "debt_ratio": 13.27,
            "inventory_turnover_ratio": 0.44,
            "account_receivable_turnover_ratio": 0.86,
            "reinvestment_rate": null,
            "research_to_sale_ratio": 14.64,
            "price_fair": 3.73,
            "eps_avg_yearly": 0.11,
            "eps_latest_yearly": 0.16,
            "eps_growth_yearly": 222.22
        },
        "20144": {
            "year_quarter": 20144,
            "year": 2014,
            "quarter": 4,
            "eps": -0.26,
            "eps_growth_year": -1104.44,
            "eps_4q": -0.27,
            "eps_4q_growth_year": -516.34,
            "roe": -2.09,
            "roe_4q": -2.1499999999999995,
            "gross_profit": 15151,
            "gross_margin": 27.97,
            "gross_margin_4q_avg": 38.78,
            "net_income": -18474,
            "net_income_4q": null,
            "revenue": 54169,
            "revenue_4q": null,
            "common_shares": 703490,
            "book_valuer_per_share": 12.46,
            "book_valuer_per_share_4q_avg": 12.66,
            "equity": 877009,
            "current_ratio": 1011.57,
            "debt_ratio": 13.48,
            "inventory_turnover_ratio": 0.45,
            "account_receivable_turnover_ratio": 0.75,
            "reinvestment_rate": null,
            "research_to_sale_ratio": 20.1,
            "price_fair": 3.73,
            "eps_avg_yearly": 0.11,
            "eps_latest_yearly": 0.16,
            "eps_growth_yearly": 222.22
        },
        "20151": {
            "year_quarter": 20151,
            "year": 2015,
            "quarter": 1,
            "eps": -0.18,
            "eps_growth_year": -550,
            "eps_4q": -0.49,
            "eps_4q_growth_year": -586.12,
            "roe": -1.47,
            "roe_4q": -3.8999999999999995,
            "gross_profit": 21778,
            "gross_margin": 39.07,
            "gross_margin_4q_avg": 36.82,
            "net_income": -12865,
            "net_income_4q": null,
            "revenue": 55738,
            "revenue_4q": null,
            "common_shares": 704640,
            "book_valuer_per_share": 12.31,
            "book_valuer_per_share_4q_avg": 12.55,
            "equity": 869002,
            "current_ratio": 1198.26,
            "debt_ratio": 12.54,
            "inventory_turnover_ratio": 0.39,
            "account_receivable_turnover_ratio": 0.85,
            "reinvestment_rate": null,
            "research_to_sale_ratio": 20.51,
            "price_fair": 3.73,
            "eps_avg_yearly": 0.11,
            "eps_latest_yearly": 0.16,
            "eps_growth_yearly": 222.22
        },
        "20152": {
            "year_quarter": 20152,
            "year": 2015,
            "quarter": 2,
            "eps": -0.22,
            "eps_growth_year": null,
            "eps_4q": -0.68,
            "eps_4q_growth_year": -1671.97,
            "roe": -1.82,
            "roe_4q": -5.51,
            "gross_profit": 26481,
            "gross_margin": 35.73,
            "gross_margin_4q_avg": 36.08,
            "net_income": -15672,
            "net_income_4q": null,
            "revenue": 74112,
            "revenue_4q": null,
            "common_shares": 708370,
            "book_valuer_per_share": 12.11,
            "book_valuer_per_share_4q_avg": 12.4,
            "equity": 857739,
            "current_ratio": 858.85,
            "debt_ratio": 14.21,
            "inventory_turnover_ratio": 0.52,
            "account_receivable_turnover_ratio": 1,
            "reinvestment_rate": null,
            "research_to_sale_ratio": 17.51,
            "price_fair": 3.73,
            "eps_avg_yearly": 0.11,
            "eps_latest_yearly": 0.16,
            "eps_growth_yearly": 222.22
        },
        "20153": {
            "year_quarter": 20153,
            "year": 2015,
            "quarter": 3,
            "eps": -0.08,
            "eps_growth_year": null,
            "eps_4q": -0.75,
            "eps_4q_growth_year": -4265.74,
            "roe": -0.7,
            "roe_4q": -6.08,
            "gross_profit": 27222,
            "gross_margin": 40.56,
            "gross_margin_4q_avg": 35.83,
            "net_income": -6018,
            "net_income_4q": null,
            "revenue": 67117,
            "revenue_4q": null,
            "common_shares": 708470,
            "book_valuer_per_share": 12.02,
            "book_valuer_per_share_4q_avg": 12.23,
            "equity": 851881,
            "current_ratio": 918.81,
            "debt_ratio": 12.91,
            "inventory_turnover_ratio": 0.41,
            "account_receivable_turnover_ratio": 0.78,
            "reinvestment_rate": null,
            "research_to_sale_ratio": 15.28,
            "price_fair": 3.73,
            "eps_avg_yearly": 0.11,
            "eps_latest_yearly": 0.16,
            "eps_growth_yearly": 222.22
        },
        "20154": {
            "year_quarter": 20154,
            "year": 2015,
            "quarter": 4,
            "eps": -0.4,
            "eps_growth_year": null,
            "eps_4q": -0.89,
            "eps_4q_growth_year": null,
            "roe": -3.38,
            "roe_4q": -7.37,
            "gross_profit": 16050,
            "gross_margin": 24.88,
            "gross_margin_4q_avg": 35.06,
            "net_income": -28404,
            "net_income_4q": null,
            "revenue": 64502,
            "revenue_4q": null,
            "common_shares": 708470,
            "book_valuer_per_share": 11.71,
            "book_valuer_per_share_4q_avg": 12.04,
            "equity": 829855,
            "current_ratio": 1109.1,
            "debt_ratio": 28.97,
            "inventory_turnover_ratio": 0.5,
            "account_receivable_turnover_ratio": 0.81,
            "reinvestment_rate": null,
            "research_to_sale_ratio": 21.83,
            "price_fair": 3.73,
            "eps_avg_yearly": 0.11,
            "eps_latest_yearly": 0.16,
            "eps_growth_yearly": 222.22
        },
        "20161": {
            "year_quarter": 20161,
            "year": 2016,
            "quarter": 1,
            "eps": -0.16,
            "eps_growth_year": null,
            "eps_4q": -0.88,
            "eps_4q_growth_year": null,
            "roe": -1.38,
            "roe_4q": -7.28,
            "gross_profit": 26318,
            "gross_margin": 41.55,
            "gross_margin_4q_avg": 35.68,
            "net_income": -11172,
            "net_income_4q": null,
            "revenue": 63340,
            "revenue_4q": null,
            "common_shares": 708470,
            "book_valuer_per_share": 11.37,
            "book_valuer_per_share_4q_avg": 11.8,
            "equity": 794412,
            "current_ratio": 1106.93,
            "debt_ratio": 29.51,
            "inventory_turnover_ratio": 0.39,
            "account_receivable_turnover_ratio": 0.9,
            "reinvestment_rate": null,
            "research_to_sale_ratio": 17.37,
            "price_fair": 3.73,
            "eps_avg_yearly": 0.11,
            "eps_latest_yearly": 0.16,
            "eps_growth_yearly": 222.22
        },
        "20162": {
            "year_quarter": 20162,
            "year": 2016,
            "quarter": 2,
            "eps": -0.05,
            "eps_growth_year": null,
            "eps_4q": -0.7,
            "eps_4q_growth_year": null,
            "roe": -0.41,
            "roe_4q": -5.87,
            "gross_profit": 34498,
            "gross_margin": 42.82,
            "gross_margin_4q_avg": 37.45,
            "net_income": -3208,
            "net_income_4q": null,
            "revenue": 80567,
            "revenue_4q": null,
            "common_shares": 708470,
            "book_valuer_per_share": 11.24,
            "book_valuer_per_share_4q_avg": 11.59,
            "equity": 780916,
            "current_ratio": 990.28,
            "debt_ratio": 30.07,
            "inventory_turnover_ratio": 0.48,
            "account_receivable_turnover_ratio": 1.04,
            "reinvestment_rate": null,
            "research_to_sale_ratio": 11.43,
            "price_fair": 3.73,
            "eps_avg_yearly": 0.11,
            "eps_latest_yearly": 0.16,
            "eps_growth_yearly": 222.22
        },
        "20163": {
            "year_quarter": 20163,
            "year": 2016,
            "quarter": 3,
            "eps": -0.02,
            "eps_growth_year": null,
            "eps_4q": -0.64,
            "eps_4q_growth_year": null,
            "roe": -0.17,
            "roe_4q": -5.34,
            "gross_profit": 36153,
            "gross_margin": 41.04,
            "gross_margin_4q_avg": 37.57,
            "net_income": -1331,
            "net_income_4q": null,
            "revenue": 88098,
            "revenue_4q": null,
            "common_shares": 708470,
            "book_valuer_per_share": 11.21,
            "book_valuer_per_share_4q_avg": 11.38,
            "equity": 778883,
            "current_ratio": 623.69,
            "debt_ratio": 29.19,
            "inventory_turnover_ratio": 0.54,
            "account_receivable_turnover_ratio": 0.91,
            "reinvestment_rate": null,
            "research_to_sale_ratio": 10.31,
            "price_fair": 3.73,
            "eps_avg_yearly": 0.11,
            "eps_latest_yearly": 0.16,
            "eps_growth_yearly": 222.22
        },
        "20164": {
            "year_quarter": 20164,
            "year": 2016,
            "quarter": 4,
            "eps": 0.05,
            "eps_growth_year": null,
            "eps_4q": -0.18,
            "eps_4q_growth_year": null,
            "roe": 0.44,
            "roe_4q": -1.5199999999999998,
            "gross_profit": 37948,
            "gross_margin": 36.35,
            "gross_margin_4q_avg": 40.44,
            "net_income": 3464,
            "net_income_4q": null,
            "revenue": 104383,
            "revenue_4q": null,
            "common_shares": 708470,
            "book_valuer_per_share": 11.25,
            "book_valuer_per_share_4q_avg": 11.27,
            "equity": 781379,
            "current_ratio": 654.7,
            "debt_ratio": 28.8,
            "inventory_turnover_ratio": 0.72,
            "account_receivable_turnover_ratio": 0.97,
            "reinvestment_rate": null,
            "research_to_sale_ratio": 6.67,
            "price_fair": 3.73,
            "eps_avg_yearly": 0.11,
            "eps_latest_yearly": 0.16,
            "eps_growth_yearly": 222.22
        },
        "20171": {
            "year_quarter": 20171,
            "year": 2017,
            "quarter": 1,
            "eps": -0.06,
            "eps_growth_year": null,
            "eps_4q": -0.07,
            "eps_4q_growth_year": null,
            "roe": -0.51,
            "roe_4q": -0.65,
            "gross_profit": 35627,
            "gross_margin": 38.45,
            "gross_margin_4q_avg": 39.67,
            "net_income": -3949,
            "net_income_4q": null,
            "revenue": 92669,
            "revenue_4q": null,
            "common_shares": 708470,
            "book_valuer_per_share": 11.18,
            "book_valuer_per_share_4q_avg": 11.22,
            "equity": 776821,
            "current_ratio": 754.79,
            "debt_ratio": 27.94,
            "inventory_turnover_ratio": 0.59,
            "account_receivable_turnover_ratio": 0.88,
            "reinvestment_rate": null,
            "research_to_sale_ratio": 9.79,
            "price_fair": 3.73,
            "eps_avg_yearly": 0.11,
            "eps_latest_yearly": 0.16,
            "eps_growth_yearly": 222.22
        },
        "20172": {
            "year_quarter": 20172,
            "year": 2017,
            "quarter": 2,
            "eps": 0.12,
            "eps_growth_year": null,
            "eps_4q": 0.1,
            "eps_4q_growth_year": null,
            "roe": 1.09,
            "roe_4q": 0.85,
            "gross_profit": 43819,
            "gross_margin": 37.18,
            "gross_margin_4q_avg": 38.26,
            "net_income": 8544,
            "net_income_4q": null,
            "revenue": 117864,
            "revenue_4q": null,
            "common_shares": 708470,
            "book_valuer_per_share": 11.31,
            "book_valuer_per_share_4q_avg": 11.24,
            "equity": 785569,
            "current_ratio": 818.2,
            "debt_ratio": 27.42,
            "inventory_turnover_ratio": 0.77,
            "account_receivable_turnover_ratio": 1.03,
            "reinvestment_rate": null,
            "research_to_sale_ratio": 8.6,
            "price_fair": 3.73,
            "eps_avg_yearly": 0.11,
            "eps_latest_yearly": 0.16,
            "eps_growth_yearly": 222.22
        },
        "20173": {
            "year_quarter": 20173,
            "year": 2017,
            "quarter": 3,
            "eps": 0.11,
            "eps_growth_year": null,
            "eps_4q": 0.23,
            "eps_4q_growth_year": null,
            "roe": 0.98,
            "roe_4q": 2.0000000000000004,
            "gross_profit": 41597,
            "gross_margin": 39.37,
            "gross_margin_4q_avg": 37.84,
            "net_income": 7704,
            "net_income_4q": null,
            "revenue": 105666,
            "revenue_4q": null,
            "common_shares": 708470,
            "book_valuer_per_share": 11.42,
            "book_valuer_per_share_4q_avg": 11.29,
            "equity": 792973,
            "current_ratio": 821.43,
            "debt_ratio": 27.3,
            "inventory_turnover_ratio": 0.7,
            "account_receivable_turnover_ratio": 0.78,
            "reinvestment_rate": null,
            "research_to_sale_ratio": 11.33,
            "price_fair": 8.4,
            "eps_avg_yearly": 0.24,
            "eps_latest_yearly": 0.44,
            "eps_growth_yearly": 300
        },
        "20174": {
            "year_quarter": 20174,
            "year": 2017,
            "quarter": 4,
            "eps": 0.05,
            "eps_growth_year": 0.69,
            "eps_4q": 0.23,
            "eps_4q_growth_year": null,
            "roe": 0.44,
            "roe_4q": 1.9999999999999998,
            "gross_profit": 39242,
            "gross_margin": 35.24,
            "gross_margin_4q_avg": 37.56,
            "net_income": 3488,
            "net_income_4q": null,
            "revenue": 111362,
            "revenue_4q": null,
            "common_shares": 708470,
            "book_valuer_per_share": 11.46,
            "book_valuer_per_share_4q_avg": 11.34,
            "equity": 796253,
            "current_ratio": 705.08,
            "debt_ratio": 27.87,
            "inventory_turnover_ratio": 0.77,
            "account_receivable_turnover_ratio": 0.83,
            "reinvestment_rate": null,
            "research_to_sale_ratio": 10.89,
            "price_fair": 0.8,
            "eps_avg_yearly": 0.27,
            "eps_latest_yearly": 0.2,
            "eps_growth_yearly": -39.39
        },
        "20181": {
            "year_quarter": 20181,
            "year": 2018,
            "quarter": 1,
            "eps": 0.12,
            "eps_growth_year": null,
            "eps_4q": 0.41,
            "eps_4q_growth_year": null,
            "roe": 1.06,
            "roe_4q": 3.5700000000000003,
            "gross_profit": 40551,
            "gross_margin": 38.1,
            "gross_margin_4q_avg": 37.47,
            "net_income": 8454,
            "net_income_4q": null,
            "revenue": 106438,
            "revenue_4q": null,
            "common_shares": 708470,
            "book_valuer_per_share": 11.58,
            "book_valuer_per_share_4q_avg": 11.44,
            "equity": 804708,
            "current_ratio": 875.54,
            "debt_ratio": 26.55,
            "inventory_turnover_ratio": 0.73,
            "account_receivable_turnover_ratio": 0.88,
            "reinvestment_rate": null,
            "research_to_sale_ratio": 9.34,
            "price_fair": 13.07,
            "eps_avg_yearly": 0.37,
            "eps_latest_yearly": 0.48,
            "eps_growth_yearly": 102.83
        },
        "20182": {
            "year_quarter": 20182,
            "year": 2018,
            "quarter": 2,
            "eps": 0.34,
            "eps_growth_year": 183.33,
            "eps_4q": 0.62,
            "eps_4q_growth_year": 542.02,
            "roe": 2.9,
            "roe_4q": 5.380000000000001,
            "gross_profit": 47522,
            "gross_margin": 41.65,
            "gross_margin_4q_avg": 38.59,
            "net_income": 23549,
            "net_income_4q": null,
            "revenue": 114109,
            "revenue_4q": null,
            "common_shares": 708470,
            "book_valuer_per_share": 11.77,
            "book_valuer_per_share_4q_avg": 11.56,
            "equity": 817427,
            "current_ratio": 730.24,
            "debt_ratio": 27.44,
            "inventory_turnover_ratio": 0.8,
            "account_receivable_turnover_ratio": 1.03,
            "reinvestment_rate": null,
            "research_to_sale_ratio": 9.02,
            "price_fair": 21.7,
            "eps_avg_yearly": 0.62,
            "eps_latest_yearly": 1.36,
            "eps_growth_yearly": 260.45
        },
        "20183": {
            "year_quarter": 20183,
            "year": 2018,
            "quarter": 3,
            "eps": 0.25,
            "eps_growth_year": 127.27,
            "eps_4q": 0.77,
            "eps_4q_growth_year": 237.26,
            "roe": 2.14,
            "roe_4q": 6.54,
            "gross_profit": 50326,
            "gross_margin": 44.51,
            "gross_margin_4q_avg": 39.88,
            "net_income": 17671,
            "net_income_4q": null,
            "revenue": 113078,
            "revenue_4q": null,
            "common_shares": 708470,
            "book_valuer_per_share": 12.02,
            "book_valuer_per_share_4q_avg": 11.71,
            "equity": 835146,
            "current_ratio": 796.96,
            "debt_ratio": 25.52,
            "inventory_turnover_ratio": 0.8,
            "account_receivable_turnover_ratio": 1.1,
            "reinvestment_rate": null,
            "research_to_sale_ratio": 8.98,
            "price_fair": 24.36,
            "eps_avg_yearly": 0.7,
            "eps_latest_yearly": 1,
            "eps_growth_yearly": 187.19
        },
        "20184": {
            "year_quarter": 20184,
            "year": 2018,
            "quarter": 4,
            "eps": 0.11,
            "eps_growth_year": 111.61,
            "eps_4q": 0.82,
            "eps_4q_growth_year": 261.4,
            "roe": 0.88,
            "roe_4q": 6.98,
            "gross_profit": 44169,
            "gross_margin": 46.96,
            "gross_margin_4q_avg": 42.81,
            "net_income": 7381,
            "net_income_4q": null,
            "revenue": 94055,
            "revenue_4q": null,
            "common_shares": 708470,
            "book_valuer_per_share": 12.14,
            "book_valuer_per_share_4q_avg": 11.88,
            "equity": 842979,
            "current_ratio": 205.04,
            "debt_ratio": 25.76,
            "inventory_turnover_ratio": 0.63,
            "account_receivable_turnover_ratio": 1,
            "reinvestment_rate": null,
            "research_to_sale_ratio": 21.57,
            "price_fair": 22.87,
            "eps_avg_yearly": 0.65,
            "eps_latest_yearly": 0.44,
            "eps_growth_yearly": 118.66
        },
        "20191": {
            "year_quarter": 20191,
            "year": 2019,
            "quarter": 1,
            "eps": 0.1,
            "eps_growth_year": -16.67,
            "eps_4q": 0.8,
            "eps_4q_growth_year": 96.51,
            "roe": 0.8,
            "roe_4q": 6.720000000000001,
            "gross_profit": 37284,
            "gross_margin": 40.42,
            "gross_margin_4q_avg": 43.39,
            "net_income": 6794,
            "net_income_4q": null,
            "revenue": 92236,
            "revenue_4q": null,
            "common_shares": 708470,
            "book_valuer_per_share": 12.23,
            "book_valuer_per_share_4q_avg": 12.04,
            "equity": 849714,
            "current_ratio": 206.84,
            "debt_ratio": 26.39,
            "inventory_turnover_ratio": 0.7,
            "account_receivable_turnover_ratio": 1.09,
            "reinvestment_rate": 901.14,
            "research_to_sale_ratio": 15.83,
            "price_fair": 21.6,
            "eps_avg_yearly": 0.62,
            "eps_latest_yearly": 0.4,
            "eps_growth_yearly": 96.51
        },
        "20192": {
            "year_quarter": 20192,
            "year": 2019,
            "quarter": 2,
            "eps": 0.38,
            "eps_growth_year": 11.76,
            "eps_4q": 0.84,
            "eps_4q_growth_year": 34.75,
            "roe": 3.15,
            "roe_4q": 6.970000000000001,
            "gross_profit": 64530,
            "gross_margin": 50.63,
            "gross_margin_4q_avg": 45.63,
            "net_income": 26361,
            "net_income_4q": null,
            "revenue": 127463,
            "revenue_4q": null,
            "common_shares": 694650,
            "book_valuer_per_share": 11.87,
            "book_valuer_per_share_4q_avg": 12.07,
            "equity": 824250,
            "current_ratio": 179.79,
            "debt_ratio": 31.09,
            "inventory_turnover_ratio": 0.81,
            "account_receivable_turnover_ratio": 1.19,
            "reinvestment_rate": 221.69,
            "research_to_sale_ratio": 12.64,
            "price_fair": 25.55,
            "eps_avg_yearly": 0.73,
            "eps_latest_yearly": 1.52,
            "eps_growth_yearly": 224.45
        },
        "20193": {
            "year_quarter": 20193,
            "year": 2019,
            "quarter": 3,
            "eps": 0.28,
            "eps_growth_year": 12,
            "eps_4q": 0.86,
            "eps_4q_growth_year": 12.91,
            "roe": 2.34,
            "roe_4q": 7.17,
            "gross_profit": 58208,
            "gross_margin": 48.25,
            "gross_margin_4q_avg": 46.57,
            "net_income": 19491,
            "net_income_4q": null,
            "revenue": 120648,
            "revenue_4q": null,
            "common_shares": 694650,
            "book_valuer_per_share": 12.15,
            "book_valuer_per_share_4q_avg": 12.1,
            "equity": 843877,
            "current_ratio": 203.47,
            "debt_ratio": 26.98,
            "inventory_turnover_ratio": 0.81,
            "account_receivable_turnover_ratio": 0.94,
            "reinvestment_rate": 72.64,
            "research_to_sale_ratio": 11.1,
            "price_fair": 27.07,
            "eps_avg_yearly": 0.77,
            "eps_latest_yearly": 1.12,
            "eps_growth_yearly": 187.81
        },
        "20194": {
            "year_quarter": 20194,
            "year": 2019,
            "quarter": 4,
            "eps": 0.11,
            "eps_growth_year": 1.14,
            "eps_4q": 0.87,
            "eps_4q_growth_year": 5.36,
            "roe": 0.88,
            "roe_4q": 7.169999999999999,
            "gross_profit": 57250,
            "gross_margin": 51.18,
            "gross_margin_4q_avg": 47.62,
            "net_income": 7465,
            "net_income_4q": null,
            "revenue": 111852,
            "revenue_4q": null,
            "common_shares": 694650,
            "book_valuer_per_share": 12.26,
            "book_valuer_per_share_4q_avg": 12.13,
            "equity": 851317,
            "current_ratio": 198.84,
            "debt_ratio": 28.19,
            "inventory_turnover_ratio": 0.67,
            "account_receivable_turnover_ratio": 1,
            "reinvestment_rate": 34.41,
            "research_to_sale_ratio": 20.34,
            "price_fair": 25.9,
            "eps_avg_yearly": 0.74,
            "eps_latest_yearly": 0.44,
            "eps_growth_yearly": 144.75
        },
        "20201": {
            "year_quarter": 20201,
            "year": 2020,
            "quarter": 1,
            "eps": 0.15,
            "eps_growth_year": 50,
            "eps_4q": 0.91,
            "eps_4q_growth_year": 14.64,
            "roe": 1.19,
            "roe_4q": 7.5600000000000005,
            "gross_profit": 45191,
            "gross_margin": 43.74,
            "gross_margin_4q_avg": 48.45,
            "net_income": 10186,
            "net_income_4q": null,
            "revenue": 103326,
            "revenue_4q": null,
            "common_shares": 694650,
            "book_valuer_per_share": 12.4,
            "book_valuer_per_share_4q_avg": 12.17,
            "equity": 861550,
            "current_ratio": 442.86,
            "debt_ratio": 11.11,
            "inventory_turnover_ratio": 0.63,
            "account_receivable_turnover_ratio": 1.08,
            "reinvestment_rate": 19.31,
            "research_to_sale_ratio": 14.52,
            "price_fair": 25.45,
            "eps_avg_yearly": 0.73,
            "eps_latest_yearly": 0.6,
            "eps_growth_yearly": 144.81
        },
        "20202": {
            "year_quarter": 20202,
            "year": 2020,
            "quarter": 2,
            "eps": 0.3,
            "eps_growth_year": -21.05,
            "eps_4q": 0.83,
            "eps_4q_growth_year": -0.91,
            "roe": 2.43,
            "roe_4q": 6.84,
            "gross_profit": 53234,
            "gross_margin": 45.75,
            "gross_margin_4q_avg": 47.23,
            "net_income": 20534,
            "net_income_4q": null,
            "revenue": 116370,
            "revenue_4q": null,
            "common_shares": 694650,
            "book_valuer_per_share": 11.92,
            "book_valuer_per_share_4q_avg": 12.18,
            "equity": 827963,
            "current_ratio": 321.19,
            "debt_ratio": 15.16,
            "inventory_turnover_ratio": 0.66,
            "account_receivable_turnover_ratio": 1.1,
            "reinvestment_rate": 3.97,
            "research_to_sale_ratio": 14.92,
            "price_fair": 26.83,
            "eps_avg_yearly": 0.77,
            "eps_latest_yearly": 1.2,
            "eps_growth_yearly": 166.08
        },
        "20203": {
            "year_quarter": 20203,
            "year": 2020,
            "quarter": 3,
            "eps": 0.18,
            "eps_growth_year": -35.71,
            "eps_4q": 0.73,
            "eps_4q_growth_year": -16.06,
            "roe": 1.46,
            "roe_4q": 5.96,
            "gross_profit": 53710,
            "gross_margin": 46.67,
            "gross_margin_4q_avg": 46.84,
            "net_income": 12199,
            "net_income_4q": null,
            "revenue": 115073,
            "revenue_4q": null,
            "common_shares": 694650,
            "book_valuer_per_share": 12.09,
            "book_valuer_per_share_4q_avg": 12.17,
            "equity": 840084,
            "current_ratio": 500.94,
            "debt_ratio": 9.75,
            "inventory_turnover_ratio": 0.67,
            "account_receivable_turnover_ratio": 0.97,
            "reinvestment_rate": -15.72,
            "research_to_sale_ratio": 17.52,
            "price_fair": 26.71,
            "eps_avg_yearly": 0.76,
            "eps_latest_yearly": 0.72,
            "eps_growth_yearly": 140.99
        },
        "20204": {
            "year_quarter": 20204,
            "year": 2020,
            "quarter": 4,
            "eps": 0.29,
            "eps_growth_year": 173.17,
            "eps_4q": 0.91,
            "eps_4q_growth_year": 5.32,
            "roe": 2.4,
            "roe_4q": 7.48,
            "gross_profit": 62385,
            "gross_margin": 50.75,
            "gross_margin_4q_avg": 46.73,
            "net_income": 20392,
            "net_income_4q": null,
            "revenue": 122922,
            "revenue_4q": null,
            "common_shares": 694650,
            "book_valuer_per_share": 12.38,
            "book_valuer_per_share_4q_avg": 12.2,
            "equity": 860227,
            "current_ratio": 499,
            "debt_ratio": 10.06,
            "inventory_turnover_ratio": 0.7,
            "account_receivable_turnover_ratio": 1.15,
            "reinvestment_rate": -17.12,
            "research_to_sale_ratio": 13.53,
            "price_fair": 27.7,
            "eps_avg_yearly": 0.79,
            "eps_latest_yearly": 1.16,
            "eps_growth_yearly": 148.38
        },
        "20211": {
            "year_quarter": 20211,
            "year": 2021,
            "quarter": 1,
            "eps": 0.31,
            "eps_growth_year": 106.67,
            "eps_4q": 1.08,
            "eps_4q_growth_year": 17.7,
            "roe": 2.48,
            "roe_4q": 8.77,
            "gross_profit": 60085,
            "gross_margin": 54.13,
            "gross_margin_4q_avg": 49.33,
            "net_income": 21620,
            "net_income_4q": null,
            "revenue": 111009,
            "revenue_4q": null,
            "common_shares": 694650,
            "book_valuer_per_share": 12.7,
            "book_valuer_per_share_4q_avg": 12.27,
            "equity": 881875,
            "current_ratio": 532.17,
            "debt_ratio": 9.77,
            "inventory_turnover_ratio": 0.59,
            "account_receivable_turnover_ratio": 1.14,
            "reinvestment_rate": -20.79,
            "research_to_sale_ratio": 14.96,
            "price_fair": 28.75,
            "eps_avg_yearly": 0.82,
            "eps_latest_yearly": 1.24,
            "eps_growth_yearly": 140.33
        },
        "20212": {
            "year_quarter": 20212,
            "year": 2021,
            "quarter": 2,
            "eps": 0.31,
            "eps_growth_year": 3.33,
            "eps_4q": 1.09,
            "eps_4q_growth_year": 31.08,
            "roe": 2.4,
            "roe_4q": 8.739999999999998,
            "gross_profit": 63305,
            "gross_margin": 52.29,
            "gross_margin_4q_avg": 50.96,
            "net_income": 21390,
            "net_income_4q": null,
            "revenue": 121074,
            "revenue_4q": null,
            "common_shares": 694650,
            "book_valuer_per_share": 13,
            "book_valuer_per_share_4q_avg": 12.54,
            "equity": 903302,
            "current_ratio": 480.4,
            "debt_ratio": 11.12,
            "inventory_turnover_ratio": 0.63,
            "account_receivable_turnover_ratio": 1.13,
            "reinvestment_rate": -18.45,
            "research_to_sale_ratio": 16.37,
            "price_fair": 29.66,
            "eps_avg_yearly": 0.85,
            "eps_latest_yearly": 1.24,
            "eps_growth_yearly": 131.56
        },
        "20213": {
            "year_quarter": 20213,
            "year": 2021,
            "quarter": 3,
            "eps": 0.42,
            "eps_growth_year": 133.33,
            "eps_4q": 1.22,
            "eps_4q_growth_year": 68.82,
            "roe": 3.04,
            "roe_4q": 10.32,
            "gross_profit": 68552,
            "gross_margin": 49.47,
            "gross_margin_4q_avg": 51.66,
            "net_income": 30879,
            "net_income_4q": null,
            "revenue": 138566,
            "revenue_4q": null,
            "common_shares": 769992,
            "book_valuer_per_share": 14.61,
            "book_valuer_per_share_4q_avg": 13.17,
            "equity": 1125265,
            "current_ratio": 674.44,
            "debt_ratio": 9.36,
            "inventory_turnover_ratio": 0.74,
            "account_receivable_turnover_ratio": 1.14,
            "reinvestment_rate": -16.69,
            "research_to_sale_ratio": 10.12,
            "price_fair": 32.38,
            "eps_avg_yearly": 0.93,
            "eps_latest_yearly": 1.68,
            "eps_growth_yearly": 142.51
        },
        "20214": {
            "year_quarter": 20214,
            "year": 2021,
            "quarter": 4,
            "eps": 0.18,
            "eps_growth_year": -39.05,
            "eps_4q": 1.14,
            "eps_4q_growth_year": 24.92,
            "roe": 1.22,
            "roe_4q": 9.14,
            "gross_profit": 69085,
            "gross_margin": 48.88,
            "gross_margin_4q_avg": 51.19,
            "net_income": 13778,
            "net_income_4q": null,
            "revenue": 141327,
            "revenue_4q": null,
            "common_shares": 769992,
            "book_valuer_per_share": 14.83,
            "book_valuer_per_share_4q_avg": 13.79,
            "equity": 1141718,
            "current_ratio": 675.08,
            "debt_ratio": 9.76,
            "inventory_turnover_ratio": 0.85,
            "account_receivable_turnover_ratio": 1.19,
            "reinvestment_rate": -17.15,
            "research_to_sale_ratio": 17.85,
            "price_fair": 33.51,
            "eps_avg_yearly": 0.96,
            "eps_latest_yearly": 0.72,
            "eps_growth_yearly": 141.86
        },
        "20221": {
            "year_quarter": 20221,
            "year": 2022,
            "quarter": 1,
            "eps": 0.27,
            "eps_growth_year": -12.9,
            "eps_4q": 1.12,
            "eps_4q_growth_year": 4.52,
            "roe": 1.78,
            "roe_4q": 8.44,
            "gross_profit": 65807,
            "gross_margin": 53.39,
            "gross_margin_4q_avg": 51.01,
            "net_income": 20547,
            "net_income_4q": null,
            "revenue": 123261,
            "revenue_4q": null,
            "common_shares": 769992,
            "book_valuer_per_share": 15.14,
            "book_valuer_per_share_4q_avg": 14.4,
            "equity": 1165663,
            "current_ratio": 785.84,
            "debt_ratio": 8.54,
            "inventory_turnover_ratio": 0.82,
            "account_receivable_turnover_ratio": 1.17,
            "reinvestment_rate": -18.06,
            "research_to_sale_ratio": 20.32,
            "price_fair": 34.83,
            "eps_avg_yearly": 1,
            "eps_latest_yearly": 1.08,
            "eps_growth_yearly": 119.36
        },
        "20222": {
            "year_quarter": 20222,
            "year": 2022,
            "quarter": 2,
            "eps": 0.43,
            "eps_growth_year": 38.71,
            "eps_4q": 1.17,
            "eps_4q_growth_year": 7.06,
            "roe": 2.83,
            "roe_4q": 8.870000000000001,
            "gross_profit": 90591,
            "gross_margin": 58.74,
            "gross_margin_4q_avg": 52.62,
            "net_income": 33485,
            "net_income_4q": null,
            "revenue": 154226,
            "revenue_4q": null,
            "common_shares": 769992,
            "book_valuer_per_share": 15.62,
            "book_valuer_per_share_4q_avg": 15.05,
            "equity": 1202988,
            "current_ratio": 759.1,
            "debt_ratio": 8.64,
            "inventory_turnover_ratio": 0.99,
            "account_receivable_turnover_ratio": 1.45,
            "reinvestment_rate": -19.66,
            "research_to_sale_ratio": 18.01,
            "price_fair": 35.61,
            "eps_avg_yearly": 1.02,
            "eps_latest_yearly": 1.72,
            "eps_growth_yearly": 88.34
        },
        "20223": {
            "year_quarter": 20223,
            "year": 2022,
            "quarter": 3,
            "eps": 0.55,
            "eps_growth_year": 30.95,
            "eps_4q": 1.3,
            "eps_4q_growth_year": 5.98,
            "roe": 3.43,
            "roe_4q": 9.26,
            "gross_profit": 107742,
            "gross_margin": 66.25,
            "gross_margin_4q_avg": 56.82,
            "net_income": 42099,
            "net_income_4q": null,
            "revenue": 162637,
            "revenue_4q": null,
            "common_shares": 769992,
            "book_valuer_per_share": 16.23,
            "book_valuer_per_share_4q_avg": 15.46,
            "equity": 1249369,
            "current_ratio": 727.09,
            "debt_ratio": 9.29,
            "inventory_turnover_ratio": 0.79,
            "account_receivable_turnover_ratio": 1.45,
            "reinvestment_rate": -19.95,
            "research_to_sale_ratio": 18.18,
            "price_fair": 38.24,
            "eps_avg_yearly": 1.09,
            "eps_latest_yearly": 2.2,
            "eps_growth_yearly": 101.94
        },
        "20224": {
            "year_quarter": 20224,
            "year": 2022,
            "quarter": 4,
            "eps": 0.51,
            "eps_growth_year": 185.52,
            "eps_4q": 1.65,
            "eps_4q_growth_year": 44.56,
            "roe": 3.4,
            "roe_4q": 11.44,
            "gross_profit": 109852,
            "gross_margin": 66.86,
            "gross_margin_4q_avg": 61.31,
            "net_income": 43273,
            "net_income_4q": null,
            "revenue": 164307,
            "revenue_4q": null,
            "common_shares": 846991,
            "book_valuer_per_share": 15.3,
            "book_valuer_per_share_4q_avg": 15.57,
            "equity": 1295657,
            "current_ratio": 655.61,
            "debt_ratio": 10.5,
            "inventory_turnover_ratio": 0.73,
            "account_receivable_turnover_ratio": 1.57,
            "reinvestment_rate": -16.95,
            "research_to_sale_ratio": 10.49,
            "price_fair": 41.74,
            "eps_avg_yearly": 1.19,
            "eps_latest_yearly": 2.04,
            "eps_growth_yearly": 114.12
        },
        "20231": {
            "year_quarter": 20231,
            "year": 2023,
            "quarter": 1,
            "eps": 0.52,
            "eps_growth_year": 92.59,
            "eps_4q": 1.93,
            "eps_4q_growth_year": 71.44,
            "roe": 3.37,
            "roe_4q": 13.03,
            "gross_profit": 96694,
            "gross_margin": 67.61,
            "gross_margin_4q_avg": 64.87,
            "net_income": 44449,
            "net_income_4q": null,
            "revenue": 143027,
            "revenue_4q": null,
            "common_shares": 846991,
            "book_valuer_per_share": 15.87,
            "book_valuer_per_share_4q_avg": 15.76,
            "equity": 1343767,
            "current_ratio": 707.99,
            "debt_ratio": 9.95,
            "inventory_turnover_ratio": 0.61,
            "account_receivable_turnover_ratio": 1.52,
            "reinvestment_rate": -15.21,
            "research_to_sale_ratio": 9.43,
            "price_fair": 45.41,
            "eps_avg_yearly": 1.3,
            "eps_latest_yearly": 2.08,
            "eps_growth_yearly": 116.88
        },
        "20232": {
            "year_quarter": 20232,
            "year": 2023,
            "quarter": 2,
            "eps": 0.74,
            "eps_growth_year": 72.09,
            "eps_4q": 2.16,
            "eps_4q_growth_year": 85.45,
            "roe": 4.69,
            "roe_4q": 14.89,
            "gross_profit": 116219,
            "gross_margin": 68,
            "gross_margin_4q_avg": 67.18,
            "net_income": 62349,
            "net_income_4q": null,
            "revenue": 170919,
            "revenue_4q": null,
            "common_shares": 846991,
            "book_valuer_per_share": 15.54,
            "book_valuer_per_share_4q_avg": 15.74,
            "equity": 1316281,
            "current_ratio": 318.91,
            "debt_ratio": 12.94,
            "inventory_turnover_ratio": 0.68,
            "account_receivable_turnover_ratio": 1.74,
            "reinvestment_rate": -14.76,
            "research_to_sale_ratio": 6.83,
            "price_fair": 48.56,
            "eps_avg_yearly": 1.39,
            "eps_latest_yearly": 2.96,
            "eps_growth_yearly": 57.46
        },
        "20233": {
            "year_quarter": 20233,
            "year": 2023,
            "quarter": 3,
            "eps": 0.47,
            "eps_growth_year": -14.55,
            "eps_4q": 2.15,
            "eps_4q_growth_year": 65.88,
            "roe": 3.08,
            "roe_4q": 14.540000000000001,
            "gross_profit": 108623,
            "gross_margin": 68.13,
            "gross_margin_4q_avg": 67.65,
            "net_income": 41366,
            "net_income_4q": null,
            "revenue": 159427,
            "revenue_4q": null,
            "common_shares": 889341,
            "book_valuer_per_share": 15.4,
            "book_valuer_per_share_4q_avg": 15.53,
            "equity": 1369159,
            "current_ratio": 372.04,
            "debt_ratio": 11.26,
            "inventory_turnover_ratio": 0.55,
            "account_receivable_turnover_ratio": 1.47,
            "reinvestment_rate": -14.25,
            "research_to_sale_ratio": 15.92,
            "price_fair": 50.23,
            "eps_avg_yearly": 1.44,
            "eps_latest_yearly": 1.88,
            "eps_growth_yearly": 54.92
        },
        "20234": {
            "year_quarter": 20234,
            "year": 2023,
            "quarter": 4,
            "eps": 0.2,
            "eps_growth_year": -61.17,
            "eps_4q": 1.86,
            "eps_4q_growth_year": 13.17,
            "roe": 1.29,
            "roe_4q": 12.43,
            "gross_profit": 102558,
            "gross_margin": 68.95,
            "gross_margin_4q_avg": 68.17,
            "net_income": 17664,
            "net_income_4q": null,
            "revenue": 148742,
            "revenue_4q": null,
            "common_shares": 889341,
            "book_valuer_per_share": 15.3,
            "book_valuer_per_share_4q_avg": 15.53,
            "equity": 1361103,
            "current_ratio": 471.61,
            "debt_ratio": 8.83,
            "inventory_turnover_ratio": 0.51,
            "account_receivable_turnover_ratio": 1.5,
            "reinvestment_rate": -13.89,
            "research_to_sale_ratio": 12.14,
            "price_fair": 51.01,
            "eps_avg_yearly": 1.46,
            "eps_latest_yearly": 0.8,
            "eps_growth_yearly": 55.74
        }
    },
    "months": {
        "2011-05": {
            "month": "2011-05",
            "price": "24.44",
            "revenue": 23343
        },
        "2011-06": {
            "month": "2011-06",
            "price": "24.31",
            "revenue": 12966
        },
        "2011-07": {
            "month": "2011-07",
            "price": "19.34",
            "revenue": 15206
        },
        "2011-08": {
            "month": "2011-08",
            "price": "20.17",
            "revenue": 12296
        },
        "2011-09": {
            "month": "2011-09",
            "price": "19.76",
            "revenue": 14782
        },
        "2011-10": {
            "month": "2011-10",
            "price": "18.16",
            "revenue": 12830
        },
        "2011-11": {
            "month": "2011-11",
            "price": "17.30",
            "revenue": 14289
        },
        "2011-12": {
            "month": "2011-12",
            "price": "15.53",
            "revenue": 14912
        },
        "2012-01": {
            "month": "2012-01",
            "price": "15.00",
            "revenue": 9842
        },
        "2012-02": {
            "month": "2012-02",
            "price": "18.88",
            "revenue": 17642
        },
        "2012-03": {
            "month": "2012-03",
            "price": "18.73",
            "revenue": 19194
        },
        "2012-04": {
            "month": "2012-04",
            "price": "17.81",
            "revenue": 24897
        },
        "2012-05": {
            "month": "2012-05",
            "price": "18.98",
            "revenue": 24425
        },
        "2012-06": {
            "month": "2012-06",
            "price": "18.44",
            "revenue": 20545
        },
        "2012-07": {
            "month": "2012-07",
            "price": "17.38",
            "revenue": 19843
        },
        "2012-08": {
            "month": "2012-08",
            "price": "18.18",
            "revenue": 20244
        },
        "2012-09": {
            "month": "2012-09",
            "price": "19.84",
            "revenue": 16302
        },
        "2012-10": {
            "month": "2012-10",
            "price": "19.58",
            "revenue": 18988
        },
        "2012-11": {
            "month": "2012-11",
            "price": "19.44",
            "revenue": 16024
        },
        "2012-12": {
            "month": "2012-12",
            "price": "20.99",
            "revenue": 14049
        },
        "2013-01": {
            "month": "2013-01",
            "price": "22.30",
            "revenue": 16488
        },
        "2013-02": {
            "month": "2013-02",
            "price": "23.78",
            "revenue": 16683
        },
        "2013-03": {
            "month": "2013-03",
            "price": "24.36",
            "revenue": 17682
        },
        "2013-04": {
            "month": "2013-04",
            "price": "32.34",
            "revenue": 24788
        },
        "2013-05": {
            "month": "2013-05",
            "price": "35.54",
            "revenue": 18232
        },
        "2013-06": {
            "month": "2013-06",
            "price": "32.98",
            "revenue": 20043
        },
        "2013-07": {
            "month": "2013-07",
            "price": "29.47",
            "revenue": 16583
        },
        "2013-08": {
            "month": "2013-08",
            "price": "30.88",
            "revenue": 18659
        },
        "2013-09": {
            "month": "2013-09",
            "price": "35.63",
            "revenue": 19548
        },
        "2013-10": {
            "month": "2013-10",
            "price": "41.85",
            "revenue": 21575
        },
        "2013-11": {
            "month": "2013-11",
            "price": "39.60",
            "revenue": 17066
        },
        "2013-12": {
            "month": "2013-12",
            "price": "51.31",
            "revenue": 26780
        },
        "2014-01": {
            "month": "2014-01",
            "price": "54.11",
            "revenue": 22523
        },
        "2014-02": {
            "month": "2014-02",
            "price": "56.61",
            "revenue": 17805
        },
        "2014-03": {
            "month": "2014-03",
            "price": "55.67",
            "revenue": 20728
        },
        "2014-04": {
            "month": "2014-04",
            "price": "50.86",
            "revenue": 25929
        },
        "2014-05": {
            "month": "2014-05",
            "price": "53.11",
            "revenue": 21128
        },
        "2014-06": {
            "month": "2014-06",
            "price": "55.93",
            "revenue": 20329
        },
        "2014-07": {
            "month": "2014-07",
            "price": "55.83",
            "revenue": 19730
        },
        "2014-08": {
            "month": "2014-08",
            "price": "47.30",
            "revenue": 22663
        },
        "2014-09": {
            "month": "2014-09",
            "price": "48.28",
            "revenue": 20682
        },
        "2014-10": {
            "month": "2014-10",
            "price": "46.18",
            "revenue": 18152
        },
        "2014-11": {
            "month": "2014-11",
            "price": "41.87",
            "revenue": 18149
        },
        "2014-12": {
            "month": "2014-12",
            "price": "41.03",
            "revenue": 17868
        },
        "2015-01": {
            "month": "2015-01",
            "price": "37.60",
            "revenue": 17877
        },
        "2015-02": {
            "month": "2015-02",
            "price": "34.05",
            "revenue": 12262
        },
        "2015-03": {
            "month": "2015-03",
            "price": "34.32",
            "revenue": 25538
        },
        "2015-04": {
            "month": "2015-04",
            "price": "36.74",
            "revenue": 22572
        },
        "2015-05": {
            "month": "2015-05",
            "price": "31.52",
            "revenue": 26446
        },
        "2015-06": {
            "month": "2015-06",
            "price": "26.67",
            "revenue": 25493
        },
        "2015-07": {
            "month": "2015-07",
            "price": "25.99",
            "revenue": 18962
        },
        "2015-08": {
            "month": "2015-08",
            "price": "20.36",
            "revenue": 24253
        },
        "2015-09": {
            "month": "2015-09",
            "price": "20.12",
            "revenue": 23557
        },
        "2015-10": {
            "month": "2015-10",
            "price": "24.17",
            "revenue": 22882
        },
        "2015-11": {
            "month": "2015-11",
            "price": "25.94",
            "revenue": 21494
        },
        "2015-12": {
            "month": "2015-12",
            "price": "23.90",
            "revenue": 19831
        },
        "2016-01": {
            "month": "2016-01",
            "price": "20.80",
            "revenue": 19528
        },
        "2016-02": {
            "month": "2016-02",
            "price": "22.17",
            "revenue": 20213
        },
        "2016-03": {
            "month": "2016-03",
            "price": "24.02",
            "revenue": 23701
        },
        "2016-04": {
            "month": "2016-04",
            "price": "23.28",
            "revenue": 26865
        },
        "2016-05": {
            "month": "2016-05",
            "price": "20.90",
            "revenue": 27862
        },
        "2016-06": {
            "month": "2016-06",
            "price": "21.13",
            "revenue": 25832
        },
        "2016-07": {
            "month": "2016-07",
            "price": "23.33",
            "revenue": 25090
        },
        "2016-08": {
            "month": "2016-08",
            "price": "24.26",
            "revenue": 31224
        },
        "2016-09": {
            "month": "2016-09",
            "price": "25.71",
            "revenue": 31774
        },
        "2016-10": {
            "month": "2016-10",
            "price": "24.75",
            "revenue": 34966
        },
        "2016-11": {
            "month": "2016-11",
            "price": "24.50",
            "revenue": 29816
        },
        "2016-12": {
            "month": "2016-12",
            "price": "24.12",
            "revenue": 39784
        },
        "2017-01": {
            "month": "2017-01",
            "price": "24.29",
            "revenue": 26666
        },
        "2017-02": {
            "month": "2017-02",
            "price": "25.05",
            "revenue": 27046
        },
        "2017-03": {
            "month": "2017-03",
            "price": "23.82",
            "revenue": 38971
        },
        "2017-04": {
            "month": "2017-04",
            "price": "21.55",
            "revenue": 37075
        },
        "2017-05": {
            "month": "2017-05",
            "price": "20.76",
            "revenue": 40192
        },
        "2017-06": {
            "month": "2017-06",
            "price": "22.12",
            "revenue": 40589
        },
        "2017-07": {
            "month": "2017-07",
            "price": "23.55",
            "revenue": 40657
        },
        "2017-08": {
            "month": "2017-08",
            "price": "23.50",
            "revenue": 32492
        },
        "2017-09": {
            "month": "2017-09",
            "price": "23.40",
            "revenue": 32476
        },
        "2017-10": {
            "month": "2017-10",
            "price": "23.10",
            "revenue": 36583
        },
        "2017-11": {
            "month": "2017-11",
            "price": "24.21",
            "revenue": 43294
        },
        "2017-12": {
            "month": "2017-12",
            "price": "23.19",
            "revenue": 31553
        },
        "2018-01": {
            "month": "2018-01",
            "price": "22.26",
            "revenue": 38009
        },
        "2018-02": {
            "month": "2018-02",
            "price": "20.22",
            "revenue": 30081
        },
        "2018-03": {
            "month": "2018-03",
            "price": "22.55",
            "revenue": 38347
        },
        "2018-04": {
            "month": "2018-04",
            "price": "32.41",
            "revenue": 30215
        },
        "2018-05": {
            "month": "2018-05",
            "price": "29.60",
            "revenue": 40565
        },
        "2018-06": {
            "month": "2018-06",
            "price": "33.32",
            "revenue": 43330
        },
        "2018-07": {
            "month": "2018-07",
            "price": "30.66",
            "revenue": 33156
        },
        "2018-08": {
            "month": "2018-08",
            "price": "30.57",
            "revenue": 39576
        },
        "2018-09": {
            "month": "2018-09",
            "price": "27.71",
            "revenue": 40346
        },
        "2018-10": {
            "month": "2018-10",
            "price": "24.47",
            "revenue": 22280
        },
        "2018-11": {
            "month": "2018-11",
            "price": "21.05",
            "revenue": 27358
        },
        "2018-12": {
            "month": "2018-12",
            "price": "22.80",
            "revenue": 44417
        },
        "2019-01": {
            "month": "2019-01",
            "price": "24.04",
            "revenue": 25671
        },
        "2019-02": {
            "month": "2019-02",
            "price": "26.77",
            "revenue": 26889
        },
        "2019-03": {
            "month": "2019-03",
            "price": "26.80",
            "revenue": 39676
        },
        "2019-04": {
            "month": "2019-04",
            "price": "26.97",
            "revenue": 32453
        },
        "2019-05": {
            "month": "2019-05",
            "price": "23.99",
            "revenue": 41394
        },
        "2019-06": {
            "month": "2019-06",
            "price": "24.32",
            "revenue": 53615
        },
        "2019-07": {
            "month": "2019-07",
            "price": "26.56",
            "revenue": 30289
        },
        "2019-08": {
            "month": "2019-08",
            "price": "25.16",
            "revenue": 39758
        },
        "2019-09": {
            "month": "2019-09",
            "price": "25.89",
            "revenue": 50601
        },
        "2019-10": {
            "month": "2019-10",
            "price": "25.20",
            "revenue": 30837
        },
        "2019-11": {
            "month": "2019-11",
            "price": "24.65",
            "revenue": 42738
        },
        "2019-12": {
            "month": "2019-12",
            "price": "24.91",
            "revenue": 38276
        },
        "2020-01": {
            "month": "2020-01",
            "price": "24.14",
            "revenue": 23576
        },
        "2020-02": {
            "month": "2020-02",
            "price": "23.04",
            "revenue": 25071
        },
        "2020-03": {
            "month": "2020-03",
            "price": "17.90",
            "revenue": 54679
        },
        "2020-04": {
            "month": "2020-04",
            "price": "21.51",
            "revenue": 29423
        },
        "2020-05": {
            "month": "2020-05",
            "price": "26.84",
            "revenue": 37740
        },
        "2020-06": {
            "month": "2020-06",
            "price": "29.16",
            "revenue": 49206
        },
        "2020-07": {
            "month": "2020-07",
            "price": "27.90",
            "revenue": 26159
        },
        "2020-08": {
            "month": "2020-08",
            "price": "25.53",
            "revenue": 37624
        },
        "2020-09": {
            "month": "2020-09",
            "price": "23.83",
            "revenue": 51287
        },
        "2020-10": {
            "month": "2020-10",
            "price": "22.94",
            "revenue": 19463
        },
        "2020-11": {
            "month": "2020-11",
            "price": "22.94",
            "revenue": 39604
        },
        "2020-12": {
            "month": "2020-12",
            "price": "22.82",
            "revenue": 63858
        },
        "2021-01": {
            "month": "2021-01",
            "price": "22.79",
            "revenue": 24423
        },
        "2021-02": {
            "month": "2021-02",
            "price": "23.48",
            "revenue": 37945
        },
        "2021-03": {
            "month": "2021-03",
            "price": "28.47",
            "revenue": 48641
        },
        "2021-04": {
            "month": "2021-04",
            "price": "33.38",
            "revenue": 29919
        },
        "2021-05": {
            "month": "2021-05",
            "price": "33.23",
            "revenue": 43113
        },
        "2021-06": {
            "month": "2021-06",
            "price": "35.40",
            "revenue": 48042
        },
        "2021-07": {
            "month": "2021-07",
            "price": "41.01",
            "revenue": 35208
        },
        "2021-08": {
            "month": "2021-08",
            "price": "66.74",
            "revenue": 47965
        },
        "2021-09": {
            "month": "2021-09",
            "price": "58.06",
            "revenue": 55392
        },
        "2021-10": {
            "month": "2021-10",
            "price": "52.38",
            "revenue": 56849
        },
        "2021-11": {
            "month": "2021-11",
            "price": "55.58",
            "revenue": 43406
        },
        "2021-12": {
            "month": "2021-12",
            "price": "54.31",
            "revenue": 41072
        },
        "2022-01": {
            "month": "2022-01",
            "price": "47.42",
            "revenue": 36137
        },
        "2022-02": {
            "month": "2022-02",
            "price": "43.69",
            "revenue": 40754
        },
        "2022-03": {
            "month": "2022-03",
            "price": "41.70",
            "revenue": 46371
        },
        "2022-04": {
            "month": "2022-04",
            "price": "41.90",
            "revenue": 39471
        },
        "2022-05": {
            "month": "2022-05",
            "price": "37.22",
            "revenue": 52411
        },
        "2022-06": {
            "month": "2022-06",
            "price": "41.39",
            "revenue": 62372
        },
        "2022-07": {
            "month": "2022-07",
            "price": "43.35",
            "revenue": 46993
        },
        "2022-08": {
            "month": "2022-08",
            "price": "43.25",
            "revenue": 56342
        },
        "2022-09": {
            "month": "2022-09",
            "price": "45.27",
            "revenue": 59273
        },
        "2022-10": {
            "month": "2022-10",
            "price": "37.23",
            "revenue": 50288
        },
        "2022-11": {
            "month": "2022-11",
            "price": "40.61",
            "revenue": 52287
        },
        "2022-12": {
            "month": "2022-12",
            "price": "47.18",
            "revenue": 61732
        },
        "2023-01": {
            "month": "2023-01",
            "price": "48.12",
            "revenue": 43249
        },
        "2023-02": {
            "month": "2023-02",
            "price": "59.58",
            "revenue": 42159
        },
        "2023-03": {
            "month": "2023-03",
            "price": "56.99",
            "revenue": 57619
        },
        "2023-04": {
            "month": "2023-04",
            "price": "58.44",
            "revenue": 52371
        },
        "2023-05": {
            "month": "2023-05",
            "price": "62.41",
            "revenue": 56153
        },
        "2023-06": {
            "month": "2023-06",
            "price": "59.66",
            "revenue": 62395
        },
        "2023-07": {
            "month": "2023-07",
            "price": "62.50",
            "revenue": 54086
        },
        "2023-08": {
            "month": "2023-08",
            "price": "58.20",
            "revenue": 60919
        },
        "2023-09": {
            "month": "2023-09",
            "price": "56.44",
            "revenue": 44422
        },
        "2023-10": {
            "month": "2023-10",
            "price": "50.29",
            "revenue": 45765
        },
        "2023-11": {
            "month": "2023-11",
            "price": "47.82",
            "revenue": 55645
        },
        "2023-12": {
            "month": "2023-12",
            "price": "48.18",
            "revenue": 47332
        },
        "2024-01": {
            "month": "2024-01",
            "price": "45.96",
            "revenue": 51182
        },
        "2024-02": {
            "month": "2024-02",
            "price": "47.35",
            "revenue": 37384
        }
    }
}
